1433 2460
575 132 698 163 LIBER
722 134 747 161 l.
1221 144 1262 172 79

64 192 176 239 Quod
187 204 303 241 genus
314 190 387 227 hoc
397 190 606 236 hominum,
615 203 748 239 quaeve
759 190 861 226 hunc
875 200 950 226 tam
962 189 1125 228 barbara
1136 204 1282 228 morem

63 251 247 289 Permittit
262 251 406 301 patria?
426 250 593 300 hospitio
610 249 861 300 prohibemur
878 253 1020 288 arenae!

1216 260 1263 289 5⁴⁹0

61 312 162 349 Bella
182 312 299 357 cient,
318 312 515 362 primaque
531 320 661 349 vetant
679 311 885 349 consistere
904 320 1015 350 terra.

63 373 103 409 Si
119 386 236 423 genus
251 372 459 409 humanum
479 380 516 409 et
536 372 710 408 mortalia
727 372 892 409 temnitis
911 386 1015 409 arma
1029 402 1038 418 ,

62 435 111 469 At
127 441 275 482 sperate
295 433 386 469 deos
405 445 590 469 memores
608 431 711 469 sandi
734 442 848 482 atque
867 433 1029 470 nefandi.

62 495 145 529 Rex
164 501 245 530 erat
261 495 396 530 AEneas
413 493 540 540 nobis,
563 506 640 543 quo
652 494 794 544 justior
812 494 925 539 alter,

61 554 141 589 Nec
158 553 296 602 pietate
315 553 385 589 suit
404 567 474 590 nec
491 553 591 590 bello
611 554 731 604 major
749 562 785 590 et
807 554 931 590 armis.

1221 564 1269 591 545

64 614 187 658 Quem
203 613 233 649 si
256 613 331 649 fata
348 613 473 650 virum
492 623 662 660 servant,
679 614 710 650 si
729 614 896 651 vescitur
913 626 1004 650 aura

65 774 140 820 γεὶς.
152 776 216 806 vid.
232 776 343 807 Cerda.
361 778 536 815 Superante
551 775 634 810 salo,

64 822 234 859 fluctibus,
256 824 338 852 victa
357 832 374 851 a
394 823 487 851 maris
508 832 543 851 ac
562 832 636 862 pro-

64 869 215 899 cellarum
234 870 267 897 vi
288 869 509 909 navigantium
524 876 590 898 arte
606 875 639 898 et

64 915 181 946 labore.
206 917 253 944 Ita
274 926 343 956 sup.
366 914 449 944 vicit
467 914 587 952 hiems,
607 922 638 945 et

65 962 120 992 inf.
141 963 190 999 11,
214 962 276 991 311
297 962 442 991 Vulcano
458 969 637 1001 superante.

65 1007 276 1045 Adnavimus,
295 1009 477 1049 appulimus
488 1031 496 1045 ,
514 1015 550 1038 ut
562 1019 637 1049 poe-

65 1062 105 1085 tae
118 1055 231 1086 solent.

114 1103 191 1142 539.
209 1102 297 1131 IVam
307 1112 408 1145 genus
425 1100 482 1131 boc
495 1100 526 1131 Ῐι.
541 1100 639 1131 Goth.

65 1159 127 1179 sec
146 1150 254 1189 Quoeo
241 1158 336 1177 ‘renus
345 1143 418 1177 Ιιαέ
431 1146 461 1178 Ιι.
474 1148 638 1189 fragment.

66 1197 183 1225 Moret.
213 1194 343 1235 Quodn
330 1205 359 1224 σ.
387 1202 434 1224 est
447 1193 477 1224 lz.
512 1196 639 1235 Menag.

67 1253 115 1282 pr.
142 1243 222 1281 Quoe
243 1217 343 1270 Ιιιιηεὸ
349 1247 410 1270 tres
425 1240 509 1281 apud
529 1241 640 1271 Heius.

68 1299 176 1328 qnoeve
204 1295 270 1317 tam
297 1287 383 1317 Leid.
411 1289 518 1318 Potest
544 1288 642 1317 inter-

66 1335 165 1376 puugi
185 1344 194 1364 τ
218 1334 314 1374 Quod
332 1344 435 1376 genus
459 1333 519 1363 hoe
542 1333 642 1363 homi—

68 1391 143 1410 num
155 1385 171 1410 :²
190 1391 234 1411 sc.
249 1387 305 1410 est.
320 1380 381 1411 Sed
399 1391 467 1411 non
479 1380 541 1410 hoc
554 1391 641 1421 quae-

66 1428 94 1457 ri
105 1434 249 1468 poterat;
264 1437 375 1457 verum
391 1436 398 1458 :
414 1429 470 1468 qui
484 1427 640 1465 homines,

67 1484 139 1515 quae
159 1473 291 1514 patria,
312 1484 385 1514 quae
406 1480 470 1504 tam
488 1474 640 1512 barbara,

67 1528 114 1550 est
126 1519 196 1550 haec
204 1528 288 1550 terra
296 1528 417 1557 vestra,
432 1528 468 1550 ut
481 1522 643 1561 permittat

68 1567 154 1597 hunc
167 1567 365 1597 1110181119-
375 1568 506 1597 Furium
515 1590 524 1603 ‚
538 1569 604 1597 sive
616 1569 642 1597 is

68 1614 116 1643 Μ.
132 1615 245 1644 Furius
259 1614 371 1644 Antias
393 1624 450 1643 seu
474 1614 643 1644 Bibaculus

71 1659 148 1696 fuit,
164 1661 210 1689 VI
232 1660 349 1690 Annal.
363 1661 522 1700 praeivisse
540 1668 643 1701 poetae

71 1705 214 1735 Macrob.
230 1707 288 1742 VI,
308 1716 335 1743 1,
352 1707 510 1736 existimat
524 1716 532 1737 :
551 1708 647 1747 Quod

69 1762 169 1791 genus
190 1751 250 1781 Ιιοε
269 1751 433 1781 hominum
445 1756 461 1781 .³
482 1754 640 1789 Saturno,

70 1804 200 1834 sancte,
225 1804 341 1829 create.
362 1798 423 1829 Sed
439 1808 481 1827 ex
495 1799 544 1828 his
557 1805 588 1828 et
605 1801 645 1828 si-

72 1845 201 1875 milibus
224 1851 317 1886 poeta
338 1845 394 1873 vix
416 1844 554 1874 multum
570 1856 645 1885 pro-

70 1891 166 1921 ficere
186 1892 311 1931 potuit3
329 1901 389 1920 nee
404 1901 464 1920 nos
482 1901 522 1920 ex
535 1891 646 1921 talium

71 1938 319 1979 comparatione.
333 1938 528 1977 Antiquitati
542 1944 647 1968 tamen

71 1984 207 2015 debetur
228 1983 309 2020 hoc,
335 1994 375 2013 ne
397 1985 464 2021 ejus
482 1986 647 2014 auctorita-

71 2028 135 2060 tem
155 2032 190 2061 in
210 2029 260 2060 his
281 2030 488 2071 negligamus,
501 2048 550 2052 —
567 2032 646 2071 Qaae

72 2085 139 2107 tam
152 2076 289 2107 barbara
301 2076 430 2117 patria,
454 2084 537 2107 terra
548 2100 556 2114 ‚
577 2088 646 2118 per-

74 2123 188 2160 mittie;
207 2124 321 2154 Graeco
347 2134 435 2154 more
457 2135 517 2165 pro
539 2134 548 2155 z
573 2135 646 2165 quae

73 2177 157 2200 terra
179 2177 242 2200 tam
265 2170 406 2201 barbara>
424 2178 471 2200 est
497 2171 584 2208 haec,
611 2178 647 2201 ut

73 2217 256 2257 permittat?
266 2235 312 2240 —-
324 2218 401 2254 540.
416 2217 562 2258 Hospitio
573 2229 648 2258 pro-

74 2262 218 2294 hibemur
229 2274 355 2303 arenoe,
372 2271 501 2303 ornate3
523 2275 584 2306 pro
596 2287 604 2303 ,
629 2275 645 2294 a

690 775 784 804 litore
794 797 802 811 ,
824 774 864 804 ab
877 785 1009 804 escensu
1022 776 1057 805 in
1071 776 1162 813 litus3
1191 788 1266 808 mox

686 821 831 862 primam
850 829 970 851 terram
987 821 1080 853 dixit.

741 869 817 904 542.
843 870 990 909 Agnosce
1012 870 1130 909 poetici
1149 880 1269 900 sermo-

691 916 740 944 nis
761 915 922 952 indolem;
947 926 1008 956 pro
1029 916 1187 947 abstracto
1210 926 1218 947 :
1245 919 1271 946 si

692 960 944 998 humanitatem,
974 962 1180 993 humanitatis
1196 964 1269 1002 jura

693 1015 724 1037 et
736 1008 845 1038 officia
855 1032 864 1045 ‚
885 1016 917 1038 et
930 1009 1102 1039 vindictam
1124 1010 1250 1048 injuriae
1261 1033 1269 1046 ‚

694 1065 790 1094 quam
808 1055 948 1085 humana
967 1057 1013 1085 ira
1038 1057 1164 1098 exigere
1179 1067 1196 1086 a
1217 1068 1271 1087 vo-

694 1100 743 1130 his
762 1109 866 1142 potest
890 1102 979 1143 (haec
997 1104 1082 1132 enim
1101 1110 1177 1133 sunt
1192 1114 1272 1133 mor-

695 1147 776 1176 talia
794 1159 887 1177 arma
900 1148 922 1189 )‚
938 1160 997 1189 pro
1010 1149 1113 1180 nihilo
1130 1149 1246 1179 ducitis
1262 1160 1270 1180 2

694 1194 804 1224 saltem
827 1195 907 1224 illud
928 1203 1091 1236 reputate,
1112 1195 1188 1226 deos
1205 1207 1271 1226 esse

692 1241 770 1278 justi
786 1242 961 1282 injustique
978 1243 1176 1282 inspectores
1189 1243 1272 1281 inju-

695 1287 813 1328 riaeque
827 1287 904 1317 adeo
919 1288 1050 1325 ultores3
1061 1289 1136 1318 θεῶν
1156 1285 1187 1318 δ’
1197 1287 1273 1319 ὐπο-

695 1328 821 1364 ὃείσσιτε
837 1335 925 1376 μῆνιν
950 1334 1066 1375 Odyss.
1093 1333 1131 1373 β,
1157 1335 1211 1371 46.
1232 1337 1271 1365 111

694 1388 820 1421 sperate
836 1382 917 1410 inest
933 1383 1022 1411 notio
1042 1383 1096 1412 τοῦ
1117 1389 1274 1420 metuere,

695 1428 784 1467 quod
804 1427 954 1468 frequens
975 1435 1021 1458 est
1044 1429 1164 1458 Graecis
1189 1429 1273 1459 Lati-

695 1474 809 1514 nisque
821 1476 934 1514 poetis,

745 1522 822 1557 544.
848 1522 1047 1552 OEconomia
1068 1523 1217 1551 carminis
1238 1523 1274 1552 in

696 1567 759 1598 hoc
772 1578 911 1597 occursu
924 1570 1031 1598 AEneae
1047 1575 1079 1598 et
1092 1570 1253 1599 sociorum
1265 1591 1273 1604 ,

697 1620 729 1643 et
755 1615 790 1643 in
819 1614 938 1644 horum
969 1614 1118 1645 laudibus
1146 1618 1274 1651 AEneae,

698 1671 792 1700 quem
805 1661 997 1702 ignorabant
1011 1671 1061 1691 eas
1077 1661 1189 1691 audire
1198 1683 1207 1698 ‚
1229 1669 1276 1691 est

697 1707 859 1747 praeclara.
874 1707 996 1737 Iustior
1002 1707 1137 1748 pietate,
1154 1715 1191 1737 ut
1203 1707 1275 1736 vnl-

698 1763 738 1793 go
762 1754 855 1794 jungi
887 1753 1000 1791 video,
1036 1754 1115 1783 mihi
1147 1752 1276 1794 quidem

699 1799 904 1828 durissimum
917 1799 1054 1830 videtur.
1066 1800 1216 1830 Praestat'
1205 1810 1277 1838 Jun-

699 1855 771 1885 gere
795 1852 826 1874 et
848 1847 1101 1886 interpungere.
1115 1848 1191 1886 Quo
1211 1845 1279 1887 j-us

701 1898 764 1920 tzor
777 1891 878 1928 alter,
900 1893 1018 1931 Άσερ.
1033 1892 1066 1922 h.
1086 1903 1113 1923 e.
1131 1902 1196 1932 quo
1219 1903 1278 1922 nec

701 1937 778 1966 alter
789 1938 924 1976 justior,
947 1949 1007 1968 nec
1024 1939 1123 1976 major
1138 1939 1201 1968 fuit
1214 1939 1278 1980 pie-

702 1990 784 2021 tate,
809 1984 892 2014 bello
911 1992 942 2014 et
955 1986 1059 2016 armis.
1075 1977 1276 2028 Ᾰυ.φῦ’τερον,

700 2028 828 2068 βασιλεύ
831 2033 897 2061 ;τ’
926 2029 970 2075 εἴη
973 2030 1044 2067 αθὲς
1075 2042 1206 2076 κρατεεο
1210 2034 1277 2068 ςτ’

699 2087 731 2106 α.
725 2089 780 2119 ,χμ
774 2088 853 2112 ,τε-ης
857 2077 915 2115 ‚de
924 2080 1174 2120 Agamemnone.
1175 2056 1275 2110 Iliad.

698 2134 741 2167 Ὗ,
765 2135 801 2153 ῐ”
789 2136 839 2164 9

749 2172 835 2208 546,
864 2172 940 2210 547.
959 2172 1053 2202 Vesci
1079 2182 1161 2202 aura
1194 2174 1275 2202 anti-

700 2228 801 2258 quum
814 2225 876 2256 est,
893 2225 925 2248 et
936 2229 978 2248 ex
989 2220 1136 2255 Lucretio
1149 2225 1276 2255 notum,

700 2275 759 2305 pro
775 2263 858 2306 frui.
889 2265 1031 2296 Occubat
1055 2265 1191 2303 umbris,
1223 2276 1278 2296 ex-
