1433 2460
206 122 266 157 148

703 123 895 153 AENEmos

202 182 294 219 Fida
312 179 421 225 satis,
443 179 578 226 sensit,
601 179 744 216 medios
762 181 936 231 delapsus
957 181 992 217 in
1015 181 1145 218 hostis.

202 240 428 289 Obstupuit,
446 247 623 290 retroque
641 241 774 291 pedem
791 256 876 278 cum
894 255 985 279 voci·
1007 243 1195 292 repressit.

202 301 453 351 Improvisum
472 302 591 351 aspris
608 303 724 340 veluti
742 304 806 353 qui
828 304 997 341 sentibus
1015 317 1176 354 anguem

201 363 336 399 Pressit
355 362 458 399 humi
475 363 596 399 nitens
610 392 619 409 ,
637 364 884 414 trepidusque
902 375 1056 415 repente
1078 366 1215 415 refugit

1349 373 1396 398 380

201 423 453 461 Adtollentcm
472 423 565 469 iras,
579 433 614 461 ct
631 425 769 461 caerula
787 425 882 461 colla
900 434 1105 462 tumentem
1125 441 1135 472 ;

199 485 311 521 Haud
330 498 435 521 secus
456 485 681 535 Androgeus
699 485 780 521 visu
800 486 1041 523 tremefactus
1057 487 1198 524 abibat.

199 545 410 591 Inruimus,
426 545 550 582 densis
566 553 602 581 et
620 545 962 582 circumfundimur
979 548 1111 593 armis3

200 610 432 657 Ignarosquc
450 607 520 642 loci
538 607 676 656 passim
694 614 729 643 ct
753 607 954 642 formidine
972 615 1102 656 captos

198 668 419 705 Stcrnimus.
440 667 620 717 Adspirat
638 667 762 717 primo
782 667 932 704 fortuna
951 668 1085 705 labori.

1351 679 1398 703 385

199 731 323 776 Atque
344 726 404 764 hie
424 741 597 764 successu
620 728 810 764 exsultans
828 729 1038 778 animisque
1058 729 1259 776 Coroebus,

199 808 213 823 «ι
233 791 267 827 Ο
288 789 398 836 socii,
415 802 490 839 qua
511 789 650 840 prima,
671 790 812 838 inquit,
835 790 986 827 fortuna
1007 791 1137 828 salutis

198 852 386 887 Monstrat
402 849 492 895 iter,
510 863 661 899 quaque
682 849 845 887 ostendit
862 864 901 886 se
919 849 1070 895 (lextra,
1089 863 1303 901 sequamur.

200 913 392 947 Mutcmus
409 910 580 960 clypeos,
598 913 848 960 Danaumque
870 910 1030 960 insignia
1051 911 1161 948 nobis

199 975 382 1021 Aptemus
401 987 408 1007 :
429 971 556 1017 dolus,
575 985 621 1007 an
644 972 783 1016 virtus,
805 972 888 1021 quis
911 972 949 1008 in
968 972 1076 1009 hoste
1094 973 1285 1022 requirat?

197 1103 276 1133 lexit
296 1113 328 1132 se
352 1104 386 1133 in
407 1102 531 1132 hostem
550 1101 709 1132 incidisse.
725 1120 772 1126 —

198 1152 275 1188 377.
293 1150 451 1190 Delapsus
467 1149 612 1179 meliores
624 1173 632 1187 ‚
651 1156 687 1179 ut
701 1151 771 1180 Me-

198 1197 260 1227 dic.
288 1196 374 1227 Gud.
397 1207 413 1226 a
436 1207 477 1225 m.
498 1207 546 1236 pr.
567 1198 683 1227 Moret.
699 1207 768 1236 pr.‚

196 1245 273 1274 item
287 1243 339 1273 alii
356 1255 405 1284 ap.
428 1244 530 1280 Pier.;
554 1254 570 1272 v
612 1254 696 1273 nares
723 1243 770 1272 di-

199 1291 317 1330 lapsus.
347 1292 409 1330 Ap.
432 1290 581 1320 Priscian.
601 1291 715 1321 XVIII
733 1289 772 1320 ἱί-

199 1337 324 1377 lapsus,
347 1338 404 1377 qui
424 1337 670 1377 iuterpretatur,
687 1348 719 1367 se
739 1337 773 1367 il-

199 1384 324 1424 lapsum
351 1394 426 1413 esse.
459 1383 519 1413 Sed
540 1383 602 1414 hoc
626 1386 772 1425 prosaico

197 1432 349 1471 propius:
363 1430 410 1459 ad
422 1429 517 1459 hostis
530 1431 624 1461 etiam
637 1432 774 1461 nonnul-

196 1477 219 1507 li
236 1477 320 1518 apud
333 1478 483 1507 Pierium.

245 1525 402 1564 379—38
413 1535 439 1554 1.
451 1524 534 1553 Hinc
551 1524 604 1554 alii
619 1526 772 1556 certatim.

199 1572 335 1612 Propius
367 1572 407 1601 ad
433 1572 527 1600 Hom.
559 1572 677 1601 Juven.
710 1574 771 1602 Sat.

199 1618 230 1654 I,
255 1620 295 1653 43
321 1625 398 1648 uoto
422 1627 515 1647 versu
537 1626 544 1646 ;
566 1617 714 1653 Palleat,
741 1626 775 1647 ut

198 1664 292 1694 nudis
317 1664 433 1705 pressit
465 1663 522 1703 qui
545 1663 683 1693 culcibus
712 1675 772 1693 (111-

192 1721 300 1751 guem.
316 1729 363 1735 ——-
384 1712 484 1745 Humi
502 1709 624 1744 nitens,
658 1711 772 1751 pedem

198 1755 299 1797 figens
319 1768 326 1788 τ
346 1758 546 1788 attollentem
572 1757 654 1792 iras,
682 1757 714 1787 h.
743 1768 770 1788 e.

198 1811 294 1845 caput
308 1805 424 1835 iratum
434 1827 442 1841 ‚
466 1804 608 1844 adeoque
623 1804 773 1844 simplici-

195 1857 253 1888 ter,
273 1853 445 1893 erigentem
458 1862 501 1887 se,
521 1850 571 1880 vel
586 1857 692 1890 caput,
705 1861 772 1890 prae

194 1898 239 1926 ira
265 1905 296 1928 et
318 1898 415 1928 rabie.
431 1898 495 1927 vid.
512 1897 569 1927 lib.
585 1898 634 1926 111
650 1897 767 1937 Georg.

198 1950 260 1979 421
291 1954 298 1975 ι
327 1945 556 1984 tollentemque
585 1943 710 1980 minas,
739 1951 771 1973 et

195 1990 288 2020 sibila
312 1992 399 2021 colla
424 1998 609 2021 tumentem.
629 2008 677 2013 --
691 1991 768 2020 382.

196 2039 269 2066 Post
286 2049 410 2068 versum
437 2039 501 2076 378
519 2038 625 2068 abesse
645 2043 771 2078 poterat

194 2083 271 2112 alter
284 2084 346 2115 hic.
362 2087 444 2115 Eum
458 2086 596 2115 otiosum
612 2095 688 2121 esse,
703 2094 770 2113 sen-

193 2130 233 2159 sit
257 2141 383 2171 quoque
406 2134 474 2162 Jos.
497 2131 661 2162 Schrader.
685 2140 692 2160 :
713 2130 768 2160 sed

192 2175 276 2206 idem
301 2178 379 2207 bene
409 2179 590 2208 observavit
621 2178 769 2208 similitu-

190 2222 297 2253 dinem
313 2226 471 2255 Homerici
485 2225 557 2262 loci,
572 2237 612 2256 ex
622 2236 686 2266 quo
699 2225 767 2254 haec

191 2281 337 2311 expressa
355 2271 495 2301 diximus
511 2281 518 2302 ε
540 2273 628 2303 Iliad.
654 2284 695 2316 γ,
725 2272 763 2302 31

1349 982 1396 1015 390

826 1099 1013 1146 κατεπλήγη
1024 1107 1083 1132 etc.
1096 1109 1127 1132 et
1139 1103 1180 1133 36
1193 1097 1325 1139 ὣςαῦθις
1337 1110 1395 1134 etc.

874 1150 950 1179 388.
970 1150 1041 1189 Qua
1055 1150 1192 1179 ostendit
1205 1161 1237 1179 se
1251 1150 1367 1180 dextra
1385 1162 1395 1180 .-

824 1195 952 1226 fortuna
966 1206 998 1225 se
1011 1196 1175 1232 dextram,
1193 1196 1349 1227 faventem
1363 1208 1398 1226 ac.

824 1244 995 1283 propitiam
1006 1266 1014 1280 ‚
1043 1243 1200 1279 ostendit,
1226 1243 1315 1285 quod
1330 1245 1378 1276 VI
1388 1267 1396 1282 ‚

826 1290 869 1329 96
887 1291 959 1331 Qua
979 1297 1034 1320 tna
1059 1289 1234 1332 tesortuna
1250 1290 1341 1321 sinet.
1352 1309 1399 1314 —

828 1338 904 1378 389.
920 1338 1085 1379 Insigm'a,
1105 1338 1155 1367 vel
1169 1337 1207 1367 de
1221 1338 1398 1379 clipeorum

825 1385 1005 1425 insignibus
1023 1395 1058 1415 ac
1074 1384 1264 1425 sculpturis,
1291 1385 1341 1414 vel
1361 1384 1400 1414 de

826 1431 920 1472 galeis
947 1439 978 1461 et
1002 1433 1113 1468 crista;
1143 1432 1266 1471 poetica
1296 1438 1400 1461 tamen

828 1479 948 1508 ratione
961 1479 1021 1520 ipsi
1035 1477 1134 1518 clipei
1142 1485 1217 1508 sunt
1236 1477 1378 1520 insignia
1389 1501 1398 1514 ,

827 1572 976 1608 niuntur,
999 1578 1034 1600 ut
1051 1581 1127 1601 mox
1145 1570 1241 1611 clipei
1255 1571 1402 1613 insigne,·

827 1618 893 1654 vel,
926 1625 963 1647 ut
987 1618 1110 1654 malim,
1133 1618 1266 1648 omnino
1297 1628 1400 1655 arma,

827 1664 944 1703 quibus
958 1666 1090 1703 Trojaui
1105 1674 1121 1693 a
1135 1664 1255 1694 Graecis
1273 1664 1400 1706 dignos-

828 1711 856 1739 ci
877 1717 1034 1751 poterant.
1058 1710 1142 1741 Illud
1162 1718 1266 1741 tamen
1289 1722 1400 1741 verum

826 1763 872 1785 est
883 1779 891 1794 ,
908 1758 941 1785 in
955 1759 1098 1799 tragicis,
1116 1757 1196 1787 forte
1209 1765 1240 1787 et
1253 1758 1287 1788 in
1303 1758 1400 1799 cycli-

827 1804 886 1839 cis,
912 1803 1113 1835 Achivorum
1137 1810 1169 1833 et
1186 1805 1399 1843 Trojauorum

826 1850 945 1890 clipeos
969 1851 1103 1892 insignia
1132 1850 1272 1889 habere3
1304 1858 1335 1881 et
1360 1862 1400 1880 ex

824 1898 1017 1937 tragicorum
1036 1909 1097 1927 usu
1117 1897 1238 1927 dictum
1252 1908 1317 1927 esse
1334 1898 1397 1937 392

823 1943 920 1983 clipei
940 1944 1085 1985 insigne,
1109 1954 1168 1985 pro
1191 1943 1312 1983 clipeo}
1342 1945 1398 1984 qui

823 1991 946 2031 insigne
964 1990 1069 2021 habet.
1085 1992 1134 2020 De
1149 1991 1324 2020 mutatione
1343 2001 1398 2020 au-

824 2043 887 2066 tem
904 2037 1079 2077 clipeorum
1090 2037 1129 2068 cf.
1139 2040 1231 2068 Pans.
1243 2038 1300 2074 IV,
1315 2037 1355 2066 28
1374 2037 1395 2067 f.

823 2085 932 2113 Potuit
969 2083 1118 2113 subnasci
1152 2089 1254 2125 poetae
1292 2085 1398 2114 animo

822 2137 1041 2160 commentum
1061 2132 1207 2160 Hectoris
1231 2131 1396 2172 exemplo,

821 2177 877 2217 qui
895 2176 1026 2206 ademtis
1045 2178 1189 2207 Patroclo
1208 2187 1288 2207 caeso
1303 2179 1397 2207 armis

821 2223 953 2253 indutus
973 2223 1008 2253 in
1030 2235 1170 2265 pugnam
1196 2223 1305 2265 prodit
1326 2233 1334 2254 :
1357 2234 1393 2266 ρ,

827 2270 889 2300 186
903 2281 971 2312 sqq.
982 2288 1029 2294 —-
1040 2272 1117 2312 390.
1134 2271 1253 2306 Dolus,
1271 2281 1315 2300 αη
1329 2270 1397 2301 vir-
