1433 2460
161 120 224 150 350
632 118 853 150 excvssst‘s
880 121 906 148 11

155 186 184 208 ct
200 179 238 207 nd
265 177 364 217 μη),
391 187 480 217 posse
510 177 596 206 cerui
619 186 627 207 :
650 178 708 207 nisi
737 178 817 206 sorte
839 177 879 206 ab
895 176 1097 214 homiuibus,
1118 179 1174 218 qui
1189 176 1354 219 θεῦφιλεῖς,

156 244 171 261 a
199 232 258 261 diis·
287 232 379 261 amati
405 239 507 261 essent
531 242 538 262 :
565 231 650 262 οὔπω
677 230 739 276 ’γὰρ
766 231 914 263 πάντεσσι
937 229 997 262 θεοὶ
1018 230 1179 274 φαίνονται
1199 231 1356 275 ἐναργεῖς,

155 286 270 326 θός».
287 296 330 322 π,
352 286 423 316 ιϋι.
441 288 559 316 Contra
572 285 708 327 χαλεπιὶ
722 284 756 316 δὲ
773 285 932 328 φαίνεσθαι
950 286 1107 330 ἐναργεῖς,
1127 285 1243 316 tuatim
1255 307 1263 323 ,
1283 286 1357 315 131.

157 340 195 370 cf.
213 341 371 380 Spauhein
387 341 510 372 callim.
523 344 586 382 Ap.
603 353 634 382 9.
652 343 786 382 Quoties
799 343 896 382 igitur
912 342 988 372 alios
1003 343 1147 372 homines
1167 340 1281 371 adeant
1295 340 1338 370 dii
1349 362 1358 377 ‚

155 396 258 434 specie
278 406 331 425 cos
352 395 489 425 humana
512 403 648 425 assumta
667 396 728 425 illis
746 407 934 433 occurrerc;
959 408 1022 426 «35η-
1040 408 1115 426 xero
1131 396 1272 426 divinam
1290 405 1360 435 spe-

157 449 236 478 ciem
250 449 388 479 humana
405 451 554 489 majorem
568 474 576 487 ,
593 451 749 492 longeque
769 450 1006 491 pulcliriore1n;
1027 452 1132 491 itaque
1148 452 1272 489 quoties
1287 448 1359 490 pul-

157 503 338 533 chritudine
352 505 484 544 insignis
501 505 614 545 aliquis
628 505 768 535 mortalis
784 516 849 534 sese
863 505 978 542 offert,
999 516 1118 535 numen
1133 505 1193 534 sub
1209 515 1243 534 ea
1257 505 1360 545 specie

154 559 250 588 latere
267 560 418 600 suspicari
437 560 539 589 solent
550 583 558 597 ‚
576 561 660 602 ut'iu
676 562 806 602 Hyinno
822 562 854 590 in
869 561 1004 602 Dionys,
1027 571 1065 600 19
1077 583 1085 597 ,
1102 570 1144 589 20
1157 569 1273 600 :porro
1286 559 1361 589 deos

155 613 242 642 nube
259 613 356 643 modo
373 613 521 643 candenti
536 613 633 643 modo
650 614 819 655 caliginosa
837 615 966 644 amictos
983 613 1023 643 ad
1041 613 1204 651 homines,
1229 613 1361 654 quibus-

154 678 226 697 cum
243 675 359 709 agunt,
378 667 535 698 accedere.
553 670 635 708 Qum
651 669 757 698 omnia
779 679 852 697 cum
875 678 1026 697 sensuum
1041 674 1226 698 nostrorum
1238 667 1361 706 judicio

155 723 196 751 ila
211 723 383 761 conjuncta
397 729 488 760 sunt,
511 729 546 751 ut
568 724 712 752 omniurn
728 730 907 763 temporum
923 723 1181 763 populorumque
1194 723 1358 763 opinione,

156 778 215 806 nisi
229 779 284 818 qui
301 785 355 807 aut
371 778 515 808 belluino
531 787 619 807 more
634 779 747 807 vivunt
761 784 816 807 aut
831 777 870 807 ad
886 787 1041 807 summam
1056 777 1290 819 philosophiam
1307 788 1361 808 ex-

153 832 246 872 politi
260 840 335 862 sunt
345 856 353 870 ‚
372 840 496 873 recepta
513 844 547 862 ea
563 833 692 863 fuerint.
703 834 775 864 Jam
790 833 816 862 si
832 831 865 862 in
880 831 1046 862 hominum
1060 839 1278 873 conspectum,
1295 833 1362 872 qui-

155 887 288 917 buscum
306 895 409 918 tamen
431 896 548 929 agunt,
577 889 709 918 omnino
727 899 791 918 non
813 888 954 918 veniunt
973 887 1021 918 dii
1034 899 1045 917 .·
1063 887 1168 918 solent
1185 887 1249 918 fere
1265 888 1361 918 verba

154 951 264 971 eorum
282 949 404 972 tantum
420 942 544 979 audiri,
564 942 682 981 quibus
699 943 724 972 is
736 965 743 979 ‚
764 953 859 982 quem
880 941 1109 982 alloquuntur,
1130 942 1220 972 facile
1239 951 1360 972 numen

153 1006 323 1037 agnoscere
338 1003 462 1037 potest,
482 996 533 1026 vel
549 996 638 1036 quod
655 996 733 1025 deus
748 1006 841 1026 suum
859 1006 976 1026 nomeu
991 995 1107 1025 effatur
1117 1019 1126 1033 ‚
1143 996 1194 1026 vel
1208 995 1295 1037 quod
1308 995 1360 1026 dei

154 1060 219 1079 vox
231 1050 295 1088 jam
309 1049 386 1079 olim
400 1057 476 1079 nota
490 1057 521 1079 et
536 1050 651 1090 saepius
667 1049 772 1079 audita
789 1057 864 1080 erat.
881 1051 927 1079 lta
945 1050 1074 1091 Ulysses
1087 1049 1199 1091 (Iliad.
1215 1061 1229 1080 ν
1240 1073 1250 1087 ,
1271 1050 1308 1080 5ι
1319 1049 1360 1091 2)

153 1111 183 1133 et
201 1104 342 1134 Achilles
362 1104 400 1134 de
419 1105 576 1134 Minervae
597 1105 649 1134 vel
667 1111 844 1145 conspectae
864 1114 942 1134 voce
964 1104 1046 1134 nihil
1064 1103 1233 1143 dubitant,
1253 1111 1283 1134 et
1302 1115 1359 1134 no-

154 1167 222 1189 tum
241 1161 348 1197 Ajacis
368 1158 448 1189 illud
475 1160 561 1200 apud
584 1159 797 1200 Sophoclem:
814 1161 840 1189 Ω
855 1158 969 1203 φθέγμ’
985 1150 1104 1194 leat-m<
1127 1157 1275 1200 φιλτάτης
1293 1155 1360 1202 ἐμοὶ

153 1215 227 1244 θεῶν
240 1216 245 1244 !
260 1207 299 1250 1⁷23
318 1213 445 1257 εὐμαθές
468 1224 538 1251 σου,
558 1212 616 1244 κᾶν
634 1213 776 1250 ἄποπτος
792 1210 842 1256 ἧς,
861 1213 942 1257 ὅμως
961 1212 1085 1256 ΦώνἉμ’
1101 1211 1206 1244 ἀκούω
1222 1220 1282 1244 etc.
1303 1214 1360 1243 Di-

153 1280 242 1299 versa
262 1271 342 1299 ratio
359 1276 422 1306 est,
449 1279 511 1309 qua
528 1269 667 1310 Apollo,
696 1269 786 1300 Iliad.
802 1280 846 1306 π,
875 1269 939 1308 788
963 1279 1032 1309 sqq.
1051 1269 1124 1299 loco
1142 1268 1225 1298 inter
1240 1277 1359 1308 paucos

153 1323 320 1364 splendido
331 1345 339 1361 ‚
361 1325 507 1354 Patroclo
518 1346 527 1361 ,
546 1326 604 1354 etsi
619 1325 741 1354 invisus
752 1347 760 1362 ‚
782 1331 934 1354 terrorem
949 1321 1068 1354 inferts

199 1380 255 1409 Sin
269 1378 302 1408 in
322 1386 526 1419 conspectum
545 1379 686 1409 veniunt
703 1379 749 1409 dii
768 1379 934 1421 rnang'fiesti
947 1390 957 1408 :
972 1378 1079 1409 divina
1092 1379 1197 1419 specie
1208 1401 1217 1416 ‚
1234 1378 1296 1409 hoc
1312 1386 1358 1409 est

153 1433 285 1471 majores
304 1443 339 1462 ac
359 1433 559 1474 pulchriores
582 1433 722 1463 humana
744 1434 862 1470 forma,
893 1441 961 1463 tuln
984 1439 1153 1474 apparent3
1181 1432 1280 1462 multa
1293 1432 1358 1462 fere

152 1488 224 1519 luce
238 1489 350 1519 oculos
364 1488 551 1519 obtundunt
567 1499 575 1519 :
590 1490 634 1518 ita
650 1496 686 1518 ut
699 1488 768 1518 haec
787 1489 854 1529 ipsa
867 1489 925 1518 lux
940 1489 1139 1529 praesentiam
1154 1489 1298 1519 numinis
1314 1498 1358 1518 ar-

152 1553 249 1583 guere
264 1543 420 1574 credatur.
435 1545 486 1574 Sic
501 1543 557 1574 inf.
574 1544 633 1580 lv,
652 1543 716 1573 358
732 1545 804 1583 Ipse
817 1543 910 1572 deum
927 1542 1171 1583 (Mercurium)
1188 1541 1357 1583 manifesto

154 1598 187 1627 in
199 1598 321 1628 lumine
334 1598 407 1628 vidi
416 1599 594 1627 lucrantem
610 1608 733 1633 muros,
752 1607 929 1637 vocemque
938 1595 986 1625 his
1001 1595 1128 1625 auribus
1142 1595 1244 1626 hausi.
1256 1597 1358 1627 Etiam

152 1653 244 1693 plena
259 1653 330 1682 luce
348 1653 464 1682 domus
491 1659 696 1689 memoratur,
708 1663 740 1682 v.
753 1662 780 1682 c,
791 1653 912 1692 Hymn.
923 1652 957 1680 in
972 1651 1078 1681 Cerer.
1098 1650 1159 1680 188
1173 1672 1181 1687 ‚
1206 1660 1281 1690 190,
1298 1649 1356 1680 ubi

152 1708 192 1738 cf.
215 1707 346 1738 Ruhnk.
370 1707 539 1737 Interdum
563 1714 669 1737 tamen
687 1706 726 1736 ad
745 1713 898 1736 terrorem
922 1707 1028 1736 omnia
1055 1712 1234 1746 comparata
1257 1712 1356 1735 sunt:

151 1765 270 1804 species
282 1786 290 1800 ‚
307 1763 412 1801 oculi,
431 1762 578 1800 hahitus;
595 1763 638 1792 ita
656 1762 744 1792 nube
764 1762 934 1802 caliginosa
948 1769 979 1791 et
994 1768 1060 1791 atra
1077 1761 1183 1791 amicti
1198 1765 1274 1790 sunt
1292 1759 1356 1797 dii,

151 1819 308 1846 utVenus
321 1816 378 1847 lib.
393 1818 457 1847 XII
467 1839 476 1853 ‚
496 1823 514 1852 4
524 1816 573 1847 16.
591 1818 678 1847 Juno
692 1826 769 1846 vero
784 1826 856 1845 cum
871 1815 1010 1856 procella
1024 1815 1124 1852 venit,
1134 1814 1190 1845 lib.
1205 1816 1257 1850 Xs
1270 1814 1334 1844 633
1349 1824 1356 1844 :

153 1871 233 1901 coelo
257 1882 300 1902 se,
310 1872 455 1910 protinus
475 1872 542 1900 alto
564 1871 655 1901 Misit
673 1881 775 1912 agens
790 1869 923 1900 hiemem
935 1893 944 1907 ‚
972 1869 1080 1900 nimbo
1096 1868 1276 1906 succincta,
1297 1879 1361 1909 per

153 1937 260 1956 auras.
283 1928 455 1955 Enimvero
474 1926 536 1955 hoc
555 1931 677 1969 spectzit
696 1926 760 1963 jam
785 1926 917 1965 propius
939 1925 979 1954 ad
996 1924 1068 1963 illa,
1093 1935 1164 1965 quae
1186 1933 1203 1953 a
1224 1923 1356 1954 consilio

152 1988 262 2011 nostro
286 1981 386 2010 aliena
409 1987 501 2018 sunt,
528 1991 600 2010 cum
619 1981 754 2010 deorum
770 1981 936 2021 praesentia
953 1990 1080 2010 omnem
1097 1986 1242 2009 naturam
1262 1989 1356 2008 sensu

152 2034 258 2074 aliquo
277 2034 469 2074 perfundere
486 2034 627 2065 creditur
641 2057 650 2072 ,
664 2033 742 2064 dum
757 2034 801 2064 dii
811 2057 820 2071 ‚
840 2033 937 2063 modo
952 2044 1026 2063 cum
1040 2034 1139 2069 aeris,
1163 2038 1334 2062 ventorum
1345 2055 1353 2069 ‚

153 2089 310 2128 marisque
335 2089 561 2129 tranquillitate
586 2096 617 2119 et
644 2099 728 2118 aurae
752 2088 878 2118 silentio
896 2087 1095 2116 adveniunt:
1113 2087 1147 2115 in
1171 2095 1266 2126 quam
1289 2096 1354 2116 rem

151 2142 221 2172 loca
242 2150 388 2183 congesta
402 2155 432 2174 v.
453 2144 549 2184 apud.
564 2142 700 2174 Valken.
721 2143 761 2172 ad
780 2142 915 2173 Theocr.
933 2151 966 2178 2,
980 2141 1020 2170 38
1038 2150 1046 2171 :
1062 2139 1158 2170 modo
1184 2147 1353 2170 ventorum

154 2198 287 2227 marisve
313 2198 465 2228 tumultus
489 2198 688 2239 praesentiam
711 2196 762 2226 dei
787 2196 900 2237 arguit.
921 2195 1002 2225 Cum
1018 2194 1068 2224 his
1086 2195 1266 2232 conjunctae
1280 2202 1354 2225 sunt

155 2250 331 2293 ἐπιφάνειαν.
344 2252 477 2283 deorum
491 2253 525 2283 in
539 2252 683 2293 templis,
700 2251 761 2283 sub
779 2261 940 2282 sacrorum
961 2250 1154 2281 sollennium
1176 2256 1230 2281 ant
1244 2259 1354 2280 oracu-
