1433 2460
604 58 727 87 mmm
753 57 777 86 1.
920 37 925 44 ’
1251 61 1289 91 47

93 118 257 156 Servitio
277 125 440 166 premet,
459 128 502 152 ac
518 114 628 151 victis
651 112 910 150 dominabitur
926 112 1048 162 Argis.
1244 122 1290 145 ass

91 180 276 215 Nascetur
291 175 450 226 pulchra
466 175 652 225 Trojanus
670 173 816 222 origiue
833 176 978 218 Caesar,

92 239 298 288 Imperium
317 239 491 281 Oceano,
513 236 650 273 samam
670 235 736 284 qui
758 233 932 270 terminet
954 233 1080 279 astris;

90 299 229 344 Julius,
251 311 271 334 a
292 309 428 346 magno
449 295 650 332 demissum
668 306 805 330 nomen
827 293 935 329 Iulo:

90 361 200 396 Hunc
221 367 260 395 tu
278 358 367 394 olim
384 358 498 402 coelo,
514 356 642 406 spoliis
664 355 832 392 Orientis
853 363 1030 390 onustum
1042 382 1052 399 ‚

88 418 267 468 Adcipies
287 430 437 463 sccura3
460 415 661 452 vocabitur
682 414 744 450 hic
764 426 917 463 quoquc
938 413 1047 449 votis.

1242 429 1290 454 ²90

88 482 233 529 Aspera
253 488 332 515 tum
352 477 484 527 positis
500 477 696 512 mitescent
712 475 848 512 saecula
865 474 984 510 bellis.

88 541 188 576 Cana
202 538 333 583 Fides,
350 547 386 574 ct
406 539 519 573 Vesta
532 564 541 581 ,
558 538 676 572 Remo
698 548 783 571 cum
802 535 918 571 fratrc
940 533 1123 579 Quirinus
1135 561 1146 578 ,

88 601 181 635 Jura
199 597 362 643 dabunt3
380 596 471 633 dirae
489 596 590 633 ferro
608 604 644 632 et
662 594 910 644 compagibus
929 593 1019 630 artis

89 763 147 783 nec
164 764 230 783 non
256 764 312 793 per
326 756 432 794 Argos
445 776 453 789 ‚
485 763 566 792 quos
594 759 662 781 tum

88 799 255 830 Diomedes
274 800 398 829 tenebat
416 799 528 840 (Iliad.
547 797 582 836 β,
598 800 662 838 559

87 846 154 886 sq.)
168 857 176 881 ;
193 853 282 875 eraut
298 853 402 875 tamen
424 846 469 874 illi
484 852 578 875 tautae
597 852 663 874 tum

88 893 267 933 dignitatis,
297 899 333 921 ut
369 892 458 932 apud
488 894 664 921 Homerum

87 946 151 968 tota
170 939 291 968 Graecia
312 949 368 979 per
387 941 508 980 Argos,
533 945 563 968 et
578 945 664 968 totus

87 986 244 1014 exercitus
262 985 452 1025 Argivorum
470 986 598 1014 nomine
617 985 664 1013 in-

87 1033 268 1072 signiretur.
299 1032 358 1062 Inf.
384 1033 446 1068 VI,
479 1032 544 1070 839
564 1033 665 1060 Eruet

88 1076 143 1107 ille
171 1079 294 1117 Argos,
323 1077 664 1118 Agamemnoniasque

88 1125 254 1163 stlycenas.
293 1125 482 1153 Gravissima
510 1123 664 1153 vocabula

92 1177 123 1199 et
136 1172 194 1199 ista
210 1180 218 1201 ε
230 1169 360 1200 Ser-uitio
377 1178 501 1209 premet
511 1188 557 1193 ——
568 1169 666 1199 domi-

93 1216 228 1247 nubitur.

140 1263 204 1291 286
221 1272 306 1301 seqq.
327 1262 381 1291 Ad
395 1263 576 1302 August-um
588 1262 665 1291 rest·-

91 1319 140 1337 ras
158 1308 244 1338 haud
260 1308 358 1337 dubie
380 1310 486 1338 verius
510 1319 604 1348 quam
626 1308 665 1337 ad

91 1355 213 1385 Iulium
251 1355 403 1385 Caesarem
430 1365 504 1383 cum
532 1355 661 1390 Servio,

93 1401 193 1431 Cerda
217 1408 248 1431 et
278 1401 346 1430 aliis
373 1412 422 1441 ap.
448 1402 557 1431 Burm.
583 1403 665 1432 Nam

92 1458 151 1477 nec
177 1455 330 1477 terrarum
355 1448 525 1487 imperium
542 1458 572 1478 v.
601 1448 663 1485 287

92 1493 181 1523 facile
201 1495 314 1525 Caesari
335 1494 490 1523 tribuitur
501 1516 509 1530 ,
524 1504 626 1534 neque
643 1493 669 1523 is

92 1540 199 1580 spoliis
235 1540 372 1569 Orientis
399 1547 545 1577 onustus,
564 1551 668 1580 neque

93 1587 132 1616 ab
147 1598 184 1617 eo
200 1597 264 1627 pax
278 1587 421 1616 restituta
436 1598 466 1616 v,
486 1597 561 1626 290.
584 1588 666 1617 Con-

94 1639 139 1662 tra
150 1633 188 1662 de
198 1635 344 1674 Augusto
357 1633 411 1663 issa
426 1632 547 1673 ubique
558 1633 666 1670 obvia3

94 1690 124 1709 v.
140 1680 223 1719 inpr.
243 1682 314 1709 AEn.
331 1681 394 1715 VI,
412 1680 474 1718 793
504 1690 551 1719 sq,
578 1682 618 1709 Et
640 1679 667 1708 is

96 1726 226 1754 Cwsar:
251 1724 354 1753 Julius
372 1725 550 1765 adoptionis
572 1726 642 1764 jure
655 1748 664 1762 ‚

94 1771 169 1800 hinc
190 1770 342 1811 Trojamts
353 1793 361 1805 ‚
380 1771 419 1800 ab
434 1772 572 1800 Ascanio
587 1774 666 1801 Tro·

91 1818 167 1855 jauo
181 1827 280 1857 genus
296 1816 414 1846 ducens
428 1827 436 1853 3
452 1817 555 1856 itaque
564 1817 668 1846 Julius

94 1873 209 1892 nomen
226 1862 395 1891 demissum
414 1874 435 1891 (ι
452 1873 571 1903 magno
584 1863 666 1900 Iulo,

93 1909 126 1939 h.
144 1920 171 1939 e.
191 1916 337 1938 nascetur
353 1910 454 1940 Caesar
464 1932 473 1946 ,
488 1909 595 1939 Julius
610 1920 669 1938 no-

94 1957 198 1992 mine,
215 1955 302 1994 quod
326 1966 443 1985 nomen
476 1955 515 1984 ab
540 1956 611 1985 Iulo
635 1956 670 1985 in

95 2013 168 2035 eum
186 2002 284 2031 veuit.
304 2000 443 2031 Pulchra
462 2001 582 2042 on'gine
596 2002 668 2031 sim-

96 2049 196 2089 plicit.
217 2048 309 2078 clara.
325 2049 391 2078 Nec
405 2047 444 2077 ad
453 2050 610 2077 Venerem
622 2059 668 2078 re-

97 2095 174 2135 spici
195 2105 286 2135 posse
312 2101 413 2134 puto,
427 2104 485 2136 per
506 2095 660 2124 sermonis

99 2151 204 2171 usum.

147 2187 224 2226 289.
239 2187 306 2218 Alii
317 2188 394 2218 olim
409 2187 572 2219 honestum
582 2211 591 2225 ‚
608 2198 669 2219 sec.

715 754 803 782 Serv.
813 757 924 780 natum
934 750 1055 780 scilicet
1065 761 1105 779 ex
1112 749 1292 789 honustum,

715 804 753 827 ut
776 798 986 827 scribebatur.
997 798 1148 826 ——Hunc
1165 815 1211 819 —
1224 808 1294 838 spo-

717 843 769 874 liis
799 844 939 873 Orientis
964 852 1121 873 onustum.
1144 845 1222 873 Haec
1241 844 1295 873 illa

717 898 870 931 perpetua
896 897 1062 931 poetarum
1082 891 1294 931 inprimisque

718 938 847 977 Virgilii
875 936 913 966 de
943 938 1082 978 Augusti
1102 938 1137 965 in
1161 937 1293 967 Parthos

717 984 920 1024 expeditione
938 983 1131 1012 vaticinatio.
1155 984 1240 1013 conf.
1254 983 1294 1012 ad

718 1031 835 1071 Georg.
863 1030 920 1060 lib.
947 1031 995 1066 II,
1018 1040 1091 1068 170.
1120 1030 1232 1070 Neque
1259 1031 1294 1059 in

717 1087 820 1106 unum
839 1084 960 1106 certum
984 1087 1103 1105 annum
1126 1087 1160 1105 ea
1180 1087 1293 1116 cogere

718 1134 844 1153 necesse
869 1129 934 1159 est3
955 1124 1034 1163 quin
1046 1146 1054 1158 ‚
1074 1122 1152 1152 adeo
1168 1130 1239 1152 ante
1254 1124 1295 1152 si-

719 1180 779 1210 gna
805 1181 821 1198 a
839 1168 961 1199 Parthis
989 1168 1130 1205 reddita,
1151 1170 1296 1208 poeticus

717 1216 838 1256 ingenii
850 1215 956 1244 fervor
969 1215 1036 1244 haec
1049 1216 1092 1246 ita
1102 1222 1186 1244 recte
1202 1215 1295 1244 effer-

718 1272 751 1290 re
768 1262 883 1302 potuit.
894 1279 941 1284 —--
953 1272 1029 1301 290.
1053 1260 1222 1301 Adspicies
1239 1263 1295 1291 Fa-

718 1307 810 1336 bricii
840 1318 897 1337 mS.
925 1318 999 1336 cum
1039 1307 1136 1337 Goth.
1164 1313 1236 1338 tert.
1267 1314 1298 1337 ct

718 1360 858 1393 quatuor
873 1353 958 1393 apud
972 1355 1080 1384 Burm.
1096 1354 1152 1394 qui
1162 1353 1298 1394 accipies

719 1400 824 1430 Schol.
842 1400 960 1439 Cruqu.
978 1402 1090 1430 Horat.
1110 1401 1297 1430 auctoritate

721 1452 752 1475 et
771 1446 829 1476 Ge.
847 1448 861 1476 I
874 1468 883 1483 ‚
899 1446 939 1475 28
966 1453 998 1475 et
1024 1454 1053 1476 te
1069 1445 1233 1475 maximus
1250 1458 1297 1476 or—

721 1492 766 1521 bis
779 1511 826 1515 —
841 1491 1002 1532 Accipiat.
1028 1492 1088 1523 Sed
1103 1499 1150 1522 est
1164 1494 1297 1523 omnino

723 1540 866 1579 granius,
887 1546 918 1568 et
940 1539 1034 1568 habet
1051 1539 1124 1579 plus
1142 1537 1298 1583 ἐνεργείας

718 1592 865 1626 respectu
875 1587 1020 1616 Veneris.
1035 1587 1086 1616 Sic
1100 1597 1130 1616 v.
1152 1586 1216 1626 259
1227 1587 1296 1616 sub-

719 1631 890 1672 limemque
905 1632 1006 1674 feres.
1026 1649 1073 1655 -—-
1089 1633 1207 1662 Secura
1218 1656 1227 1669 ‚
1243 1644 1297 1662 ne-

720 1680 805 1708 mine
828 1679 1065 1716 intercedente,
1085 1681 1216 1709 Junone
1233 1679 1297 1718 pla-

721 1732 798 1755 cata.
827 1725 1000 1754 Vocabitur
1024 1725 1074 1754 Ιιῐι·
1095 1735 1220 1765 quoque
1236 1736 1295 1754 vo·

721 1771 774 1806 tis,
806 1772 957 1811 praeclare
995 1771 1134 1800 honores
1171 1770 1297 1801 divinos

719 1816 884 1846 habendos
912 1818 1060 1856 Augusto
1084 1816 1241 1854 ostendit,
1260 1823 1298 1846 ut

723 1863 839 1902 Georg.
854 1864 887 1898 1,
908 1869 962 1898 42.

769 1918 847 1948 291.
876 1909 929 1938 Ad
951 1911 1070 1939 Janum
1087 1909 1231 1939 clausum
1253 1911 1295 1940 U.

724 1956 758 1986 C.
781 1956 845 1993 725
869 1962 901 1984 et
923 1965 1033 1996 pacem
1057 1966 1114 1996 per
1139 1963 1296 1985 terrarum

721 2001 832 2031 orbem
847 2003 1025 2031 restitutam
1040 2009 1124 2032 recte
1145 2002 1295 2034 refertur.

721 2048 760 2078 cf.
775 2049 867 2088 Virg.
883 2050 951 2078 vit.
968 2048 1007 2078 ad
1021 2047 1054 2078 h.
1066 2059 1093 2078 a.
1108 2049 1176 2079 Nec
1190 2055 1296 2079 tamen

721 2094 798 2124 hinc
824 2094 960 2134 probare
990 2095 1102 2135 aliquis
1126 2095 1295 2135 suscipiat,

723 2140 785 2170 hoc
799 2142 868 2181 ipso
890 2151 973 2171 anno
987 2142 1128 2182 primum
1145 2140 1295 2177 AEneidoa

724 2187 844 2217 librum
873 2198 938 2223 esse
971 2188 1136 2229 scriptum.
1169 2187 1296 2225 Speculq
