1433 2460
561 129 685 160 LIBER
709 129 751 159 II.
916 129 919 131 ’
1198 137 1210 156 1
1219 127 1235 157 3
1243 127 1259 156 5

62 189 253 234 Substitit,
271 197 384 237 atque
401 195 510 224 utero
531 188 695 224 sonitum
716 196 852 237 quater
869 201 972 225 arma
989 187 1138 225 dedere.

61 256 246 289 Instamus
268 258 391 286 tamen
412 249 650 301 immemores
674 249 839 299 caeciqu'c
858 250 1005 298 surore,

59 314 106 348 Et
122 320 332 348 monstrum
348 309 479 346 infelix
494 318 640 346 sacrata
656 310 821 347 sistimus
843 324 940 347 arce.
1215 317 1262 347 24⁵

60 374 166 408 Tunc
182 371 295 407 etiam
316 370 400 407 satis
421 370 542 420 aperit
562 369 772 407 Cassandra
794 371 932 407 futuris

61 432 157 475 Ora,
175 430 235 467 dei
248 430 356 479 jussu
374 443 449 466 non
470 444 637 480 unquam
657 431 800 467 credita
817 431 986 468 Teucris.

59 493 138 528 Nos
155 490 314 527 delubra
329 491 442 527 deum
462 492 607 537 miseri,
626 492 765 542 quibus
784 492 937 528 ultimus
957 499 1054 529 esset

61 550 128 587 Ille
149 550 247 597 dies,
269 551 362 587 festa
378 551 546 588 velamus
565 552 698 588 fronde
717 566 785 602 per
803 552 949 588 urbem.

111 610 284 646 Vertitur
301 611 446 647 interea
462 612 616 656 coelum,
637 620 672 647 et
692 613 769 647 ruit
789 623 931 647 occano
952 623 1050 655 nox,
1219 618 1267 642 250

61 671 262 708 Involvens
278 670 414 707 umbra
430 684 565 721 inagna
592 681 826 720 terramque,
847 671 1054 720 polumque
1072 697 1082 715 ,

62 832 105 862 ita
129 831 280 872 appellari
309 830 403 860 debet
424 838 556 872 propter
583 842 636 861 au-

62 885 151 920 gusta
169 878 284 918 templa
303 885 333 907 et
349 878 531 919 religione53
551 885 582 908 et
597 889 637 908 ex

62 935 194 965 persona
218 925 264 964 pii
288 926 394 954 AEneae
428 924 497 954 haec
527 935 636 965 accep-

64 971 108 1000 tio
137 977 182 1000 est
203 971 512 1001 com-enienn'ssima.
539 973 590 1001 Sic
607 978 638 1001 et

63 1018 97 1046 iu
116 1028 216 1048 numo
235 1028 283 1058 ap.
308 1016 437 1047 Eckhel.
454 1020 494 1048 V.
517 1018 552 1048 C.
568 1020 636 1048 Nu-

63 1064 107 1092 mi
124 1070 185 1094 vet.
206 1063 316 1094 anecd.
332 1075 364 1104 p.
387 1074 448 1102 1¹50
463 1064 540 1093 urbs
557 1064 636 1093 Ger-

64 1110 273 1150 manicopolis
302 1110 449 1151 Paphlag.
482 1110 566 1139 dicta
592 1117 638 1140 est

65 1153 151 1185 ἑστία
163 1156 238 1186 θεῶν
251 1166 258 1172 ·
274 1164 310 1186 ut
329 1163 359 1185 et
373 1156 410 1186 de
427 1156 494 1186 aliis
505 1156 639 1186 urbibus

64 1201 186 1232 dictum
207 1203 421 1232 meminimus.
439 1204 586 1233 Ceterum
607 1214 637 1234 v.

67 1254 128 1284 241
154 1255 240 1278 totus
261 1249 426 1278 Ennianus
448 1260 513 1279 esse
539 1249 639 1279 fertur

65 1293 149 1334 apud
164 1295 308 1325 Servium
317 1317 326 1332 ‚
338 1295 458 1325 scilicet
470 1297 504 1325 in
515 1296 636 1326 verbis:

68 1341 96 1370 Ο
106 1348 216 1380 pater,
237 1352 255 1370 o
267 1341 396 1381 patria,
414 1352 432 1370 o
445 1341 573 1371 Priami
584 1343 640 1372 clo-

65 1397 142 1417 mus.
168 1398 199 1418 ν.
217 1387 274 1418 inf.
291 1387 330 1417 ad
347 1389 424 1419 502.
440 1390 533 1419 Vers.
551 1395 634 1425 242,

67 1434 131 1468 243
143 1432 183 1462 ad
197 1435 302 1464 omina
312 1436 492 1475 pertinent,
503 1446 573 1475 quae
582 1447 641 1476 pu-

66 1479 132 1509 tide
172 1481 358 1521 exsequitur
401 1482 541 1521 Quintus
573 1483 638 1513 Cal.

65 1526 148 1562 XII,
165 1537 196 1556 v.
212 1532 275 1567 491
292 1537 360 1567 sqq.
376 1529 530 1568 Expressa
541 1538 639 1558 enos-

64 1577 115 1601 tro
141 1582 206 1602 esse
235 1575 362 1604 Senecae
377 1575 488 1615 Agam.
512 1586 543 1604 v,
571 1575 637 1604 626

65 1627 112 1657 sq.
121 1639 130 1654 ,
144 1619 207 1656 jam
224 1619 324 1650 Ceida
343 1631 440 1650 mom.
446 1621 480 1650 it.
492 1621 638 1651 Sonitmn

64 1663 137 1702 plus
150 1675 246 1704 quam
255 1667 372 1706 tragice
381 1666 517 1696 declarat
526 1669 638 1708 Eurip.

66 1709 182 1740 Troad.
217 1712 305 1750 5193
322 1710 398 1741 ἵππω
402 1724 416 1741 a
439 1730 486 1735 ——
511 1713 561 1755 οὓς
567 1711 639 1744 σίιια.

67 1752 122 1796 βρέ
125 1765 158 1784 υ.
151 1767 222 1786 ντσ.
233 1779 242 1794 ‚
256 1743 616 1798 adcoelmnfremetitem
627 1782 636 1795 ‚

65 1809 250 1839 sonantem,
269 1803 345 1832 dum
368 1803 560 1834 trahebatur.
583 1807 623 1834 V*
615 1816 640 1834 1-

67 1846 159 1877 detur
187 1856 273 1879 totus
300 1850 391 1879 locus
415 1850 544 1880 Maroni
570 1857 641 1880 ante

66 1894 178 1924 oculos
210 1896 325 1933 fuisse;
356 1903 387 1925 et
413 1903 496 1926 certe
525 1896 642 1926 chorus

67 1941 308 1981 comparandus.

115 1989 378 2024 244.Inscc1mus
401 1996 522 2019 tamen.
540 1990 643 2029 Quin-

67 2034 294 2072 tusCal.XI1,
315 2041 380 2074 4¹9
401 2033 427 2064 οἵ
421 2032 472 2064 .3
481 2034 550 2065 nina
566 2033 643 2065 miv-

103 2078 172 2114 ςΕ’
166 2083 247 2111 ,λκον
266 2078 464 2124 ἐπιορίσαιτε
468 2090 556 2117 3etc.
581 2084 643 2111 Im-

69 2134 224 2156 memores
243 2127 276 2158 h.
298 2128 320 2158 l.
347 2128 643 2169 improvidi‚'1nco-

67 2171 200 2212 gitantes
214 2172 277 2215 (cf.
287 2174 384 2206 eund.
396 2186 426 2206 V.
449 2186 461 2204 1
472 2186 485 2205 1
494 2187 511 2205 2
532 2186 600 2216 sqq.
613 2175 638 2215 )‚

71 2219 190 2259 quippe
211 2230 292 2260 quos
316 2229 508 2252 monuerant
531 2222 577 2251 dii
602 2229 645 2251 ta·

67 2262 92 2294 h
107 2266 232 2305 omine,
248 2277 308 2298 nec
327 2274 434 2299 tamen
448 2269 580 2310 Trojani
597 2278 647 2300 eo-

690 841 761 861 rum
788 832 947 861 monitum
964 830 1162 862 intellexere.
1176 833 1268 861 Mon-

690 886 786 908 strum
813 877 931 919 infelix
952 878 1102 919 praeclare
1129 877 1168 907 de
1183 888 1267 918 equo

691 932 884 965 portentosae
921 924 1150 965 magnitudinis
1166 947 1175 959 ,
1211 925 1268 964 qui

691 973 824 1001 exitium
849 971 921 1001 urbi
944 978 1008 1001 erat
1030 971 1191 1001 allaturus.
1216 971 1266 1001 Sic

692 1019 840 1049 Ciceroni
853 1017 966 1059 fatale
986 1017 1171 1059 prodigium
1191 1027 1267 1058 por-

692 1072 893 1105 tentumque‚
923 1074 982 1105 pro
1006 1065 1186 1106 pernicioso
1210 1063 1268 1094 ho-

693 1121 789 1141 mine.

742 1157 828 1193 246,
847 1163 923 1195 247.
945 1159 993 1187 De
1020 1155 1192 1187 Cassandra
1218 1166 1268 1185 va-

693 1210 741 1241 te,
771 1205 823 1233 cui
848 1214 887 1233 ne
909 1214 995 1233 nunc
1019 1203 1149 1243 quidem
1166 1201 1268 1232 credi-

693 1257 759 1279 tum
772 1273 780 1287 ‚
805 1257 835 1279 et
854 1249 934 1279 lides
954 1249 1060 1279 habita
1072 1271 1080 1286 ‚
1107 1249 1268 1289 copiosius

693 1297 835 1336 Quintus
848 1296 913 1326 Cal.
924 1298 988 1326 XII
1000 1318 1008 1332 ‚
1031 1296 1049 1324 5
1058 1296 1096 1324 16
1110 1306 1177 1335 sqq.
1188 1297 1268 1334 Try-

692 1341 803 1382 phiod.
828 1353 858 1372 v.
884 1343 948 1377 346
976 1352 1045 1382 sqq.
1062 1343 1175 1372 Tzetza
1192 1343 1268 1370 Pos-

695 1388 828 1418 thomer.
843 1399 875 1428 p.
897 1389 957 1417 168
976 1389 1010 1417 in
1026 1387 1105 1418 Tab.
1124 1387 1219 1417 Iliaca
1233 1397 1271 1417 n.

694 1445 758 1474 99,
782 1436 816 1464 in
840 1445 903 1474 qua
926 1435 1068 1465 Priamus
1090 1444 1157 1464 eam
1172 1440 1268 1463 retra-

692 1480 768 1511 here
795 1481 934 1511 videtur.
952 1481 1017 1510 Dei
1032 1491 1121 1522 Jussu
1132 1503 1141 1518 ‚
1171 1479 1270 1520 Apol-

692 1527 786 1557 111115·
778 1529 896 1566 ‚cujus
909 1538 1031 1557 amores
1045 1526 1097 1556 illa
1113 1527 1268 1556 eluserat:

693 1585 742 1604 res
760 1581 845 1604 nota.
872 1574 937 1603 Adi
959 1574 1010 1603 vel
1031 1574 1177 1604 Servium
1191 1572 1225 1602 h.
1244 1571 1267 1602 l.

695 1622 785 1650 Tunc
799 1620 897 1650 eciam
910 1622 969 1650 int.
989 1630 1048 1660 pro
1064 1619 1162 1649 eciam
1175 1626 1249 1648 tunc
1259 1628 1269 1646 .-

693 1667 766 1696 alias
788 1667 927 1707 languet.
951 1684 998 1689 —
1021 1672 1098 1704 247.
1123 1665 1208 1695 Male
1231 1663 1270 1693 ab

694 1713 761 1742 aliis
787 1713 826 1742 ad
844 1720 944 1743 antec.
962 1713 1075 1742 referri
1091 1710 1145 1740 dei
1156 1710 1268 1752 jussu,

695 1766 804 1788 monet
819 1761 927 1788 Burm.

745 1805 830 1841 248,
860 1810 937 1843 249.
963 1804 1078 1833 Velare
1101 1804 1271 1844 proprium

694 1849 754 1879 hac
768 1851 802 1879 in
817 1861 868 1886 re;
886 1851 1046 1890 suspensis
1058 1872 1066 1886 ‚
1084 1860 1180 1889 super
1197 1856 1272 1878 tem-

695 1896 823 1936 plorum
838 1896 982 1936 postibus
993 1918 1001 1932 ‚
1019 1897 1146 1926 coronis
1162 1906 1197 1925 ac
1210 1906 1273 1925 ser-

697 1944 736 1972 tis
748 1965 756 1979 ‚
791 1944 886 1972 etiam
921 1942 1107 1979 frondibus,
1143 1942 1270 1971 infulis-

698 2000 771 2029 que.
783 1989 940 2019 Traduxit
953 1989 1021 2018 aliis
1037 1988 1114 2018 locis
1126 1995 1219 2029 poeta
1232 1987 1271 2017 ad

696 2035 915 2075 quodcunque
944 2034 1121 2065 coronandi
1149 2045 1269 2075 genus,

697 2083 788 2111 etiam
811 2082 1033 2119 victimarum,
1059 2081 1110 2111 vel
1130 2081 1271 2111 sacerdo-

698 2135 782 2164 tum,
815 2128 998 2169 supplicum
1021 2138 1169 2168 quoque,
1205 2128 1271 2158 sola

697 2185 832 2211 corona,
850 2175 901 2204 vel
915 2175 1018 2204 infula
1034 2185 1069 2204 ac
1086 2176 1175 2205 vitta.

747 2222 812 2252 250
827 2239 873 2244 —
890 2222 966 2252 253.
984 2221 1124 2252 Vertitur
1144 2221 1270 2252 coelum.

702 2267 905 2300 circumacto
924 2268 1006 2299 coelo
1021 2267 1085 2310 (ad
1101 2268 1271 2298 oculorum
