1433 2460
208 167 214 182 0

175 208 233 235 hus
250 205 397 233 carminis
412 203 580 243 quwritur,
596 212 667 244 qum
681 204 752 233 Vir-

173 252 248 291 gilio
269 251 407 291 propri-t·
424 256 516 287 sunt,
533 256 563 279 et
579 261 618 280 ex
635 250 751 291 quibus

172 299 238 336 ejus
268 298 431 337 ingenium
462 303 493 326 et
525 306 573 326 ars
606 298 750 337 inprimis

173 345 307 384 spectari
327 343 484 383 simulque
510 342 588 372 illud
616 343 749 385 intelligi

172 392 268 430 possit
279 413 286 423 ,
297 397 453 430 quantum
464 390 503 419 ad
515 390 667 430 cujusque
678 401 750 430 poc-

175 443 213 466 ta:
236 437 375 467 indolem
393 443 466 466 artas
491 444 521 467 et
547 444 747 477 temporum,

171 486 204 514 in
228 494 299 524 quae
316 483 430 513 incidit
448 484 516 523 ejus
538 484 600 513 vita
613 506 621 519 ‚
637 484 748 525 genius

172 531 264 561 saciat
282 540 289 561 :
307 530 423 560 librum
439 530 527 560 hunc
551 531 655 571 primo
677 531 748 560 loco

171 577 373 609 excitandum
397 588 462 607 esse
489 577 636 607 arbitror.
661 577 749 608 Nihil

171 625 255 656 enim
266 646 274 661 ,
292 626 326 653 in
342 625 482 654 Homero
502 630 602 660 certe,
619 624 747 661 habuit,

171 671 259 713 quod
285 677 489 711 scqueretur3
519 681 593 699 nam
620 670 746 700 alienis-

171 721 247 749 sima
275 729 322 747 res
348 717 386 746 ab
416 717 549 747 Homeri
570 717 688 746 saeculo
716 725 747 748 et

171 765 331 801 moribus,
347 764 475 793 delicias
490 764 524 792 in
538 773 643 793 amore
667 764 745 794 face-

170 824 221 849 re,
254 818 309 841 aut
339 810 578 850 exquisitiorem
609 810 746 850 aliquem

170 860 317 889 affectum
333 858 503 897 suscipere.
519 856 680 896 Euripidis
694 858 748 887 Al—

170 906 268 936 cestin
292 906 325 934 in
350 903 515 933 nonnullis
540 909 611 931 ante
635 903 747 933 oculos

170 952 285 982 habere
313 950 428 990 potuit.
453 950 555 978 Etiam
581 959 621 978 ex
645 950 747 979 Nam-ii

168 998 254 1029 bello
271 997 392 1027 Punico
411 1005 485 1025 eum
506 994 661 1024 nonnulla
677 996 749 1025 reti-

170 1045 274 1075 nuisse
290 1043 450 1083 suspicor3
474 1052 504 1072 v,
520 1041 666 1072 Macrob.
683 1044 728 1072 VI
742 1065 750 1079 ‚

172 1102 189 1121 2
216 1096 299 1121 extr.
323 1096 355 1119 et
375 1091 462 1119 SerV.
486 1087 528 1118 ad
547 1089 605 1125 IV,
629 1098 660 1127 9.
684 1088 746 1118 Sed

167 1137 331 1168 communi
355 1135 508 1176 opinione
532 1134 746 1175 Apollonium

168 1183 273 1216 Rhod.
300 1188 453 1222 sequutus
470 1191 535 1210 esse
561 1182 662 1210 fertur
681 1182 745 1219 jam

167 1232 202 1261 in
224 1229 381 1262 Servianis
408 1227 448 1258 ad
478 1226 535 1257 lib.
566 1227 614 1256 IV
638 1237 686 1266 pr.
715 1234 745 1256 et

165 1276 313 1308 Macrob.
336 1277 377 1311 V,
402 1284 453 1312 17.
480 1273 607 1305 Scilicet
622 1272 745 1303 Medeae

167 1333 306 1354 amorem
326 1321 367 1351 ad
390 1320 552 1351 Didonem
570 1320 742 1351 transtulit.

166 1374 248 1412 Quae
265 1377 369 1399 tamen
385 1367 444 1397 alia
462 1366 537 1397 inde
560 1366 670 1396 tollere
685 1377 744 1406 po-

166 1418 281 1454 tuerit,
315 1420 431 1455 praeter
460 1423 579 1454 pauca,
609 1422 681 1452 quae
705 1412 744 1443 ad

164 1464 285 1504 primos
299 1462 375 1492 libri
392 1470 501 1490 versus
518 1466 548 1488 et
561 1459 675 1499 passim
689 1460 743 1489 ali-

164 1510 197 1540 bi
216 1510 413 1544 notavimus‚
431 1507 487 1536 vix
506 1506 677 1546 quicquam
690 1517 743 1536 oc-

163 1558 263 1587 currit
272 1568 280 1593 3
295 1562 326 1585 et
339 1554 461 1585 Medeae
471 1563 559 1582 amor
568 1551 741 1582 admodum

163 1603 308 1633 diversus
332 1601 371 1631 ab
394 1610 500 1630 amore
525 1598 679 1637 Didonis,
707 1600 742 1629 in

162 1660 226 1691 qua
249 1647 461 1679 secundarum
478 1646 665 1686 nuptiarum
684 1656 741 1686 pu-

161 1696 222 1727 dor
231 1719 239 1734 ,
251 1703 282 1726 et
295 1695 379 1735 regia
392 1694 545 1734 dignitas,
561 1692 742 1732 imperium-

163 1753 226 1784 que
244 1744 279 1772 in
294 1752 380 1772 novo
395 1750 511 1781 regno,
527 1739 673 1779 inprimis
688 1749 740 1768 ve-

163 1800 200 1820 ro
216 1789 358 1819 animum
376 1786 525 1828 superbia
541 1792 573 1815 et
585 1786 631 1815 ira
647 1787 742 1815 exsti-

161 1836 295 1867 mulant.
317 1836 466 1866 Ceterum
489 1833 577 1863 hunc
603 1831 739 1862 Didonis

162 1893 301 1913 amorem
312 1893 328 1912 a
341 1888 386 1912 tot
395 1881 463 1910 aliis
478 1879 738 1910 muliercularum

162 1929 341 1966 amoribus,
361 1936 393 1958 et
408 1938 425 1957 a
441 1927 657 1957 recentiorum
670 1932 736 1956 stu-

162 1975 222 2005 diis
230 2000 238 2013 ,
253 1987 324 2017 quae
335 1976 426 2005 toties
440 1975 476 2003 in
486 1973 540 2003 tali
551 1979 736 2014 argumento

162 2029 312 2062 occupata
328 2023 432 2058 fuere,
447 2019 621 2050 admodum
634 2019 737 2049 diver-

162 2079 232 2097 sum
251 2079 316 2098 esse
340 2068 427 2098 facile
449 2066 617 2107 intelligas,
639 2064 736 2106 Quod

161 2124 222 2154 qua
244 2116 444 2154 potissimum
467 2114 589 2143 ratione
604 2122 622 2142 a
642 2119 735 2152 poeta

161 2161 311 2190 effectum
339 2163 395 2198 sit,
426 2162 453 2190 si
481 2161 562 2190 forte
592 2168 730 2200 quaeras,

158 2208 259 2247 quaeri
279 2214 383 2237 autem
397 2207 458 2237 hoc
477 2212 597 2248 potest,
616 2215 732 2235 caussae

159 2254 204 2282 rei
227 2253 305 2283 mihi
328 2264 368 2283 ex
385 2264 423 2283 eo
448 2254 648 2293 potissimum
670 2251 729 2281 du-

158 2299 266 2330 eendae
284 2311 348 2330 esse
369 2299 527 2336 videntur,
544 2298 632 2340 qnod
645 2308 731 2328 amor

682 143 792 175 mxl-:1
798 145 877 175 Dos

805 215 822 234 a
839 204 964 235 Didone
987 211 1019 236 ct
1045 208 1143 238 AEnca
1166 218 1231 238 non
1250 208 1378 246 leviter,

804 251 859 281 sed
874 259 946 293 post
970 253 1084 284 multas
1105 265 1293 296 magnasque
1311 266 1378 286 mo-

803 298 931 329 litiones
955 300 995 330 ad
1012 312 1150 331 amore-m
1175 305 1378 342 exstinguen-

803 344 879 375 dum
899 346 1013 376 frustra
1030 359 1045 377 n
1071 349 1198 378 Didone
1219 349 1329 385 saetas,
1349 357 1380 379 ct

803 393 982 422 consociata
1017 395 1157 425 Juuom's
1184 407 1218 425 ac
1247 396 1380 425 Veneris

803 437 842 467 ad
861 449 928 468 eam
947 440 1170 480 impelli-udam
1189 453 1302 483 opera,
1316 453 1380 472 sus-

801 486 936 526 cipitur;
950 497 1063 526 porro,
1083 489 1171 529 quod
1190 490 1304 529 partim
1321 499 1379 518 no-

803 541 850 561 vae
870 532 958 561 urbis
986 534 1233 572 incrementum,
1264 536 1378 575 partim

802 588 987 608 aerumnosae
1012 581 1222 621 navigationis
1244 581 1317 610 linis
1339 593 1379 611 ex

802 635 840 655 eo
859 632 1019 665 captatur3
1035 627 1123 666 qnod
1147 628 1173 656 is
1197 628 1313 657 amoris
1334 628 1378 656 af—

801 671 901 701 fectus
921 683 995 701 cuin
1021 673 1104 710 aliis,
1133 674 1234 713 iisque
1261 675 1378 715 gravis.-

800 718 902 755 simis,
919 719 1086 749 affectibus
1109 721 1299 759 conjunctus
1313 727 1378 758 est3

800 764 888 804 quod
913 765 1048 795 Didonis
1070 777 1136 796 non
1157 766 1255 796 modo
1281 766 1377 796 decus

800 821 836 840 ac
855 811 933 841 fania
945 835 953 849 ,
970 812 1024 842 sed
1043 812 1125 842 salus
1145 823 1179 842 ac
1197 813 1261 843 vita
1282 813 1317 842 in
1339 823 1377 842 eo

801 859 922 898 agitur3
939 859 1090 900 quodque
1105 859 1301 890 miserationi
1315 865 1376 889 ter-

801 914 854 933 ror
885 906 950 944 ipse
985 912 1031 934 est
1064 905 1236 936 admixtus.
1265 907 1378 936 AEneas

801 949 930 990 quidem
954 952 1070 980 nostris
1099 952 1243 981 moribus
1270 950 1380 981 idonei

801 997 948 1026 amatoris
975 1007 1143 1037 personam
1172 997 1253 1027 male
1284 999 1376 1027 susti-

800 1052 876 1072 nere
900 1042 1001 1073 videri
1031 1050 1150 1084 potest;
1183 1053 1242 1073 nec
1274 1051 1379 1084 potest

800 1089 924 1129 negari,
942 1090 1001 1119 vix
1020 1096 1050 1120 te
1069 1089 1108 1120 ad
1126 1089 1202 1119 libri
1219 1091 1325 1130 quarti
1343 1090 1378 1120 fi-

799 1144 873 1163 nem
902 1135 1038 1175 legendo
1070 1136 1236 1175 pervenire
1260 1158 1269 1173 ‚
1298 1137 1378 1176 quin

799 1181 907 1210 AEneae
933 1181 1088 1211 feritatem
1104 1187 1136 1211 et
1150 1181 1377 1212 ixmnanitatem

799 1228 979 1257 exsecreris.
1008 1227 1151 1258 Subsidit
1178 1234 1282 1258 tamen
1309 1229 1374 1266 ira,

797 1273 825 1302 si
851 1273 989 1304 fatorum
1013 1275 1246 1312 necessitatem,
1266 1276 1374 1305 vatici-

798 1320 859 1348 niis
884 1326 915 1350 et
937 1320 1072 1350 oraculis
1095 1323 1202 1351 AEneae
1224 1321 1297 1350 satis
1322 1321 1375 1350 de-

797 1365 961 1403 claratam,
992 1368 1121 1407 cogitas,
1150 1366 1210 1398 Sed
1241 1368 1374 1397 omnino

797 1422 846 1442 res
871 1414 988 1443 nostris
1012 1413 1156 1443 moribus
1175 1423 1211 1444 ac
1228 1414 1375 1444 sensibus

797 1469 863 1489 non
877 1465 923 1489 est
935 1459 1124 1497 judicanda3
1148 1467 1179 1490 et
1201 1471 1241 1490 ex
1260 1463 1375 1490 veteri-

797 1504 858 1535 bus
874 1506 947 1535 vitae
965 1507 1118 1537 institutis
1139 1506 1254 1536 multas
1276 1517 1374 1537 excu-

795 1552 932 1582 sationes
950 1563 999 1582 res
1015 1552 1170 1590 habebat,
1193 1554 1219 1582 si
1241 1555 1373 1584 amicam

795 1598 964 1629 desereres.
984 1598 1093 1640 Quid?
1117 1598 1206 1640 quod
1222 1600 1373 1638 majorem

795 1655 836 1674 ex
845 1645 912 1685 ipsa
924 1647 1030 1675 AEneae
1044 1645 1235 1676 truculentia
1246 1653 1277 1676 et
1290 1656 1373 1687 aspe-

796 1692 887 1721 ritate
910 1690 1096 1733 dignitatem
1119 1703 1247 1723 carmen
1261 1691 1355 1723 duxit
1363 1704 1373 1730 3

794 1745 825 1768 et
838 1737 972 1769 deorum
982 1738 1157 1778 voluntate,
1171 1739 1309 1770 fatorum
1323 1749 1374 1770 or-

793 1784 884 1822 dine,
901 1785 968 1826 ipsa
986 1786 1021 1815 in
1038 1786 1166 1817 Didone
1186 1786 1303 1817 amoris
1314 1787 1372 1816 im-

791 1833 950 1872 potentia,
973 1837 1005 1862 et
1030 1832 1112 1863 facta
1129 1834 1165 1864 iu
1183 1842 1258 1863 eum
1272 1830 1369 1862 finem

791 1880 900 1909 AEneae
922 1879 1067 1910 oratione
1091 1890 1173 1911 vers.
1206 1880 1271 1910 332
1299 1889 1367 1919 sqq.

791 1924 885 1966 culpa
915 1926 982 1964 ejus
1016 1925 1169 1957 elevatur.
1214 1925 1370 1966 Dignitati

789 1971 896 2002 herois
920 1972 969 2002 sui
991 1979 1085 2013 poeta
1106 1971 1248 2014 providit
1274 1972 1367 2002 etiam

789 2019 824 2048 in
851 2018 930 2056 hoc,
955 2018 1054 2059 quod,
1083 2029 1150 2059 quo
1176 2018 1292 2048 amoris
1314 2028 1368 2048 aes-

789 2071 825 2094 tu
845 2065 898 2094 ille
921 2065 1045 2102 arserit,
1069 2074 1225 2105 nusquam
1246 2075 1367 2095 memo-

789 2117 854 2148 rat,
879 2112 937 2140 etsi
963 2112 989 2140 is
1015 2117 1120 2141 tantus
1145 2121 1210 2141 esse
1230 2110 1363 2147 debuit,

785 2164 822 2188 ut
843 2159 955 2187 AEneas
977 2167 1104 2187 omnem
1130 2157 1170 2187 de
1190 2163 1363 2188 monstrata

785 2214 801 2233 a
826 2203 896 2234 fatis
921 2204 955 2233 in
982 2204 1070 2233 Italia
1095 2204 1168 2234 sede
1193 2204 1359 2245 cogitatio-

783 2260 858 2280 nem
882 2251 988 2279 animo
1008 2251 1191 2282 dimitteret.
1208 2250 1359 2281 Dolorem

786 2307 860 2327 vero
873 2307 909 2326 ac
924 2297 1172 2328 sollicitudinem
1185 2307 1279 2338 super
1296 2295 1357 2327 dis·
