1433 2460
164 111 221 138 11¹.

661 100 855 132 AEN'Elle'

161 166 202 199 ln
225 164 337 202 tatus,
360 162 472 209 inque
491 160 558 196 scri
577 173 732 197 curvam
748 157 998 209 compagibus
1019 158 1144 195 alvum

163 221 364 259 Gomon-sit.
385 221 496 257 stetit
518 220 579 257 illa
598 229 781 265 tremens,
799 229 984 269 uteroque
1002 233 1153 256 recusso

163 286 370 319 Iunonum-ro
391 292 510 328 cavae,
530 281 787 331 gemitumque
804 279 943 317 dedere
960 293 1142 316 cavernae.

167 344 206 378 Et
220 370 228 386 ,
245 341 273 376 si
296 341 369 376 sata
386 338 517 385 deum,
537 340 568 378 si
586 354 689 377 mens
706 354 782 377 non
800 340 894 378 laeva
912 341 1062 385 suisset,

166 401 372 450 Impulerat
391 400 491 435 ferro
512 401 707 450 Argolicas
725 400 865 437 foedare
883 400 1065 446 latebras3
1338 408 1368 432 5⁵

166 462 356 510 Trojaquc
374 473 473 497 nunc
494 469 629 507 stares,
646 460 862 510 Priamique
877 473 944 497 arx
961 461 1034 497 alta
1046 487 1056 506 ,
1073 472 1242 496 mant-res
1259 462 1265 494 !

168 625 384 656 generumque
411 613 628 653 designatione
656 623 742 643 sum—

168 672 251 690 mani
272 660 452 690 libertatem
469 661 622 690 orationis
641 660 744 701 poeti-

171 717 215 737 cae
233 707 356 736 indoles
381 718 415 735 ac
442 708 522 736 ratio
545 708 615 738 fert.
632 708 745 737 Forum

172 754 326 793 exquisite
343 752 423 782 dixit
445 763 504 793 pro
521 764 604 794 equo
616 776 624 790 ‚
641 760 676 782 ut
692 752 747 782 do-

173 807 244 829 cent
260 801 373 829 Lexiea
387 806 416 828 et
433 800 493 828 viri
508 799 592 829 docti
603 799 640 828 ad
658 799 745 829 1³11ae-

173 846 277 875 drnm.
300 846 340 876 cf.
357 845 388 876 h.
406 846 426 875 l.
446 845 546 875 Corda
567 857 602 876 ac
619 848 744 876 Petron.

176 893 237 932 89,
266 903 315 921 ι’).
347 893 443 921 Δίνη-ς
470 903 564 921 curva
588 891 749 932 compagi-

174 939 228 967 bus
251 939 282 967 h.
307 949 333 967 υ.
352 949 391 967 ex
411 948 560 979 compage
586 939 748 978 lignorum

175 995 359 1014 curvorum.
392 983 485 1013 Stetit
508 992 662 1021 tremens,
689 994 748 1024 pro

174 1031 378 1061 contremuit.
393 1032 486 1059 Ucero
496 1041 619 1059 recusso
629 1053 637 1067 ‚
648 1041 750 1070 reper-

175 1087 277 1106 cusso.
315 1076 485 1113 Cmernoe,
502 1076 626 1106 doctius
656 1086 750 1117 quam

174 1133 324 1158 caverna;
346 1122 378 1152 h.
395 1133 422 1153 e.
441 1133 542 1162 equus
558 1134 670 1159 cavus,
686 1121 749 1152 κοῖ-

174 1173 225 1200 λον
253 1165 326 1211 δόρυ
352 1168 466 1210 OdySS.
485 1169 520 1206 0,
542 1170 623 1208 507.
646 1169 751 1199 Gemi-

174 1223 223 1245 tus
237 1226 296 1255 pro
313 1216 421 1245 sonitu
445 1215 626 1246 resultante.
638 1234 684 1238 —
695 1217 713 1246 5
722 1227 748 1246 1.

174 1264 380 1301 Quantopere
402 1267 521 1291 veteres
547 1263 751 1292 Grammatici

175 1309 208 1337 iu
216 1307 282 1347 feri
296 1307 499 1348 trepidarint,
513 1319 554 1337 ex
571 1308 684 1338 lacinia
706 1310 751 1338 in-

177 1353 334 1394 telligitur
344 1376 352 1390 ,
364 1364 459 1393 (luam
470 1356 665 1394 Pomponius
679 1355 710 1386 h.
728 1356 749 1386 l.

176 1410 218 1430 ex
228 1407 304 1429 vett.
321 1400 452 1429 Scholiis
466 1403 619 1432 servavit:
636 1402 731 1432 FERI
743 1425 750 1439 ,

178 1445 214 1475 id
227 1454 288 1482 est,
308 1446 402 1486 eqm‘‚·
417 1457 493 1476 nam
511 1447 563 1477 lt'b.
583 1449 665 1484 VII,
685 1448 750 1487 489

168 1491 277 1532 ferum
290 1492 436 1531 appellat
448 1504 581 1524 cervum.
591 1493 752 1533 Apronia-

180 1548 239 1568 nus
248 1538 327 1579 legit
336 1539 419 1568 Ferit
429 1561 437 1575 ‚
448 1549 507 1578 pro
512 1539 669 1579 percussit
682 1550 750 1568 cur-

179 1595 250 1614 ναιη
267 1584 373 1613 alvum
400 1584 432 1614 ιἸι
447 1585 652 1626 compagibus
670 1585 750 1625 (hoc

180 1632 214 1660 in
231 1630 302 1660 cod.
314 1631 461 1660 Mediceo
470 1631 607 1661 habetur
618 1654 626 1667 ‚
643 1642 752 1671 quam-

179 1687 275 1716 quam
286 1687 301 1705 τι
314 1678 441 1706 nemine
456 1676 559 1707 adhuc
576 1678 751 1718 notatum).

181 1722 254 1752 Alii
279 1723 392 1764 legunt
424 1725 517 1761 Feri,
539 1731 573 1753 ut
591 1723 632 1753 sic
646 1723 749 1765 ferus,

172 1768 260 1810 feri,
280 1780 342 1809 pro
368 1780 465 1809 equo,
491 1777 526 1798 uc
541 1769 751 1811 fera‚feroe‚

180 1826 239 1856 pro
249 1815 465 1855 quadrupede.
476 1815 547 1845 Alii
554 1816 695 1857 leguncF
697 1818 753 1854 eri,

183 1868 217 1890 uc
229 1861 274 1890 sic
290 1862 347 1897 sic,
375 1861 411 1891 icl
430 1869 477 1891 est
485 1861 596 1903 feram
607 1885 615 1900 ,
624 1871 758 1904 propter

181 1908 281 1937 verba
305 1908 454 1938 similiter
471 1909 648 1951 cadentia(
661 1917 699 1939 ut
715 1911 756 1940 sit

184 1964 243 1993 pro
268 1954 380 1995 feram
407 1964 533 1984 curvam
552 1956 691 1997 alvum).
708 1974 755 1979 —-

186 2000 361 2041 Porrofi’ri
376 2012 403 2030 c.
421 2001 619 2043 compaginis
642 2013 673 2032 a.
695 2013 753 2033 ms.

183 2046 333 2076 Prisciani
350 2058 381 2087 p.
403 2058 415 2077 1
424 2048 466 2084 34
479 2054 624 2077 notatum
638 2048 672 2078 in
682 2049 755 2079 Col-

183 2089 255 2120 lect.
271 2094 343 2122 Sax.
358 2094 473 2122 Alvom
487 2094 622 2124 Gud.—-
633 2094 686 2125 52.
703 2096 757 2124 In-

184 2137 278 2166 torsic
294 2148 352 2168 sec.
370 2140 520 2171 Rottend.
539 2140 629 2181 quod
653 2140 756 2171 defen-

186 2180 219 2211 dj
241 2185 349 2224 possit.
371 2186 490 2215 Recuso
506 2189 584 2227 Reg.
606 2198 622 2217 a
640 2198 684 2218 m.
706 2198 755 2228 pr.

185 2235 217 2258 et
234 2236 303 2260 tert.
316 2231 447 2261 Mentel.
467 2243 539 2262 cum
555 2233 639 2264 binis
656 2233 754 2264 Goth.

798 613 930 643 Recluso
941 623 989 652 pr.
1002 611 1116 642 Hamb.
1127 619 1159 642 et
1176 622 1237 642 sec.
1253 613 1369 643 Mon-vt.

797 669 973 700 perperam.
1002 676 1049 682 —
1078 659 1131 688 53.
1164 657 1372 699 Sonitumqm·

798 707 901 746 Rigor.
938 717 978 735 ex
1025 707 1189 745 interpret.
1233 705 1373 735 Caterva·

799 755 903 792 Sprot.
925 763 983 793 pro
1000 763 1064 782 var.
1080 752 1152 781 lect.
1174 750 1261 792 quod
1273 753 1373 792 prima

800 799 904 828 frome
923 798 1060 827 arridere
1077 804 1198 838 potest,
1219 799 1244 827 si
1260 809 1289 828 v.
1309 799 1372 833 243

800 846 1003 875 memineris:
1021 852 1108 874 utero
1137 843 1274 873 sonitum
1297 855 1375 884 qua-

801 899 849 921 ter
862 901 955 920 arma
976 891 1101 921 dedere.
1124 890 1184 920 Sed
1203 901 1262 920 nec
1275 890 1377 932 gemi-

802 946 850 967 tus
863 948 923 967 uec
939 948 1024 967 cauce
1039 937 1241 977 respondent.

851 985 891 1020 54
906 995 952 1024 sq.
964 983 1236 1023 Ec—irnpttlerat.
1247 984 1287 1012 Et
1302 993 1376 1012 sane

802 1030 978 1070 impulisset
989 1032 1137 1060 Laocoon
1146 1030 1301 1067 Trojanos
1312 1051 1320 1066 ‚
1337 1030 1377 1059 ef-

803 1077 927 1106 fecisset
945 1082 982 1105 ut
1007 1077 1080 1116 equi
1104 1075 1199 1105 latera
1225 1075 1375 1116 refringe-

803 1130 874 1153 rent
884 1144 893 1159 ,
922 1128 1000 1162 puta
1021 1123 1125 1152 securi
1151 1123 1286 1162 impacta
1314 1128 1373 1152 etc.

803 1175 834 1199 et
847 1170 998 1199 interiora
1013 1169 1181 1209 apetirent.
1193 1169 1373 1204 Enimvero,

803 1226 876 1246 ecce
893 1226 1008 1245 mamas
1015 1215 1167 1256 juvenem
1183 1221 1242 1245 etc.
1259 1214 1289 1244 si
1296 1213 1377 1256 fata

803 1262 898 1292 deum
912 1272 977 1291 non
984 1261 1139 1303 ficissent.
1154 1261 1186 1291 h.
1201 1272 1227 1291 e.
1244 1263 1270 1291 si
1286 1261 1376 1290 fatale

804 1318 871 1338 non
898 1308 1016 1338 fuisset.
1044 1302 1146 1350 (Αἷσα.
1171 1305 1235 1351 γὰρ
1260 1303 1295 1341 ἦν
1316 1315 1375 1338 etc.

805 1354 920 1395 Odyss.
931 1354 946 1384 θ
957 1377 965 1392 ,
987 1355 1005 1384 5
1014 1365 1026 1384 1
1037 1365 1048 1384 1
1057 1379 1063 1385 .
1076 1355 1216 1394 Quintus
1233 1354 1298 1384 Cal.
1313 1354 1379 1384 Pal-

805 1401 907 1431 ladem
922 1402 1067 1430 nominat
1077 1402 1140 1431 xn
1152 1423 1160 1437 ,
1174 1401 1250 1439 387.
1263 1399 1275 1441 )
1287 1401 1378 1430 Mens

805 1447 903 1483 Ιαψα,
922 1447 1054 1477 stultitia
1070 1447 1294 1485 Trojanorum.
1312 1447 1375 1477 vid.

805 1493 871 1523 Ecl.
889 1494 903 1522 1
915 1515 923 1528 ‚
952 1494 1002 1523 16.
1018 1494 1112 1522 Forte
1138 1500 1244 1523 tamen
1264 1493 1379 1523 melius

801 1539 969 1576 junxeris:
996 1549 1086 1568 mens
1110 1550 1175 1569 non
1202 1540 1283 1569 laeva
1299 1539 1332 1570 h.
1352 1550 1378 1570 e.

805 1595 878 1614 sana
890 1607 898 1622 ‚
914 1585 941 1614 si
957 1584 1056 1614 fatum
1069 1591 1100 1615 et
1115 1595 1203 1614 mens
1215 1595 1289 1615 sana
1305 1585 1380 1615 fuis-

806 1637 862 1661 set.
881 1630 1152 1672 Sifhtafitissem
1169 1632 1226 1661 inf.
1246 1642 1278 1662 v,
1301 1633 1378 1667 433.

807 1677 848 1707 cf.
863 1678 931 1715 ΙΙΙ,
954 1678 1004 1708 16.
1029 1677 1200 1718 Argolicas
1223 1677 1379 1715 latebras,

806 1734 909 1764 equus
930 1734 995 1764 quo
1014 1723 1156 1754 latebant
1176 1724 1299 1765 Argivi.
1316 1726 1381 1754 1⁴*oe-

806 1770 903 1807 daoe,
922 1771 1078 1810 exquisite
1093 1781 1152 1811 pro
1169 1770 1325 1806 lacerare,
1346 1779 1383 1801 nt

808 1816 918 1846 aliisin
931 1817 1010 1846 locis
1024 1816 1064 1847 de
1077 1817 1226 1854 vulnere,
1244 1824 1299 1848 aut
1310 1827 1381 1846 mu-

807 1863 896 1893 tilato
911 1874 1064 1904 corpore,
1081 1870 1118 1893 ut
1134 1861 1304 1903 αἰσχύνειν,
1320 1865 1380 1893 λω-

809 1905 941 1947 ῧᾶσθαι,
957 1909 1012 1939 sed
1026 1917 1058 1940 et
1069 1910 1174 1950 simpl.
1193 1919 1253 1950 pro
1273 1909 1381 1939 vulne-

808 1966 876 1985 rare
890 1966 898 1987 ι
913 1966 944 1986 v.
960 1956 1017 1986 inf.
1033 1958 1100 1992 111,
1119 1961 1182 1991 241
1202 1963 1232 1985 et
1243 1954 1293 1984 -ibi
1311 1963 1378 1985 not.

809 2003 892 2039 VII,
912 2002 977 2039 575
990 2013 998 2038 ;
1012 2001 1098 2031 unde
1113 2008 1145 2031 et
1160 2012 1234 2031 cum
1248 2011 1283 2031 ea
1303 2011 1382 2031 voce

805 2048 970 2089 jungitur:
993 2049 1044 2084 11,
1064 2047 1140 2078 286.
1158 2049 1199 2078 H.
1219 2048 1240 2078 l.
1257 2047 1381 2078 diffn'n-

809 2104 881 2135 gere
896 2101 928 2123 et
941 2093 1111 2124 dissolvere
1125 2093 1279 2124 machinae
1297 2105 1381 2125 com-

808 2150 930 2180 pagem.
955 2140 1008 2171 Ad
1035 2140 1170 2171 verbum
1194 2141 1300 2171 omnia
1324 2151 1379 2171 ex-

809 2197 915 2226 pressa
930 2187 1015 2228 apud
1029 2190 1157 2218 Petron.
1173 2198 1201 2218 c.
1221 2187 1275 2228 89,
1289 2198 1321 2218 v.
1338 2197 1380 2217 20

809 2234 960 2273 sq.—-56.
970 2235 1074 2264 Staret
1082 2241 1113 2265 et
1128 2244 1286 2272 maneres,
1292 2233 1354 2264 hoc
1364 2243 1381 2262 a
