1433 2460
154 60 215 89 160

654 59 764 90 AENEI
770 59 848 89 Dos

144 118 429 167 Quinquaginta
449 115 501 152 illi
523 114 694 162 thalami,
710 130 794 167 spes
819 126 921 155 tanta
936 127 1138 168 nepotum,

144 178 349 216 Barbarico
372 184 497 226 postes
515 189 609 214 auro
627 178 834 229 spoliisque
854 179 1036 230 superbi,

144 239 398 276 Proculum-re.
418 239 564 276 Tenent
584 240 724 286 Danai,
741 254 816 291 qua
837 241 965 278 deficit
985 241 1090 291 ignis.
1302 251 1350 274 505

198 301 370 338 Forsitan
386 309 440 345 et,
459 299 599 337 Priami
619 301 759 339 suerint
780 316 864 352 quae
883 304 978 348 sata,
997 304 1181 353 requiras.

150 361 262 399 Urbis
284 360 338 396 uti
357 368 476 410 captae
497 372 645 406 casum,
666 363 923 412 convolsaque
943 363 1039 400 vidit

144 421 290 458 Limina
308 429 513 466 tectorum,
530 428 567 457 et
586 419 754 458 medium
773 422 811 459 in
828 424 1086 472 penetralibus
1108 424 1256 461 hostem
1276 439 1285 469 3

150 486 262 518 Arma
283 481 349 517 diu
365 481 492 518 senior
509 480 666 519 desueta
689 483 939 521 trementibus
956 497 1038 521 aevo

165 542 182 554 ‚-

144 541 362 578 Circumdat
378 541 636 592 nequidquam
654 542 842 590 humeris,
860 553 898 581 et
915 543 1047 581 inutile
1067 544 1210 581 serrum

1305 554 1354 578 510

147 603 338 654 Cingitur,
357 616 399 641 ac
415 604 552 642 densos
569 604 690 641 fertur
706 605 914 642 moriturus
932 605 969 642 in
987 605 1116 642 hostis.

196 763 272 792 503.
299 760 418 802 Quiuq.
440 759 523 789 incus
551 759 595 790 ιΙι.
621 760 719 790 Goth.

146 820 194 849 pr.
216 819 282 838 nou
309 808 399 837 male.
427 808 503 846 Spes
523 806 581 836 illa
611 806 722 847 legunt

146 854 297 885 nonnulli
324 853 409 895 apud
440 854 597 890 Pieriam,
623 861 654 883 et
677 855 721 882 sic

147 901 222 933 odit.
255 903 348 931 Junt.
375 901 451 940 Spes
478 906 602 939 quanta
638 910 722 929 unus

148 948 258 985 Pierii,
276 947 316 977 ab
338 946 576 986 interpolatore.
600 946 722 986 Ampla

147 993 266 1024 Medic.
286 993 395 1029 Pierii,
408 992 493 1022 Gud.
514 1000 544 1022 et
554 994 636 1024 Ven.
650 1003 724 1022 cum

150 1041 249 1071 Goth.
278 1050 340 1070 sec.
352 1039 432 1069 Alta
446 1038 728 1069 &hefft—503—

153 1088 230 1117 505.
249 1085 494 1127 Quinquaginta
507 1085 558 1115 illi
569 1084 726 1123 thalami,

148 1133 196 1162 illi
210 1140 273 1163 tam
292 1130 451 1173 magnifici
466 1133 638 1169 exstructi,
653 1143 726 1172 pro-

151 1181 239 1209 strati
273 1180 389 1217 jaceut.
418 1177 517 1219 Apud
550 1180 730 1209 Homerum

153 1226 244 1256 Iliad.
255 1224 282 1263 ζ,
296 1226 360 1260 243
372 1226 491 1254 suntin
507 1224 604 1255 domo
615 1226 731 1255 Priami

153 1274 178 1302 L
193 1270 329 1314 θάλαμοι
352 1270 495 1300 filiorum
514 1277 546 1300 et
568 1272 633 1301 XII
648 1270 729 1301 filia-

154 1328 250 1348 rum:
269 1317 324 1348 sed
348 1324 450 1358 poetae
467 1317 560 1347 licuit
582 1316 649 1346 haec
671 1328 731 1348 suo

155 1375 245 1395 more
281 1364 459 1405 perhibere.
495 1363 648 1394 Thalami
683 1364 731 1394 illi

156 1418 232 1441 sunt
257 1422 326 1451 spes
355 1417 525 1450 nepotum,
548 1410 581 1440 h.
612 1420 652 1440 ex
675 1411 730 1448 iis,

156 1457 213 1498 qui
235 1468 288 1487 eos
313 1456 549 1494 inhabitabant,
565 1457 732 1497 progenies

158 1510 231 1533 nata
259 1511 335 1534 erat.
367 1503 575 1533 Barbaricum
597 1513 728 1539 aurum,

157 1551 189 1580 h.
210 1561 237 1580 e.
254 1550 430 1591 Phrygium
441 1572 449 1587 ,
466 1557 503 1580 ut
517 1560 598 1590 saepe
609 1556 727 1589 poetae3

157 1603 189 1626 et
202 1596 298 1627 modo
307 1597 429 1627 Ennius
440 1619 448 1634 ,
465 1607 561 1637 quem
574 1597 666 1626 Maro
679 1607 733 1626 ex-

157 1645 280 1683 pressit.
311 1642 417 1684 (Vide
457 1642 507 1672 vel
538 1642 672 1673 Cerdam
703 1650 733 1672 et

159 1690 264 1721 s'ruell.
277 1713 286 1727 ,
302 1700 447 1731 quosque
470 1690 643 1720 Burmann.
668 1690 734 1720 lau-

157 1736 279 1777 davit.)
292 1736 385 1768 Conf.
401 1736 458 1766 inf.
472 1738 538 1773 XI,
559 1736 637 1776 769,
655 1747 732 1774 770.

157 1781 280 1827 Φρυγία
302 1781 504 1825 σκυλεύματα
530 1782 655 1812 dixerat
669 1785 734 1813 Eu—

158 1831 217 1870 rip.
243 1829 358 1860 Troad.
382 1840 439 1867 to,
459 1830 498 1860 de
513 1829 574 1860 hoc
589 1831 658 1870 ipso
681 1840 734 1859 au-

158 1887 204 1906 ro.
216 1877 283 1906 Nec
299 1878 333 1906 in
347 1887 384 1906 eo
403 1875 616 1918 argutandum
627 1899 635 1914 ,
647 1876 734 1918 quod

156 1922 187 1952 h.
203 1922 224 1952 l.
235 1923 333 1952 verba
347 1924 478 1962 Trojani
495 1922 549 1953 ssla
561 1930 656 1961 sunt;
672 1923 735 1954 uti-

159 1975 211 1997 tur
224 1971 309 1998 enim
328 1969 381 1999 ille
398 1980 543 2000 sermone
567 1972 732 2007 Romano,

159 2013 300 2054 adeoque
323 2026 416 2045 usum
433 2017 500 2054 ejus
514 2018 669 2047 sermonis
684 2027 732 2047 se-

158 2061 278 2100 quitur.
302 2064 418 2092 l‘etiere
446 2073 520 2092 eum
542 2073 635 2093 usum
666 2066 731 2095 Ro-

158 2108 243 2136 mani
259 2118 274 2135 a
293 2109 412 2138 Graecis
423 2132 431 2146 ,
448 2110 567 2150 quibus
584 2111 731 2148 Trojani,

159 2160 190 2181 et
217 2154 292 2183 hinc
316 2155 473 2195 Phryges,
495 2157 641 2196 inprimis
654 2155 733 2186 dicti

161 2200 295 2231 barbari.
325 2203 433 2231 Posces
459 2202 568 2243 spoliis
585 2203 728 2244 superbi,

775 761 903 798 ornati,
925 763 1143 792 Romanorum
1184 762 1353 792 notissimo

776 818 874 837 more.
900 819 929 838 v.
956 808 1012 838 inf.
1040 809 1118 845 VII,
1145 808 1263 838 183—
1280 809 1354 839 186.

781 856 904 883 Tenem
927 854 1051 890 Danai,
1080 854 1112 884 h.
1139 865 1166 885 e.
1198 862 1355 895 occupata

775 900 894 930 habent
918 900 987 930 loca
1013 910 1084 941 quae
1108 901 1190 942 ignis
1209 900 1354 931 nondum

778 946 933 988 pervadit.

830 993 906 1023 506.
939 995 1019 1024 Tota
1040 993 1198 1030 narratio,
1234 994 1356 1023 intexta

780 1040 927 1080 inprimis
955 1040 1067 1070 Politis
1099 1039 1183 1069 caede
1196 1063 1203 1077 ,
1235 1041 1357 1081 egregia

783 1096 857 1115 cum
873 1093 939 1116 arte
960 1086 1118 1116 elaborata
1142 1093 1189 1116 est
1213 1085 1252 1115 ad
1272 1097 1358 1116 sum-

783 1143 867 1162 mam
895 1133 1130 1162 miserationem
1150 1142 1223 1162 cum
1244 1132 1356 1164 horro-

784 1188 840 1209 re:
864 1180 981 1209 notatis
1000 1179 1122 1209 scilicet
1144 1189 1218 1208 cum
1240 1178 1359 1209 dilectu

785 1231 815 1255 et
829 1232 900 1255 ante
914 1226 1024 1256 oculos
1043 1226 1154 1266 positis
1167 1226 1205 1254 iis
1217 1247 1225 1261 ‚
1239 1235 1311 1266 quae
1324 1226 1359 1255 in

785 1272 849 1301 fato
863 1272 970 1301 multis
988 1272 1151 1302 communi
1163 1272 1302 1312 propria,
1320 1279 1360 1301 ta-

784 1328 859 1347 men
875 1319 1022 1358 inprimis
1035 1324 1138 1347 essent
1155 1317 1233 1347 huic
1249 1318 1317 1347 seni
1330 1325 1362 1348 et

785 1375 986 1404 summopere
997 1364 1183 1395 miseranda.
1196 1365 1362 1395 Commen-

785 1409 839 1440 dat
856 1421 930 1440 eum
941 1433 949 1447 ‚
969 1410 1056 1451 quod
1073 1410 1179 1441 herois
1195 1420 1362 1452 personam

785 1456 972 1499 grandaevus
989 1458 1092 1488 adhuc
1105 1465 1228 1495 servat3
1243 1456 1301 1487 ubi
1319 1459 1363 1487 vi-

786 1503 833 1533 dit
852 1504 940 1533 urbis
957 1515 1082 1540 casum,
1100 1504 1183 1534 sores
1196 1503 1363 1534 convulsas

786 1560 817 1581 et
833 1549 983 1588 dejectas,
1006 1557 1106 1581 armat
1127 1561 1179 1588 se;
1196 1557 1364 1580 revocatur

788 1604 893 1627 tamen
907 1597 948 1626 ab
974 1608 1076 1627 uxore
1088 1620 1096 1634 ,
1117 1603 1148 1627 et
1166 1596 1303 1639 supplex
1318 1607 1363 1627 se-

789 1644 842 1674 det
855 1645 888 1673 in
908 1654 969 1674 ara.

837 1692 913 1728 507.
928 1690 982 1720 Uei
993 1691 1102 1722 Heius.
1114 1690 1256 1731 reposuit
1268 1700 1286 1720 e
1298 1690 1363 1720 Me-

787 1737 848 1768 dic.
857 1737 987 1777 aliisque
996 1736 1290 1778 melioribus.Vulg.
1299 1735 1362 1772 ubi,

787 1784 877 1825 quod
902 1784 1174 1825 interpretamenti
1195 1782 1269 1813 loeo
1299 1793 1365 1813 esse

787 1838 891 1872 potest
906 1840 914 1861 ε
928 1830 982 1860 ubi
1003 1829 1054 1860 hic
1075 1832 1158 1860 Ven.
1174 1837 1206 1860 et
1220 1829 1362 1860 Parthas.

792 1878 891 1908 Casus
897 1877 1072 1919 Hamburg.
1083 1888 1133 1918 pr.
1150 1876 1365 1916 Collapsaque

788 1924 875 1954 vidie
888 1923 993 1955 Schol.
1006 1926 1082 1955 JuV.
1098 1923 1140 1953 ad
1149 1924 1212 1953 Sat.
1227 1924 1270 1959 X,
1284 1922 1361 1952 268.

787 1988 834 1995 -
854 1971 931 2001 508.
953 1970 1071 2000 Mediis
1087 1967 1307 2010 penetralibus
1332 1975 1364 1998 et

787 2017 902 2047 mediis
924 2016 957 2046 1'12
972 2027 1008 2056 p.
1024 2017 1140 2057 passim
1161 2015 1255 2046 codd.
1279 2015 1365 2057 apud

786 2065 926 2095 pierium
936 2087 945 2102 ,
956 2064 1065 2094 Heius.
1081 2069 1112 2092 et
1125 2064 1344 2093 Burmannum
1356 2085 1365 2098 ‚

785 2111 949 2140 manifesta
972 2109 1153 2150 corruptela
1181 2110 1363 2149 exquisitio-

785 2157 828 2186 ris
853 2156 986 2188 formae:
1010 2156 1149 2187 medium
1178 2155 1210 2186 in
1229 2167 1264 2196 p.
1290 2154 1361 2186 hos-

785 2210 860 2235 tem.
