1402 2460
565 61 686 90 LIBER
711 60 768 89 111.

74 126 119 161 Et
138 123 263 159 lunam
283 121 322 157 in
341 119 470 157 nimbo
491 131 567 156 nox
586 119 808 167 intempesta
829 116 992 154 tenebat.

126 184 279 219 Postera
291 180 445 230 jamque
466 178 545 216 dies
562 177 686 228 primo
703 177 882 227 surgebat
901 179 981 214 Eoo
992 204 1002 223 ,

77 245 378 290 Humentemque
395 243 545 277 Aurora
563 238 653 290 polo
673 238 884 276 dimoverat
904 237 1076 274 umbram
1092 252 1102 284 ;

78 305 205 348 Quum
223 300 349 338 subito
369 314 390 338 e
407 300 530 345 silvis,
549 299 668 336 macie
687 299 860 335 confecta
880 311 1074 348 suprema,

77 361 202 411 Ignoti
221 372 319 398 nova
337 361 458 397 forma
475 360 567 405 viri,
584 358 871 408 miserandaque
889 359 993 396 cultu
1005 386 1016 403 ‚

77 419 271 465 Procedit,
290 419 526 469 supplexque
545 431 678 455 manus
698 417 746 455 ad
767 418 877 455 litora
897 418 1029 454 tendit.

77 479 324 529 Respicimus.
344 480 438 516 Dira
456 479 603 517 illuvies
615 508 624 526 ,
645 479 885 528 immissaque
903 478 1043 524 barba,

78 543 303 577 Consertum
323 549 498 589 tegumen
516 539 633 588 spinis
655 553 662 574 :
685 547 722 575 at
741 546 866 575 cetera
886 539 1043 584 Graius,

79 602 126 637 Et
145 599 335 650 quondam
356 600 486 649 patriis
507 599 554 636 ad
572 600 725 650 Trojam
742 600 875 636 missus
891 599 929 635 in
944 598 1070 635 armis.
1234 605 1281 637 595

79 661 191 709 Isque
211 659 278 696 ubi
295 659 507 697 Dardanios
523 659 676 697 habitus
696 669 733 697 et
752 660 871 698 Troia
889 658 986 695 vidit

82 794 396 833 interpretamentum
436 793 477 822 sit
515 792 654 823 obscuro.

83 839 161 869 Nam
198 838 370 868 obstrusum
404 839 560 878 exquisite
595 850 656 879 pro

84 883 223 914 clausum
232 906 240 921 ‚
251 884 415 914 occlusum
425 907 433 921 ‚
448 884 590 925 adeoque
603 885 657 915 ob·

84 929 216 960 ductum
227 953 236 967 ‚
251 930 433 960 obscurum.
448 932 485 960 In
493 930 583 961 libris
592 930 657 960 fere

83 975 164 1005 illud
180 987 252 1006 cum
266 987 337 1007 voc.
354 977 529 1007 abstrusum
547 979 656 1015 variat,

85 1022 171 1062 apud
192 1025 309 1054 Lucan.
326 1026 402 1055 Stat.
421 1030 453 1053 et
467 1023 632 1055 Claudian.
647 1047 656 1062 ‚

85 1068 174 1107 quod
190 1069 240 1098 rel
255 1071 369 1100 Lexica
383 1070 508 1100 docent.
520 1087 566 1093 —
580 1072 656 1110 587.

86 1115 126 1144 Et
145 1113 176 1143 in
194 1114 317 1152 nimbo,
339 1116 452 1146 nubilo
469 1124 554 1153 aere,
575 1125 661 1148 tene-

88 1159 166 1195 bat,
207 1162 400 1199 occultabat,
434 1160 546 1192 lunam
580 1174 659 1194 nooe.

89 1197 152 1249 ,Α’,το
183 1204 246 1251 γὰρ
262 1205 354 1252 nze&
374 1205 459 1241 νηυσὶ
480 1207 569 1248 βαθῖ
560 1221 569 1241 ι
601 1205 661 1250 'is-&⁶5

90 1250 161 1285 οὐδὲ
176 1252 285 1287 σεὶτῖνη
304 1254 423 1298 Οὖρα-νυ
410 1254 459 1285 ἐθ
477 1266 537 1298 προ
541 1255 661 1298 ὕφαινε,

89 1298 254 1340 κατείχετο
288 1298 323 1331 δὲ
347 1311 377 1331 νε
366 1311 418 1343 φε
407 1301 522 1340 ’,εσσιν
541 1303 602 1334 Od.
627 1303 660 1340 ἰ,

92 1353 169 1383 144,
190 1347 254 1383 145
277 1359 285 1380 :
309 1357 403 1390 quem
427 1356 531 1381 totum
554 1349 664 1380 locum

88 1394 244 1433 Virgilius
277 1402 350 1425 aute
386 1397 497 1427 oculos
526 1396 639 1426 habuit
654 1418 663 1434 ‚

88 1439 182 1469 laude
203 1447 310 1472 tamen
335 1441 488 1473 hactenus
515 1444 661 1483 integra,

89 1485 177 1526 quod
192 1487 428 1519 Achemaem'dis
454 1500 589 1530 persona
615 1490 665 1518 in-

92 1532 188 1562 ducta
209 1544 353 1575 magnam
373 1535 552 1577 legentibus
571 1535 666 1566 mira-

91 1579 212 1610 tionem
233 1582 279 1611 rei
296 1583 436 1612 novitate
454 1582 539 1613 facit.
564 1582 669 1612 Imita-

92 1632 194 1655 torem
206 1628 308 1657 nostri
316 1627 412 1658 habes
422 1628 575 1659 Ovidium
587 1629 668 1658 XIV

94 1672 174 1701 Met.
204 1672 266 1701 158
291 1683 380 1713 sqq.‚
407 1674 464 1703 ubi
491 1675 530 1704 ad
555 1675 669 1705 Cumas

94 1717 173 1747 alius
188 1717 312 1758 Ulyssis
326 1721 432 1750 socius
445 1720 638 1750 substiterat.

144 1763 208 1793 588
219 1781 267 1787 --
278 1765 355 1806 592.
374 1765 484 1796 Primo
506 1768 575 1796 Eoo
585 1789 594 1804 ,
609 1768 671 1796 Lu-

95 1809 213 1848 cifero,
238 1821 349 1848 mane3
373 1811 453 1854 τ’,ῷος
482 1810 599 1855 ἀστὴρ,
627 1812 668 1843 cf.

96 1858 203 1899 Georg
219 1857 250 1893 1,
275 1858 352 1889 288.
370 1859 520 1889 Umbram
540 1858 670 1889 Immen-

96 1911 158 1934 tem
166 1927 176 1940 ,
192 1906 240 1934 uti
251 1912 357 1936 amant
369 1912 472 1946 poetae
483 1913 606 1936 noctem
615 1905 671 1936 hu-

97 1949 276 1992 midam(cf.
288 1952 548 1993 Cerda)‚propter
555 1963 670 1984 rorem.

86 2027 90 2030 ,
145 1997 223 2037 593.
242 1998 455 2039 Prospicimus
469 1999 590 2040 aliquot
605 2000 672 2030 Pie-

98 2044 381 2086 riani.1ngluvies
402 2047 507 2086 Sprot.
524 2045 671 2076 dimissa-

98 2100 160 2130 que
194 2093 293 2122 barba
322 2092 407 2123 idem
440 2103 514 2123 cum
541 2092 670 2122 Vran'sl.

101 2146 175 2168 cum
191 2139 289 2181 Goth.
315 2149 378 2170 sec.
395 2140 476 2181 (pro
490 2139 627 2169 demissa
640 2139 651 2179 )
662 2161 670 2175 ,

96 2184 254 2224 promissa
267 2187 392 2217 Nouius
412 2186 448 2216 in
461 2186 668 2227 promittere,

709 798 740 822 et
755 791 841 822 Gud.
861 800 877 820 a
889 801 931 821 m.
945 800 994 830 pr.
1012 799 1019 820 :
1032 796 1203 830 utrumque
1215 790 1286 819 vul-

709 839 814 878 garius
832 847 898 878 prae
922 847 979 874 eo,
1005 836 1095 877 quod
1114 846 1285 866 excussum

710 891 766 914 est.
784 886 1008 924 lmmensaque
1025 883 1117 914 Witt.
1139 883 1286 913 Servium

711 931 846 971 argutari
865 930 1066 960 a1·hitror.—
1076 930 1141 969 593
1151 946 1198 952 —
1209 929 1250 968 59
1256 928 1287 959 5.

712 976 804 1008 Conf.
820 983 881 1006 vet.
896 983 990 1017 poeta
1002 975 1041 1005 de
1049 975 1188 1016 Thyeste
1201 975 1287 1015 apud

713 1023 780 1054 Cic.
791 1025 887 1053 Tusc.
904 1024 969 1063 Qu.
983 1023 1032 1052 ΠΙ
1043 1045 1051 1059 ,
1071 1032 1123 1052 12.
1139 1020 1289 1051 Immissa

712 1070 747 1099 in
774 1069 903 1106 faciem,
928 1068 1070 1109 adeoque
1097 1068 1288 1108 exquisitius

713 1125 809 1156 quam
830 1114 989 1154 promissa
1016 1114 1126 1144 barba.
1158 1114 1291 1144 Conser-

715 1168 780 1190 tum
796 1160 897 1200 spinis
914 1167 1074 1202 tegumen.
1095 1161 1227 1192 Vestem
1245 1159 1289 1189 la·

714 1216 818 1238 ceram
841 1217 879 1239 ao
897 1205 1045 1238 detritam
1062 1205 1217 1245 hahebat,
1242 1211 1292 1246 et,

715 1266 756 1285 ne
772 1255 871 1295 panni
893 1254 1094 1291 diffluerent,
1119 1256 1217 1295 spinis
1232 1265 1293 1296 pro

715 1300 778 1332 filis
806 1308 971 1331 consutam
1001 1307 1032 1330 et
1055 1307 1180 1332 sartam.
1206 1301 1292 1332 conf.

717 1346 812 1378 Ovid.
832 1349 911 1378 Met.
927 1349 1020 1385 XIV,
1040 1347 1120 1384 166,
1139 1347 1198 1377 ubi
1210 1348 1293 1377 mul-

717 1400 747 1423 ta
779 1404 819 1424 ex
848 1394 986 1434 Virgilio
1018 1393 1217 1424 adumbrata.
1245 1395 1294 1424 Ex

717 1439 768 1470 his
790 1441 867 1480 ipsis
886 1447 992 1471 tamen
1015 1441 1129 1480 pannis
1146 1450 1296 1480 agnosce-

718 1485 814 1516 batur
847 1486 976 1516 Graecus
1002 1495 1095 1517 esse:
1125 1487 1246 1516 scilicet
1268 1487 1294 1515 si

719 1538 823 1562 totum
844 1534 994 1563 vestitum
1018 1540 1050 1563 et
1072 1532 1219 1562 habitum
1236 1531 1295 1563 ho·

720 1579 815 1608 minis
827 1586 999 1620 reputares.
1018 1580 1125 1610 Latius
1146 1579 1296 1610 Servius:

721 1625 829 1654 Habet
862 1626 950 1656 enim
985 1635 1186 1666 unaquaeqne
1215 1635 1297 1666 gens

721 1670 878 1701 incessum
897 1678 929 1702 et
944 1682 1058 1702 vocem
1074 1670 1248 1712 propriam.
1250 1688 1297 1693 -—

725 1718 802 1757 595.
833 1719 875 1748 Ut
897 1718 1061 1759 quondam
1087 1718 1132 1746 ita
1155 1718 1298 1757 reposuit

722 1764 896 1794 Burmann.
926 1775 967 1794 ex
989 1765 1115 1804 Hagen.
1128 1785 1136 1799 ‚
1169 1769 1207 1792 ut
1229 1772 1298 1792 sen-

723 1810 853 1839 tentiam
863 1811 976 1840 melius
989 1815 1192 1840 connecteret
1202 1810 1299 1849 :poni

723 1857 807 1885 enim
831 1864 883 1893 ut,
907 1855 1175 1898 quemadmodum
1192 1865 1274 1895 saepe
1289 1877 1298 1891 ,

723 1909 758 1932 nt
792 1910 861 1933 emt
875 1926 885 1940 ‚
920 1903 1003 1934 sicae
1024 1909 1103 1933 erat.
1136 1900 1216 1931 Inde
1243 1900 1297 1931 ffla

723 1948 850 1979 illuvies
866 1971 875 1986 ,
908 1950 983 1981 inde
1023 1949 1146 1978 detritae
1172 1954 1296 1983 vestes,

725 1995 813 2037 quod
840 1995 897 2026 diu
925 1998 961 2027 in
993 1994 1160 2025 obsidione
1193 1993 1297 2031 Trojae

724 2041 865 2073 haeserat.
892 2042 1000 2083 Vulgo
1022 2041 1138 2081 legitur
1158 2040 1213 2070 Et.
1238 2041 1296 2069 Vi-

725 2088 797 2118 deat
816 2089 933 2126 lector,
957 2098 998 2118 an
1015 2088 1050 2117 in
1072 2087 1133 2117 hoc
1157 2087 1298 2127 aequies-

725 2145 795 2165 cere
810 2135 916 2173 malit;
932 2134 1080 2176 equidem
1093 2133 1154 2164 hoc
1172 2143 1298 2163 revoca—

726 2182 768 2212 vi.
782 2199 830 2205 —
841 2181 959 2213 Pam'is
975 2181 1023 2212 ad
1044 2180 1174 2221 Trojam
1189 2178 1300 2210 missus

918 2237 935 2247 t
