1433 2460
82 97 122 126 53
585 93 778 124 AENEIDOS

80 157 205 193 Classe
224 154 323 190 veho
342 163 508 197 mecum,
530 151 628 189 sama
647 165 761 202 super
779 151 919 189 aethera
938 160 1061 188 notus.

81 215 227 253 Italiam
247 224 376 262 quaero
396 212 577 262 patriam,
598 226 716 263 genus
733 212 780 249 ab
802 216 898 249 Jove
917 226 1076 250 sunnno.

1241 218 1288 243 380

82 277 143 313 Bis
160 275 264 311 (lonis
282 272 488 323 Phrygium
506 273 708 310 conscendi
726 273 888 311 navibus
910 285 1061 323 aequor,

83 339 205 372 Matre
223 334 292 370 dea
309 342 539 370 monstrante
557 335 676 379 viam,
698 334 784 371 data
803 334 877 370 sata
894 343 1057 371 secutus.

83 397 154 432 Vix
171 403 312 444 septem
331 394 518 432 convolsae
542 394 651 431 undis
670 398 850 445 Euroque
867 403 1079 445 supersunt.

83 459 189 505 Ipse,
209 455 381 505 ignotus,
401 467 533 505 egem,
551 454 682 504 Libyae
701 454 849 492 deserta
864 466 1046 505 peragro,

85 519 238 566 Europa
260 523 373 565 atquc
394 517 483 553 Asia
504 516 646 565 pulsus.
669 531 684 548 »
701 518 781 553 Nec
798 516 909 566 plura
923 522 1145 565 querentem

1243 521 1291 545 385

85 581 195 615 Passa
213 579 341 615 Venus
361 577 488 615 medio
508 578 562 615 sic
581 576 757 614 interfata
777 575 909 613 dolore
929 583 984 613 cst
1001 589 1009 610 :

90 746 200 785 Itaque
214 751 336 774 castum
351 743 433 773 dixit
449 744 559 773 Horat.
580 743 615 771 C.
637 743 667 771 S.

92 798 146 828 42.
169 793 320 821 Penates.
348 789 411 819 vid.
437 791 484 826 11,
508 790 584 828 293.

139 838 215 868 380.
233 837 382 867 Fabulam
400 843 492 877 poeta
508 835 668 875 sequitur,

89 894 152 925 qua
166 883 332 913 Dardanus
347 894 363 912 a
378 882 522 923 Corytho
536 880 671 921 Tyrrhe-

91 941 134 960 no
155 941 254 971 genus
270 930 384 959 ducere
401 928 578 964 ferebatur,
596 938 670 957 cum

93 977 255 1017 Corythus
280 975 533 1006 Samothracicus
547 975 580 1003 in
595 984 668 1003 eum

92 1030 172 1053 essct
198 1022 364 1052 translatus
388 1019 595 1051 similitudine
614 1031 670 1050 no-

93 1070 199 1099 minis.
228 1080 258 1098 V.
287 1071 358 1098 AEn.
388 1069 472 1105 vn,
503 1067 569 1096 205
600 1077 668 1106 sqq.

96 1121 161 1151 240
190 1125 236 1154 sq.
254 1125 262 1151 ;
278 1116 379 1152 VIII,
402 1115 465 1150 134
493 1123 539 1153 sq.
563 1121 570 1144 :
590 1113 671 1143 adde

94 1161 150 1192 lib.
166 1162 233 1198 111,
255 1161 313 1199 167
328 1183 337 1198 ‚
356 1161 386 1191 8.
413 1162 497 1191 Hinc
513 1159 569 1190 lib.
588 1161 668 1197 VII,

100 1218 112 1238 1
122 1218 161 1237 22
183 1217 190 1238 z
218 1207 280 1237 Hic
312 1207 442 1243 domus,
471 1206 539 1236 lzaec
557 1205 671 1246 patria

95 1261 165 1290 (ηε,-
180 1255 211 1283 ΙΙ
223 1276 231 1291 ,
249 1254 316 1284 620
328 1277 336 1291 ‚
357 1261 456 1283 tntum
467 1253 578 1294 patrio
594 1260 624 1282 te
637 1253 672 1282 li-

97 1300 184 1330 mine
199 1299 321 1330 sistam.
340 1302 501 1330 Hactenus
518 1299 606 1329 Italia
625 1307 672 1330 est

97 1349 204 1377 AEneae
219 1347 339 1387 patria3
356 1353 387 1376 et
403 1347 554 1377 hactenus
569 1356 673 1387 genus

97 1404 119 1422 a
134 1395 210 1422 Jove
232 1392 381 1430 ductum,
398 1393 431 1424 h.
450 1404 477 1424 e.
493 1394 622 1433 stirpem
640 1400 672 1422 et

97 1440 253 1480 originem
277 1441 399 1480 generis
420 1450 435 1469 a
461 1441 543 1470 Jove
558 1439 669 1477 ducti,

97 1492 254 1526 quatenus
272 1485 455 1521 Dardanus,
473 1487 564 1516 Jovis
585 1485 671 1528 filius

98 1543 139 1562 ex
152 1532 274 1562 Electra
284 1555 292 1569 ‚
307 1539 338 1561 et
351 1534 473 1573 generis
488 1539 598 1562 auctor
607 1554 615 1569 ‚
631 1542 672 1561 ex

97 1578 189 1609 Italia
215 1578 370 1608 oriundus
397 1586 452 1609 est.
476 1579 515 1609 cf.
540 1580 588 1608 ΙΙΙ
599 1601 607 1616 ,
628 1584 672 1618 94

99 1636 168 1666 sqq.
180 1626 250 1654 Hoc
261 1625 375 1666 qua-ric
384 1648 392 1660 ,
410 1626 489 1665 petit
499 1647 508 1662 ,
523 1625 556 1654 h.
568 1636 595 1655 e.
612 1631 674 1654 ter—

99 1682 166 1701 ram
191 1671 225 1700 in
247 1682 309 1712 qua
338 1673 522 1712 progenitor
547 1671 600 1700 ille
625 1681 674 1700 or-

99 1724 168 1747 tum
197 1717 361 1748 habuerat.
400 1719 444 1747 At
473 1719 674 1747 Burmannus

98 1774 166 1794 eam
182 1765 337 1795 rationem
350 1765 494 1804 sequitur
504 1786 512 1800 ‚
527 1770 563 1793 ut
571 1774 674 1805 genus

99 1810 287 1840 nominandi
296 1822 368 1841 casu
378 1811 518 1851 positum
529 1811 672 1850 accipiat:

100 1868 160 1898 ego
178 1857 321 1894 AEneas,
336 1867 439 1899 genus
455 1867 476 1885 a
489 1858 581 1892 Jove,
598 1856 630 1886 h.
645 1867 673 1886 e.

100 1904 207 1940 Jovis,
224 1910 262 1933 ut
271 1905 314 1942 V,
327 1905 368 1940 45
378 1926 386 1941 ‚
406 1914 515 1944 quaero
528 1904 673 1944 patriam.

101 1952 183 1989 Quae
200 1951 280 1980 ratio
304 1961 362 1991 per
381 1961 413 1980 se
435 1956 482 1979 est
502 1950 605 1986 bona,
619 1948 675 1979 sed

102 1994 181 2024 dura
203 2003 249 2025 est
277 1998 397 2034 oratio,
428 2003 460 2026 et
477 1995 546 2026 haec
569 1996 675 2036 stirpis

103 2044 289 2072 memoratio
299 2043 407 2084 paullo
417 2044 516 2073 serius
526 2053 621 2083 quam
631 2053 676 2072 re-

101 2086 188 2128 liqna
204 2090 305 2119 oratio
315 2090 374 2119 fert
385 2112 393 2126 ‚
403 2090 520 2127 subjici
536 2088 674 2118 videtur.

153 2134 193 2164 38
204 2145 229 2164 1.
252 2135 427 2177 Pltnpgz'um
443 2146 572 2176 aequor,
588 2135 675 2164 litori

103 2180 236 2210 Troadis
251 2191 307 2210 seu
321 2183 465 2223 Phrygiae
483 2183 616 2212 minoris
629 2188 675 2210 est
690 2182 693 2184 ’

102 2232 302 2267 praetentum.
349 2228 527 2259 Conse-endi
566 2237 678 2270 aequor

727 742 855 772 navibus
868 740 994 770 doctius
1005 739 1127 770 dictum
1136 763 1144 777 ‚
1160 750 1219 780 pro
1232 740 1299 770 vul-

725 791 789 831 gari
803 813 810 826 ,
843 787 1053 818 conscendere
1094 796 1200 817 naves,
1233 788 1299 827 Qui

724 837 809 866 enim
839 835 870 864 in
901 834 1000 863 altum
1029 833 1188 867 evehitur,
1215 834 1242 863 is
1270 841 1301 863 et

724 893 837 923 aeqnor
855 880 1068 911 conscendere
1093 880 1157 910 dici
1184 887 1298 921 potest.

723 946 770 953 ·—-
784 929 861 959 382.
887 928 993 957 Matre
1016 926 1078 956 dea
1103 933 1301 957 monstrante

722 976 827 1006 viam.
844 976 914 1004 AEn.
932 975 980 1011 11,
995 974 1059 1013 589
1076 984 1145 1013 sqq.
1163 972 1246 1003 nihil
1261 972 1301 1003 de

723 1023 774 1052 via
790 1033 806 1051 a
817 1023 943 1051 Venere
956 1027 1128 1050 monstrata
1139 1026 1300 1058 monetur,

723 1068 778 1099 sed
792 1075 913 1098 tantum
927 1067 1055 1106 defuga
1069 1078 1099 1097 v.
1117 1067 1184 1106 619
1197 1089 1205 1104 ,
1220 1067 1299 1097 620.

723 1118 846 1145 Verum
875 1114 963 1144 suere
991 1113 1060 1142 aliae
1080 1114 1115 1143 in
1136 1123 1205 1143 eam
1234 1123 1301 1143 rem

724 1162 851 1192 sabulae.
881 1162 963 1201 Quae
995 1161 1122 1190 Servius
1149 1167 1181 1189 et
1208 1162 1300 1190 Pom-

723 1209 840 1249 ponius
864 1218 905 1237 ex
928 1210 1073 1237 Varrone
1103 1205 1143 1237 de
1167 1207 1302 1236 Veneris

725 1255 814 1284 stella
837 1254 890 1284 hic
912 1252 1113 1284 incommode
1138 1253 1213 1283 satis
1235 1263 1300 1283 me-

725 1308 871 1338 morant,
884 1307 1019 1341 potuere
1042 1299 1178 1330 insidere
1198 1306 1302 1340 poetae

725 1349 831 1378 animo
850 1348 885 1377 in
906 1346 991 1377 libro
1011 1348 1056 1384 ΙΙ,
1082 1346 1147 1387 693
1165 1345 1206 1375 de
1223 1346 1303 1376 coelo

724 1395 819 1435 lapsa
839 1400 900 1424 etc.
919 1393 1112 1435 Datafata,
1129 1399 1302 1423 monstrata

725 1452 799 1471 cum
810 1451 866 1482 per
877 1441 1024 1480 auspicia,
1037 1447 1103 1470 tum
1119 1449 1176 1480 per
1191 1449 1299 1469 oracu—

724 1487 754 1518 la
773 1489 836 1525 111,
852 1487 895 1526 95
908 1497 956 1527 sq.
976 1487 1036 1516 163
1056 1497 1102 1527 sq.
1124 1486 1189 1524 375
1205 1496 1252 1526 sq.

773 1535 811 1563 In
826 1534 890 1564 383
901 1551 949 1555 —-
960 1533 1025 1562 385
1040 1532 1173 1563 observa
1187 1533 1303 1573 magui-

726 1579 819 1610 {icam
831 1580 1003 1609 dictionem
1019 1589 1059 1608 ex
1074 1578 1247 1608 verborum
1257 1577 1303 1607 di-

727 1626 824 1656 lectu.
839 1627 968 1667 Ignotus
980 1627 1067 1656 Serv.
1078 1625 1211 1664 exponit
1225 1635 1303 1665 qua-

727 1672 757 1701 si
772 1679 904 1713 propter
920 1682 951 1702 v.
970 1670 1145 1712 379sama
1158 1681 1183 1700 ε.
1195 1681 1227 1701 a.
1247 1681 1303 1700 no-

729 1725 787 1749 tus.
811 1719 983 1748 Enimvero
1003 1723 1050 1747 est
1064 1719 1099 1746 in
1112 1723 1194 1747 terra
1210 1717 1302 1759 iguo-

728 1772 759 1794 ta
784 1766 868 1794 inter
894 1764 1060 1801 homines,
1082 1763 1200 1804 quibus
1237 1765 1304 1804 ipse

727 1812 856 1852 ignotus
879 1817 935 1841 est.
959 1812 1010 1841 Sic
1025 1810 1110 1840 solus
1129 1809 1242 1850 aliquis
1257 1819 1304 1839 er-

727 1868 798 1887 rare
807 1856 923 1887 dicitur
932 1858 965 1886 in
975 1855 1158 1887 solitudine.
1165 1873 1214 1880 --
1223 1856 1264 1886 38
1271 1855 1301 1886 5.

728 1905 811 1934 Eum
825 1903 1038 1944 interpellavit
1049 1913 1058 1939 3
1071 1913 1090 1932 v
1110 1902 1139 1940 l,
1152 1912 1219 1932 non
1227 1912 1304 1942 pa&

728 1961 766 1980 sa
798 1957 997 1991 querentem,
1012 1913 1181 1998 pasin
1200 1959 1303 1988 passa

729 2007 801 2026 eum
816 1995 908 2037 queri
914 1996 1026 2035 plura,
1045 2004 1146 2035 graeca
1160 1995 1302 2032 ratione;

729 2043 800 2080 vel,
823 2042 978 2083 interfata
999 2048 1195 2082 querentem.
1226 2042 1303 2071 Non

722 2099 825 2129 passa
846 2099 888 2118 sc.
911 2089 1001 2127 queri
1022 2087 1119 2127 plura
1133 2098 1144 2116 :
1170 2083 1238 2118 οὐδ’
1254 2085 1304 2118 ita

728 2132 845 2165 κλαίειν
861 2134 950 2164 Iliad.
965 2145 984 2166 η
1007 2140 1083 2171 427.
1099 2135 1228 2174 Semper
1247 2144 1303 2164 au-

728 2187 790 2210 tem
817 2180 901 2222 apud
924 2183 1053 2211 Homer.
1071 2179 1122 2222 ε’ᾆν
1140 2191 1215 2210 cum
1230 2179 1304 2211 infi-

727 2228 831 2259 nitivo
839 2239 849 2267 ;
862 2238 929 2259 non
943 2238 1016 2258 cum
1031 2228 1211 2269 participio.
