1433 2460
114 109 176 136 338
586 110 806 140 lixCURSFS
829 109 839 138 l

113 168 250 210 Δούρειες
267 168 314 197 vel
334 166 502 209 Δευρέτεος
521 174 554 198 ut
570 169 601 198 in
620 180 688 199 arce
703 170 900 199 Athenarum
917 180 955 199 ex
971 179 1029 198 :ri-c
1042 191 1049 205 ‚
1067 178 1116 209 ap.
1132 170 1263 199 Pausan.
1282 170 1315 205 Ι,

115 226 154 252 2³3
172 239 182 263 k
197 223 268 252 add.
284 222 389 252 Sclwl.
407 223 572 263 Aristopli,
593 226 652 254 ΑΥ.
678 236 687 253 1
702 225 761 254 ¹28
775 248 782 262 ‚
798 225 853 254 ubi
877 232 905 254 οι
926 224 1037 254 titulus
1058 230 1250 253 memoratur
1270 223 1317 252 iu-

111 278 267 317 scriptus:
290 272 484 318 Χαιρέδημος
504 276 688 321 Εὐαγγέλου
709 278 742 308 ἐκ.
758 277 867 314 Κοίλκς
883 277 1025 315 &vio-am,
1048 290 1120 318 quac
1142 278 1203 307 suit
1231 276 1316 306 haud

113 331 205 370 longc-
225 341 240 359 a
256 332 419 360 Ceramico
443 340 450 360 :
472 342 502 361 v.
524 331 560 360 ad
584 332 737 363 llerodot.
758 335 823 371 vl,
847 335 906 363 103
924 345 954 373 p.
973 334 1049 369 486.
1063 334 1074 374 )
1090 340 1119 362 ct
1144 333 1177 361 in
1200 331 1318 372 Pokrg-

115 385 183 414 moti
203 385 312 413 tabula
339 385 421 425 apud
445 385 586 425 Delphos
610 386 687 416 ibid.
710 389 758 423 X,
775 388 817 416 26
838 387 957 427 (quem
980 387 1080 416 simile
1097 393 1317 427 argumentum

113 439 247 468 Athenis
263 441 296 468 iu
316 439 431 469 Poecilv
455 441 595 480 pinxisse
619 452 657 470 ex
676 441 848 471 Plutarcho
868 443 900 471 in
924 443 1065 472 Cimonis
1079 444 1139 472 vita
1156 454 1187 483 p.
1208 443 1269 478 481
1288 443 1316 471 A

112 501 259 534 apparet,
280 494 335 523 ubi
352 491 406 529 τὰς
421 491 575 536 Τρωάδας
587 518 595 531 ,
610 502 641 524 et
660 496 807 525 intereas
821 496 978 526 Laodicen
994 496 1030 525 ad
1052 504 1160 526 amata:
1181 497 1241 526 sibi
1263 497 1316 527 El-

114 549 235 588 pinices
256 549 393 588 speciem
407 571 414 585 ‚
436 550 626 589 expressisse
656 550 867 590 memoratur)
886 551 919 579 in
941 561 1002 590 qua
1030 552 1134 591 Epeus
1156 550 1318 580 exhibitus

113 602 320 641 eimundus,
347 603 451 641 'l'rojae
477 613 605 633 murum
632 603 700 633 solo
734 614 876 644 mquam,
896 601 1108 634 zzsszssdmmv
1138 602 1178 638 εἰς
1204 600 1317 645 ἔδαφος

115 659 173 686 τῶν
190 655 302 699 Τρώων
322 655 356 687 τὸ
376 656 476 696 τεῖχος
489 680 497 694 ,
517 658 719 697 prominente
737 658 821 687 inter
838 660 945 688 ruinas
962 660 1063 699 capite
1085 659 1159 699 equi
1175 659 1317 689 Duratei.

115 713 142 741 Α
160 711 278 751 quibus
298 711 434 741 inultum
454 711 596 741 discessit
618 712 731 742 Comes
748 712 878 753 Caylus‚
895 713 929 742 in
944 713 1204 753 interpretatione
1219 718 1250 742 et
1266 711 1319 741 ad-

116 765 318 795 umbratione
336 766 432 804 hujus
451 767 585 806 picturae
601 765 702 807 (Hist.
724 766 764 795 de
788 766 919 797 I'Acad.
940 767 995 796 cles
1014 768 1112 798 Inscr.
1131 773 1154 797 t.
1173 766 1317 802 xxvn,

117 831 148 860 p.
169 822 209 855 34
223 820 246 862 ).
267 820 327 851 Sed
352 822 457 861 Epeus
481 831 521 850 ex
541 819 670 850 artificis
691 828 797 851 mente
819 822 945 851 ruinam
974 823 1057 852 muri
1081 821 1263 863 ampliabat,
1284 827 1321 851 ut

114 881 302 915 prospectus
318 876 351 904 in
368 874 481 905 urbem
496 881 635 916 pateret,
653 875 734 905 iutra
755 877 846 914 cujus
862 878 977 906 moenia
997 883 1085 907 erant
1105 874 1319 917 patefacienda

113 927 286 966 nonnulla,
304 939 374 969 quae
405 929 444 958 ad
466 936 688 969 argumentum
708 930 903 970 spectabant.
924 934 1040 961 Praeter
1063 929 1192 960 artificis
1215 937 1318 960 tamen

115 983 257 1011 animum
275 993 309 1012 ac
322 993 422 1024 graeca
441 984 618 1021 Pausaniae,
635 994 782 1024 expressa
801 992 876 1014 sunt
896 996 912 1015 a
935 985 1034 1026 Caylo
1053 986 1145 1015 etiam
1166 983 1224 1013 alia
1240 993 1320 1013 non-

114 1035 212 1066 nulla.
230 1035 283 1066 Ad
296 1044 442 1066 nostrum
459 1044 584 1077 tempus
600 1045 721 1067 servata
735 1049 846 1079 opera,
861 1040 895 1068 in
911 1039 1029 1079 quibus
1048 1049 1148 1080 equus
1163 1039 1318 1076 Trojanus

113 1090 225 1118 visitur
236 1112 244 1126 ‚
263 1090 550 1120 VVinckelmannus
573 1091 648 1120 olim
674 1091 860 1122 numerabat
879 1100 1036 1132 quatuor,
1052 1093 1208 1133 picturam
1219 1114 1228 1130 ‚
1245 1091 1318 1121 satis

113 1146 225 1175 inscite
239 1144 351 1175 factam
363 1169 371 1184 ‚
388 1146 514 1177 Codicis
529 1147 675 1176 ‘vaticani
691 1157 708 1176 a
723 1148 864 1177 Bottario
878 1147 927 1178 ed.
946 1159 978 1188 p.
997 1148 1038 1184 43
1053 1155 1085 1178 et
1099 1154 1137 1186 47
1152 1158 1161 1186 ;
1177 1145 1317 1189 tabulam

115 1200 242 1230 Iliacam
257 1212 273 1230 a
285 1201 435 1232 Fabretto
448 1202 606 1243 vulgatam
619 1225 627 1240 ,
642 1213 732 1232 num.
750 1203 793 1242 95
810 1210 841 1233 et
862 1213 924 1233 100
944 1202 1052 1244 (unde
1067 1205 1204 1243 Begerns
1219 1208 1320 1232 utant-

114 1255 189 1284 tulit
215 1257 249 1285 in
277 1255 334 1286 lib.
358 1255 396 1285 de
418 1255 506 1286 Bello
531 1262 562 1285 et
582 1256 718 1286 Excidio
736 1256 861 1298 Troj.);
879 1267 1035 1299 gemmam
1055 1256 1141 1298 apud
1157 1257 1316 1292 Licetum‚

115 1319 147 1348 p.
168 1309 232 1338 310
251 1308 336 1349 (quo
351 1309 496 1340 Gorlaeus
515 1310 642 1351 repetiit
660 1312 695 1341 P.
715 1311 758 1348 11,
775 1322 808 1342 n.
828 1311 932 1353 523);
947 1319 979 1342 et
994 1313 1153 1352 picturam
1167 1307 1319 1340 Hercula-

115 1373 245 1392 nensem
257 1386 265 1401 ,
283 1371 360 1395 tom.
381 1367 444 1402 111,
460 1373 482 1396 t.
501 1372 543 1401 4ο
570 1377 602 1395 re
618 1367 652 1395 in
673 1367 773 1396 risum
788 1377 876 1396 versa
888 1389 896 1403 ,
912 1373 948 1395 ut
967 1377 1025 1406 pro
1048 1365 1178 1407 parodia
1193 1364 1320 1395 scenica

113 1415 225 1447 haberi
242 1428 291 1447 res
307 1419 423 1458 possit;
440 1418 560 1459 quibus
572 1420 638 1458 ipse
655 1420 777 1449 addidit
789 1421 938 1460 quintum
955 1420 1136 1460 exemplum
1151 1430 1168 1449 e
1185 1427 1318 1460 gemma,

114 1473 260 1503 Monam.
284 1479 353 1502 ant.
383 1473 474 1503 Ined.
501 1474 596 1511 CXL,
614 1484 685 1514 quae
709 1485 781 1504 cum
806 1475 942 1515 Virgilio
967 1474 1121 1504 hactenus
1146 1473 1316 1509 convenit,

114 1527 202 1567 quod
220 1530 255 1558 in
281 1539 315 1557 ea
337 1538 523 1568 expressum
541 1527 575 1557 id
593 1527 682 1568 quod
708 1539 739 1559 v.
767 1529 833 1558 262
858 1529 992 1571 legimus
1011 1539 1019 1560 :
1039 1529 1217 1560 Demissum
1235 1527 1337 1568 lapsi'

106 1581 289 1622 perfunem
300 1593 313 1618 ;
332 1588 435 1611 tamen
446 1581 542 1611 simul
556 1581 638 1610 scala
654 1581 779 1612 admota
794 1593 877 1623 equo
892 1584 1035 1613 cernitur
1045 1606 1053 1621 ‚
1071 1593 1166 1624 quam
1179 1584 1319 1624 Quintus

115 1636 180 1668 Cal.
197 1637 281 1674 XII,
299 1637 338 1666 52
370 1643 401 1666 et
423 1636 604 1678 Tryphiod.
626 1648 656 1667 v.
681 1637 724 1676 89
750 1645 945 1675 memorant3
963 1638 1084 1668 Tabula
1109 1639 1202 1668 etiam
1224 1639 1318 1668 Iliaca

111 1701 202 1722 num.
225 1701 288 1721 100
305 1691 445 1722 exhibet.
465 1691 651 1721 Cernuntur
674 1691 793 1721 ibidem
810 1692 950 1722 claustra
970 1691 1023 1734 (v.
1044 1692 1102 1724 inf.
1122 1691 1225 1734 259),
1247 1704 1318 1734 quae

114 1748 214 1776 Sinon
238 1747 336 1776 laxat
359 1753 389 1776 et
409 1747 527 1786 aperit,
545 1745 579 1776 h.
600 1756 627 1776 e.
651 1743 749 1789 θυρίον
770 1758 826 1777 seu
850 1748 1016 1786 ostiolum3
1037 1748 1125 1789 quod
1139 1748 1224 1779 idem
1243 1759 1318 1779 cum

114 1800 190 1830 fune
218 1801 252 1829 in
277 1801 404 1841 pictura
427 1799 553 1831 Codicis
574 1802 677 1831 Vatic.
702 1812 733 1841 p.
756 1808 796 1840 47
824 1803 974 1833 occurrit.
999 1804 1054 1832 Est
1068 1802 1197 1833 taudem
1211 1810 1318 1844 patera

114 1856 250 1885 Etrusco
258 1878 266 1893 ‚
278 1866 333 1885 seu
344 1855 455 1885 Italico
466 1866 561 1896 opere
569 1878 578 1893 ,
589 1856 674 1897 apud
686 1856 842 1886 Lanzium
852 1857 864 1898 (
873 1856 993 1899 Saggio
1003 1857 1039 1887 di
1046 1857 1160 1900 lingua
1170 1857 1318 1899 Etrusca)

114 1916 191 1940 tom.
212 1912 244 1940 11
253 1921 303 1950 ‚p.
317 1911 394 1940 223.
410 1909 556 1940 Habebat
570 1911 668 1952 igitur
681 1919 775 1952 poeta
791 1912 931 1942 fabulam
945 1923 961 1942 a
980 1913 1087 1943 multis
1108 1920 1269 1944 tractatam
1286 1920 1317 1943 et

114 1965 278 2005 vulgarem
298 1972 369 1995 ante
387 1976 419 1994 se
434 1965 570 2005 positam
580 1987 588 2002 ,
606 1965 661 1994 sed
676 1976 749 1995 cum
766 1977 802 1996 ea
817 1967 913 1996 simul
929 1968 1063 2008 tragicos
1079 1978 1154 1997 suos
1172 1978 1213 1997 ex
1227 1968 1316 1997 Grae-

116 2018 160 2046 cis
181 2029 356 2059 expressos.
380 2019 461 2049 Nam
479 2018 562 2048 Livii
582 2019 767 2049 Andronici
790 2020 851 2050 fuit
872 2021 996 2058 fabula,
1013 2023 1122 2062 Equus
1141 2020 1313 2062 Trojanus,

116 2084 132 2101 e
151 2082 211 2112 qua
232 2073 404 2114 fragmenta
425 2084 526 2114 pauca
554 2082 743 2119 supersunt,
759 2075 880 2115 aliaque
900 2074 1006 2106 Νιενίἰ
1021 2085 1070 2115 ap.
1086 2075 1232 2106 Macrob.
1252 2077 1316 2114 VI,

121 2136 134 2154 1
148 2148 155 2162 ‚
175 2133 206 2155 et
231 2126 269 2156 de
288 2138 325 2157 eo
351 2135 457 2157 actum
483 2128 544 2157 fuit
562 2128 596 2157 in
620 2128 715 2157 Accii
738 2128 914 2169 Deiphobo,
937 2127 1002 2159 vid.
1021 2130 1108 2159 Serv.
1132 2129 1171 2158 ad
1191 2130 1242 2165 ΙΙ,
1263 2139 1315 2167 17.

117 2181 174 2210 Uti
187 2191 316 2221 quoque
338 2183 372 2212 in
393 2183 533 2223 Tragicis
552 2182 671 2213 Graecis
694 2189 906 2220 memoratur,
925 2194 955 2213 v,
983 2194 1010 2214 c.
1033 2184 1179 2224 Euripid.
1199 2184 1314 2215 Troad-

117 2244 137 2274 9
153 2245 198 2274 Sq-
