1433 2460
170 111 227 140 ις’).

670 100 865 131 AExttttios

161 166 277 199 Arma
299 172 425 195 amens
443 159 571 207 capit),
589 171 657 195 ncc
677 167 732 194 sat
755 159 910 196 rationis
933 158 967 194 in
990 157 1112 193 armis.

161 222 235 258 scd
257 221 465 270 glouwrarc
483 232 633 255 matium
652 219 769 265 bollo,
792 228 827 255 vt
849 233 1067 255 coucurrvu
1095 218 1130 254 in
1152 229 1276 253 arcem
1317 224 1364 249 315

163 285 255 319 Cum
274 280 383 315 sociis
403 278 535 315 ardent
556 280 688 326 auimi3
711 280 818 315 furor
836 280 968 329 iraque
989 288 1151 315 mrim-ni

163 339 423 389 1‘1·;1›cipitant‚
445 338 722 387 pulchrumque
743 340 839 375 mori
863 339 1049 375 succurrit
1073 339 1107 373 in
1127 338 1251 374 armis.

217 404 312 437 Ecce
331 408 456 436 autom
474 399 555 435 tclis
575 399 742 435 Panthus
763 401 910 449 clapsus
930 401 1136 445 Achivum,

167 461 333 498 Panthus
351 458 588 508 Othryades,
611 459 707 495 arcis
724 458 932 508 Phoebique
953 459 1146 505 sacerdos,

165 524 279 562 Sacra
297 534 429 568 manu,
445 521 642 569 victosque
663 520 772 567 deos,
792 532 1027 570 parvumque
1046 528 1221 570 nepotem
1320 527 1368 552 320

165 668 222 692 ter.
237 660 395 701 Deiphobi
405 661 518 690 domus
529 672 558 700 pi
569 662 628 689 ima
639 660 743 689 inccn-

165 719 216 743 sag
236 708 370 737 duxerat
391 709 416 736 is
431 707 583 736 Helenam
602 714 671 746 post
688 709 742 736 l‘a-

166 754 241 784 ritlis
270 761 422 789 mortem,
442 760 476 782 nt
504 754 567 790 jam
592 753 741 782 Servius:

168 802 209 830 cs.
228 801 369 840 Quintus
384 801 448 829 (1:11.
474 801 569 836 xm,
592 800 655 834 354
672 810 742 838 sqq.

168 848 283 886 Odyss.
304 846 336 881 0,
363 847 423 885 517
456 857 544 886 sqq.‚
568 847 623 885 qui
653 845 743 874 locus

168 893 286 922 fundus
303 892 416 922 fabula„¹
439 892 534 933 (etsi,
551 893 575 921 si
606 893 743 932 argutari

168 940 262 975 velis,
283 940 331 968 sui
359 940 494 968 oblitum
525 939 642 968 dixeris
670 949 745 977 poc-

171 993 232 1014 tam
244 1008 252 1021 ‚
268 995 339 1014 nam
367 987 401 1014 in
432 996 502 1014 arce
532 996 603 1014 cum
634 985 745 1013 ceteris

170 1033 284 1062 Priami
299 1030 372 1060 liliis
390 1031 443 1061 ille
466 1030 744 1071 liabitaxit).1'ro-

170 1079 255 1107 xima
279 1077 393 1107 domus
416 1078 637 1118 Ucalegontis,
658 1078 713 1117 qui
728 1088 744 1106 e

170 1124 370 1164 principibus
396 1131 477 1161 erat,
493 1131 523 1153 et
549 1125 581 1153 in
611 1123 744 1153 consilio

171 1171 287 1199 Priami
307 1170 396 1200 Iliad.
418 1181 460 1214 γ,
484 1171 556 1206 [48.
583 1170 678 1211 Sigea
695 1180 744 1199 re-

171 1215 292 1252 lucent,
312 1218 519 1257 prospicienti
538 1227 577 1247 ex
593 1216 672 1245 urbe
689 1226 745 1256 per

170 1262 314 1291 tenebras
333 1272 340 1292 :
361 1263 400 1293 cf.
425 1265 566 1303 Quintus
584 1262 661 1292 ibid.
680 1263 745 1298 464

170 1318 238 1347 sqq.
252 1310 335 1337 Lata
354 1320 427 1338 cnm
443 1309 561 1338 dilectu
576 1308 607 1339 h.
625 1309 645 1339 l.
662 1310 746 1349 posi-

171 1360 239 1383 tum
256 1364 263 1384 :
284 1365 355 1384 nam
371 1356 432 1385 late
448 1356 569 1385 relucet
584 1366 668 1385 mare
685 1356 746 1384 cir-

171 1409 208 1428 ca
231 1403 488 1440 promontorium
515 1404 650 1443 Sigeum.
677 1401 745 1441 (cf.

172 1446 271 1476 Cerda
289 1457 296 1477 ε
319 1448 416 1485 male,
434 1455 532 1488 puto,
560 1449 688 1479 Servius
716 1454 747 1477 et

170 1493 326 1532 Pompon.
341 1517 348 1530 ,
366 1495 452 1534 quod
463 1495 527 1524 illic
538 1495 652 1524 fretum
671 1495 745 1524 ltel-

169 1537 401 1578 lespontiacum
409 1541 521 1580 incipit
532 1540 681 1581 dilatari.)
689 1542 747 1570 De-

169 1584 268 1625 nique
289 1586 435 1615 tubarum
461 1587 607 1627 clangor,
622 1588 747 1627 Euripi-

170 1629 218 1659 djs
234 1639 265 1660 et
283 1633 490 1673 Tragicorum
506 1633 668 1673 exemplo,
687 1645 748 1663 me-

172 1685 316 1708 moratur
327 1702 335 1716 ‚
353 1681 411 1709 etsi
432 1680 535 1708 Iliacis
551 1680 747 1719 temporibus

172 1724 318 1754 nondum
334 1726 422 1755 fuere
439 1726 515 1755 tuba
526 1733 555 1754 et
569 1727 676 1756 lituus.

222 1771 287 1806 314
312 1789 358 1794 -—
380 1773 456 1810 317.
486 1773 555 1801 Nec
579 1779 630 1801 sat
650 1771 748 1801 ratio-

173 1815 242 1853 nis,
261 1816 293 1848 h.
310 1829 337 1849 e.
356 1829 467 1859 parum
485 1818 628 1854 consilii,
652 1818 684 1847 ιή
700 1829 748 1847 ar-

174 1863 256 1899 mis:
273 1865 308 1894 in
322 1875 483 1895 armorum
498 1875 577 1903 usu3
597 1875 655 1894 nec
671 1865 748 1895 mihi

174 1911 246 1938 satis
277 1912 335 1951 ipsi
371 1911 552 1948 constabat,
590 1918 748 1952 quantum

172 1955 222 1984 his
239 1959 333 1987 armis
355 1959 545 1998 profuturus
567 1969 664 1987 essem
679 1969 750 1998 cap-

175 2008 214 2030 tae
243 2010 273 2031 et
296 2005 433 2034 incensae
444 2006 508 2042 jam
522 2004 595 2033 urbi
610 2015 617 2035 :
634 2005 751 2034 ardent

175 2047 278 2077 animi
296 2051 478 2091 glomerare
494 2062 625 2080 manum
642 2050 745 2088 bello,

175 2093 287 2132 ardeo,
312 2096 363 2126 hic
384 2108 466 2127 nnus
494 2099 632 2138 impetus
663 2103 745 2133 erat,

175 2140 322 2181 colligere
346 2144 458 2173 milites
479 2144 518 2173 ad
544 2154 702 2184 pugnam,
719 2150 750 2173 et

175 2196 250 2215 cum
273 2189 309 2217 iis
328 2189 418 2229 (cum
435 2190 548 2230 sociis)
566 2191 600 2219 in
625 2200 749 2227 arcem,

176 2232 214 2262 ad
230 2244 335 2277 regem
351 2245 553 2267 concurrere.
567 2254 611 2260 -—
623 2237 640 2267 3
650 2247 700 2276 17.
711 2238 751 2268 Et

797 659 849 689 illa
860 670 922 689 una
934 660 1082 699 cogitatio
1093 660 1247 689 succurrit
1255 659 1371 696 animo,

797 708 938 735 animum
964 707 1067 743 subit,
1090 717 1183 746 quain
1200 705 1371 746 pulchrum

797 754 853 790 sit,
872 754 995 782 fortiter
1012 753 1184 793 pugnando
1201 754 1291 782 morl.
1321 753 1371 782 Sic

798 800 914 840 Georg.
942 801 984 827 lv
999 822 1007 835 ‚
1042 810 1059 828 ¹).
1071 800 1105 827 18
1136 798 1371 839 Pulchr-amque

791 853 909 885 petunt
915 856 977 884 per
984 846 1123 875 vulnera
1132 856 1159 874 m
1166 853 1275 875 ortem.

846 893 1003 921 318—32
1016 903 1040 922 t.
1054 891 1199 921 Panthus
1222 890 1371 921 sacerdos

798 938 958 978 Apollinis
969 961 976 975 ‚
989 939 1079 976 cujus
1096 938 1249 978 templum
1263 944 1328 967 crat
1340 938 1373 967 in

799 995 879 1014 arec.
892 987 1019 1014 Ponunt
1033 991 1136 1013 antem
1152 991 1253 1024 pocta}
1269 985 1372 1024 primo

798 1030 870 1059 loco
894 1032 1076 1066 continens,
1093 1038 1241 1070 tanquam
1259 1031 1370 1061 latius:

799 1076 883 1106 arcis
900 1076 1069 1116 Plzoehsque
1086 1087 1109 1106 s.
1131 1076 1276 1106 Panthus
1288 1077 1372 1106 iuter

798 1124 952 1163 primores
959 1124 1171 1161 'l'rojanorum
1181 1129 1227 1152 est
1236 1123 1352 1167 Iliadssf
1362 1146 1371 1160 ‚

804 1170 884 1206 146;
901 1170 958 1198 lilii
974 1170 1040 1207 ejus
1063 1168 1248 1209 Polydamas
1267 1176 1298 1198 et
1313 1171 1373 1199 Eu-

799 1216 962 1256 phorbus,
990 1212 1179 1254 ΙΙκνΟοῖὸαι,
1204 1226 1284 1256 saepe
1303 1217 1371 1246 Ho-

800 1273 887 1291 mero
916 1263 1163 1291 conuucmorati.
1200 1263 1294 1292 Nunc
1328 1264 1373 1293 Ο-

800 1308 912 1349 thryos
935 1308 1019 1338 lilius
1044 1310 1109 1348 ipse
1127 1308 1242 1337 editur.
1265 1310 1373 1338 Sacer-

801 1355 883 1385 dotis
902 1366 1036 1395 persona
1057 1354 1153 1384 ducta
1172 1365 1212 1384 ex
1235 1354 1325 1384 Iliad.
1342 1364 1372 1392 ο,

804 1402 867 1432 529.
881 1424 888 1438 ,
904 1402 960 1430 ubi
979 1401 1097 1441 Apollo
1114 1400 1226 1431 Panthi
1249 1398 1352 1430 filium
1363 1422 1372 1437 ‚

801 1447 1059 1488 Polydamantem
1068 1470 1076 1484 ‚
1089 1454 1205 1477 tuetur.
1214 1445 1308 1476 Adde
1318 1446 1376 1476 inf.

800 1505 831 1524 v.
851 1495 927 1530 430.
948 1494 1066 1523 Fabula
1085 1494 1123 1523 de
1145 1492 1287 1530 Pantho,
1302 1492 1377 1523 Del-

800 1540 873 1581 phis
891 1540 1046 1577 abdiu-10,
1063 1550 1158 1579 quam
1174 1540 1301 1568 Servius
1315 1549 1376 1568 mc-

801 1593 922 1623 morat,
950 1588 1042 1616 etiam
1072 1586 1157 1626 apud
1184 1584 1326 1615 Eustath.
1343 1595 1376 1626 p.

803 1643 869 1673 900
902 1633 923 1662 l.
955 1638 994 1671 47
1030 1633 1170 1661 occurrit
1188 1653 1196 1668 ,
1221 1632 1377 1661 seriorum

802 1680 882 1708 forte
932 1686 1098 1718 poetarum
1145 1684 1375 1708 commentum.

800 1727 903 1755 Etiam
920 1735 996 1754 mox
1012 1735 1112 1764 genus
1128 1725 1231 1765 primo
1245 1724 1317 1754 loco
1331 1735 1377 1754 sco-

802 1783 875 1807 cra,
893 1778 925 1800 et
943 1778 1011 1800 tum
1030 1770 1169 1808 linitius,
1185 1771 1275 1806 deos,
1296 1770 1329 1800 h.
1348 1781 1375 1801 c.

801 1818 1008 1847 simulacrum
1024 1818 1184 1857 Apollinis
1198 1817 1379 1857 absportat3

803 1871 839 1894 ut
856 1876 886 1895 v.
914 1865 979 1904 293
1000 1866 1099 1893 Sacra
1119 1865 1377 1904 suosque—Pe-

802 1918 903 1941 nates.
929 1912 1004 1942 Non
1032 1911 1167 1951 ignoro,
1199 1919 1269 1940 vasa
1291 1915 1321 1938 et
1340 1919 1377 1938 u-

803 1957 926 1987 tensilia
949 1967 1035 1986 sacra
1067 1956 1105 1985 ab
1130 1956 1196 1985 aliis
1232 1955 1377 1996 intelligi.

802 2005 847 2034 At
859 2003 965 2033 victos
988 2012 1082 2043 quam
1104 2001 1276 2031 invidiose!
1298 2003 1379 2032 Deo-

803 2061 875 2079 rum
890 2056 995 2079 autem
1012 2048 1215 2078 simulacrum
1240 2049 1274 2077 in
1293 2049 1379 2078 exci-

804 2097 858 2126 dio
870 2096 978 2136 templi
988 2102 1018 2124 et
1029 2094 1117 2124 urbis
1125 2106 1165 2124 ex
1173 2105 1260 2124 more
1270 2105 1379 2124 secum

803 2143 884 2172 ferre
902 2149 933 2171 et
951 2152 1075 2171 servare
1090 2141 1197 2171 studet
1214 2140 1379 2178 sacerdos,

805 2196 841 2219 ut
856 2191 968 2219 AEueas
984 2191 1112 2218 Penates
1124 2210 1132 2224 ‚
1143 2198 1183 2217 ne
1196 2187 1381 2218 inhostium

803 2242 991 2278 potestatem
1007 2229 1146 2265 veniant.
1160 2235 1244 2266 Nota
1259 2244 1308 2264 res
1323 2240 1380 2272 est,
