1433 2460
612 129 733 167 LissEn
758 129 784 158 1.
1257 126 1296 161 ,ω

101 184 260 231 Moenia,
276 185 551 236 sublimemque
569 185 665 223 seres
684 187 731 223 ad
751 185 875 223 sidera
891 185 974 222 coeli

100 246 383 296 Magnanimum
400 249 561 294 AEnean3
581 260 705 297 neque
720 260 780 283 me
797 246 981 283 sententia
996 245 1121 282 vertit.

1251 252 1298 276 260

101 306 190 352 Hic,
212 306 280 343 tibi
295 306 405 344 fabor
421 307 538 353 enim,
556 306 708 356 quando
727 306 808 343 haec
827 316 861 343 tc
878 319 965 343 cura
986 304 1192 349 remordet,

100 365 266 415 Longius
287 375 323 404 et
342 367 497 404 volvens
515 367 679 403 satorum
701 380 837 404 arcana
858 366 1039 412 movebo,

99 425 243 463 Bellum
260 427 389 478 ingens
405 437 510 477 geret
527 428 654 474 Italia,
672 428 912 477 populosque
931 426 1065 463 ferocis

99 486 330 535 Contundet,
351 500 552 538 moresque
571 488 664 525 viris
682 497 718 525 et
734 488 871 525 moenia
888 495 1003 537 ponet
1020 500 1029 522 :

103 641 179 680 2:39.
205 642 337 681 Propter
351 652 380 670 v.
399 642 463 670 250
478 640 550 670 coeli
562 640 673 681 quibus

101 686 219 716 annuis
227 698 343 717 arcem.
355 689 438 717 Bene
447 687 567 716 addidit
567 686 667 728 serm,

100 740 137 763 ut
153 734 269 773 gratius
285 741 382 770 esset,
402 733 488 773 quod
504 744 560 772 per
574 734 672 772 ipsam

100 779 208 816 fieret,
248 786 396 808 monento
429 780 546 808 Servio.
579 779 672 808 Reci-

99 827 204 866 pietnr
226 825 336 865 utique
358 825 434 855 olim
456 827 567 854 AEneas
589 825 673 854 inter

99 871 175 901 deos
198 873 269 901 AEn.
285 872 369 908 XII,
401 877 465 910 794
489 869 671 912 Indigetem

99 919 241 948 AEneam
259 916 318 946 scis
334 917 418 957 ipsa,
443 924 475 946 et
490 915 568 946 scire
580 915 672 958 fitte-

98 964 151 1000 ris,
174 962 291 993 Deberi
313 962 550 1005 coelo-fatisque
571 962 617 992 ad
630 962 671 992 si-

98 1011 176 1040 dem
197 1009 277 1040 tolli.
302 1011 480 1051 Utrumque
505 1020 546 1039 ex
567 1010 671 1039 Ennio

99 1059 114 1087 I
128 1056 244 1087 Annal.
263 1058 350 1086 Unus
364 1056 439 1093 eric,
457 1066 551 1096 quem
568 1063 599 1085 tn
616 1056 673 1086 tol-

99 1103 144 1134 les
163 1103 211 1132 ad
226 1103 343 1132 caerula
356 1103 429 1132 coeli
447 1102 579 1142 Templa
590 1114 602 1138 ;
617 1104 672 1142 qni

96 1160 206 1179 versus
216 1160 281 1179 non
292 1160 333 1178 ex
340 1150 485 1186 Veneris,
497 1156 533 1179 ut
543 1149 671 1179 Colum-

98 1206 138 1225 na
159 1202 249 1237 putat
273 1195 312 1225 ad
334 1207 360 1225 e.
381 1195 402 1225 l.
418 1207 450 1236 p.
471 1197 533 1233 34,
559 1195 612 1224 sed
629 1207 670 1226 ex

97 1243 209 1272 Martis
223 1243 365 1272 oratione
381 1249 521 1271 servatus
537 1248 591 1272 est.
608 1244 671 1272 Do-

98 1295 171 1319 cent
197 1288 259 1318 hoc
289 1289 471 1328 sequiorum
503 1295 669 1328 poetarum

96 1336 184 1371 loca,
215 1336 271 1375 qui
295 1336 436 1364 Ennium
463 1342 534 1364 ante
559 1335 669 1365 oculos

96 1382 296 1420 habuerunt,
314 1382 459 1422 inprimis
475 1381 569 1412 Ovid.
586 1383 668 1412 Fast.

98 1431 149 1466 ΙΙ,
178 1429 240 1466 487
254 1451 262 1465 ,
282 1428 340 1458 ubi
363 1429 448 1465 Mars
471 1428 510 1457 ad
531 1430 668 1459 Jovem:

98 1475 206 1505 Redde
209 1475 299 1515 patri
311 1483 421 1504 natum
437 1474 449 1515 (
459 1475 633 1505 Romulum
644 1474 667 1516 ).

97 1539 142 1544 —
162 1524 247 1552 Unus
265 1521 342 1557 eric,
369 1532 463 1561 quem
478 1529 510 1551 tn
529 1522 621 1551 tolles
637 1521 669 1551 in

97 1569 216 1607 caerula
232 1568 314 1604 coeli,
332 1567 343 1607 (
358 1578 429 1608 quae
442 1569 507 1609 ipsa
519 1568 614 1598 lectio
629 1579 669 1599 ex

96 1616 203 1644 Ennio
220 1614 358 1656 tuenda)
386 1616 431 1644 Ta
451 1614 531 1644 mihi
547 1614 669 1646 dixisti.

99 1660 172 1690 Sint
185 1668 257 1690 rata
269 1661 355 1690 dicta
369 1661 462 1692 Iovis.
482 1661 575 1691 Adde
589 1663 668 1692 Mer.

98 1708 178 1737 xlv
190 1730 198 1744 ‚
226 1707 289 1736 813
312 1718 379 1747 sqq.
395 1726 442 1730 —
459 1708 536 1737 260.
556 1709 669 1748 Neque

99 1763 149 1782 me
169 1753 330 1782 sententia
350 1753 458 1784 vertit.
481 1754 519 1783 ad
540 1766 571 1784 v.
602 1756 665 1792 237

98 1809 170 1839 qnoe
189 1807 219 1829 le
235 1810 270 1840 g.
290 1799 450 1828 sententia
464 1800 565 1829 vertit
574 1803 590 1829 ,³
610 1800 667 1830 Ce—

97 1852 200 1876 terum
212 1845 450 1887 magnanimus,
459 1853 494 1875 ut
503 1846 598 1875 semel
606 1857 668 1875 mo-

97 1903 244 1929 neamus,
270 1892 348 1922 male
374 1892 413 1921 de
435 1902 584 1934 generosa
606 1893 668 1921 ani-

97 1940 140 1968 mi
155 1938 262 1968 indole
284 1937 664 1980 accipiunt3estfhrt15,

97 1985 280 2022 animosus,
300 1996 340 2015 ex
357 1996 393 2014 υ.ε
397 1983 534 2029 Ἷοίθυιιος
521 2008 552 2022 ,
569 1995 607 2027 με
610 1995 669 2028 ’μ-

98 2029 221 2074 ὶῆτωρ,
243 2043 279 2074 μ-
270 2042 387 2074 :qv-<ppo
377 2043 420 2062 νε
416 2031 482 2069 'to-1,
504 2042 574 2072 quae
605 2042 668 2062 0111-

99 2079 151 2108 uia
176 2078 214 2108 ad
237 2079 384 2108 bellicam
416 2080 568 2108 virtutem
592 2078 667 2108 refe-

98 2124 194 2155 renda
210 2133 296 2156 sunt.

146 2173 222 2203 262.
242 2172 398 2202 Evolvens
411 2171 526 2203 Hamb.
543 2182 592 2213 pr.
609 2174 665 2202 Pa—

96 2220 149 2249 ris.
174 2229 190 2248 a
213 2230 260 2260 pr.
274 2231 316 2250 m.
342 2219 476 2249 Dorvill.
505 2219 563 2250 Ed.
583 2221 664 2250 Ven.

97 2266 144 2295 uti
167 2265 311 2298 Waddel.
335 2265 555 2297 Animatlvers.
587 2265 666 2296 Crit.

726 652 758 681 p.
788 651 825 670 10
851 639 1033 669 emendarat
1050 650 1058 675 ;
1092 645 1123 668 et
1151 648 1225 667 sane
1262 639 1301 667 de

727 694 905 726 temporum
922 686 1062 715 historiis
1083 684 1249 713 commode
1264 683 1298 714 τὸ

726 732 834 761 evolvi.
858 732 919 761 Sed
935 742 1001 761 non
1019 731 1100 759 bene
1115 731 1229 769 copula
1245 730 1298 760 de-

725 778 899 815 sideretur3
924 784 954 807 et
977 778 1074 817 epicae
1099 777 1235 806 orationi
1252 786 1300 805 ac-

725 823 1047 854 commodatissimum
1063 832 1070 853 :
1088 821 1215 852 movebo
1228 823 1300 852 vol-

726 881 799 900 vens
812 869 956 912 longius,
980 880 1039 910 pro
1059 876 1163 910 petam
1174 891 1182 906 ‚
1208 880 1298 909 repe-

726 924 799 946 tam.
817 918 888 946 Hoc
910 917 974 946 fere
991 917 1048 946 Ge.
1073 918 1104 946 11
1117 939 1126 953 ,
1153 915 1218 955 295
1235 918 1298 945 AEs-

726 962 905 992 culus—im
911 971 996 993 mota
1007 970 1115 992 manet
1123 963 1300 1002 multosque

727 1017 873 1049 nepotes,
900 1010 1005 1039 -Mnlca
1034 1008 1141 1038 virum
1166 1009 1298 1038 volvens

725 1056 872 1085 durando
899 1056 1016 1085 soecnla
1048 1056 1167 1092 vincit3
1195 1061 1226 1084 et
1253 1055 1298 1083 sic

726 1102 802 1132 alibi
817 1102 951 1132 'volvens
966 1101 1062 1131 simili
1083 1112 1177 1131 sensu
1193 1111 1200 1132 :
1218 1103 1297 1130 Tum

723 1148 853 1190 genitor
863 1156 1008 1178 ‘veterum
1030 1148 1162 1178 volvens
1179 1158 1297 1188 monu-

724 1202 833 1225 menta
855 1195 999 1225 virorum
1013 1212 1060 1217 ——-
1075 1193 1123 1223 ait
1143 1197 1213 1225 AEn.
1237 1195 1297 1230 IV,

728 1252 802 1272 102.
832 1260 880 1264 —
905 1241 1116 1271 262—266.
1143 1239 1297 1280 Quando-

722 1288 850 1330 quidem
862 1287 929 1318 haec
945 1298 1019 1317 cura
1035 1294 1064 1317 te
1079 1286 1213 1322 mordet,
1231 1297 1299 1316 cru-

723 1336 802 1372 ciat,
828 1345 894 1364 rem
920 1335 979 1364 tibi
1000 1344 1159 1374 exponam
1182 1340 1213 1362 et
1231 1333 1297 1362 lon-

719 1381 792 1423 gius
800 1380 1086 1422 volvensfatornm
1098 1390 1218 1409 arcana
1233 1390 1295 1409 mo-

723 1427 816 1464 veb0‚
837 1428 870 1458 h.
893 1438 919 1458 e.
944 1427 1004 1457 fata
1027 1427 1119 1456 altius
1143 1433 1294 1466 repetam.

722 1477 824 1505 Usum
839 1475 893 1505 τοῦ
911 1485 1033 1504 movere
1060 1473 1215 1513 exemplis
1246 1473 1297 1502 be-

722 1532 762 1551 ne
777 1521 948 1551 declaravit
971 1520 1104 1550 Bentlei.
1128 1519 1166 1549 ad
1183 1521 1293 1549 Horat.

723 1570 790 1605 111,
814 1569 916 1599 Carm.
936 1579 952 1606 7
967 1590 975 1604 ‚
1006 1578 1059 1597 20.
1089 1567 1182 1597 Ratio
1207 1567 1242 1595 in
1257 1577 1294 1596 eo

722 1616 804 1644 inest
814 1638 822 1652 ‚
839 1614 925 1655 quod
940 1624 1011 1655 quae
1026 1612 1192 1655 ἐκφέρομεν
1202 1636 1211 1649 ,
1224 1623 1296 1653 pro-

721 1661 871 1698 fer-imm,
904 1662 1100 1702 promimus,
1132 1660 1296 1689 manifesta

721 1708 862 1744 facimus,
877 1707 1082 1743 declaramus,
1094 1706 1223 1747 proprie
1232 1716 1294 1734 mo-

722 1765 791 1783 vere
806 1754 871 1783 dici
884 1764 1069 1795 possumus;
1084 1751 1210 1791 longius
1221 1751 1293 1780 vol-

723 1810 814 1837 vens,
838 1801 1006 1835 evolvens,
1030 1806 1184 1838 repetens.
1211 1800 1294 1828 Prae-

723 1845 804 1875 clare
830 1853 932 1875 autem
963 1852 1056 1885 poeta
1087 1856 1103 1874 e
1124 1843 1293 1884 Jovisper-

722 1902 802 1921 sona
829 1892 889 1921 fata
904 1894 1009 1921 AEneae
1036 1898 1067 1922 et
1092 1897 1291 1932 posterorum

721 1940 846 1979 potiora
861 1944 1012 1968 recenset.

771 1985 846 2015 263.
880 1984 999 2020 Italia‚·
1027 1984 1062 2013 in
1092 1983 1198 2021 Italia,
1227 1994 1291 2014 mo-

721 2042 754 2061 re
781 2032 964 2062 Graecorum
996 2030 1145 2071 adoptato
1172 2040 1188 2059 a
1219 2031 1291 2060 Vir-

720 2079 795 2120 gilio
808 2102 815 2115 ,
831 2084 862 2108 et
887 2079 963 2108 hinc
984 2078 1023 2107 ab
1039 2077 1116 2108 aliis.
1134 2076 1290 2117 Populos,

721 2126 823 2162 viros,
838 2124 966 2166 feroces
986 2123 1168 2154 contundet.
1193 2123 1291 2154 Vides

719 2172 826 2213 praelia
851 2183 923 2201 cum
950 2171 1076 2203 Rutulis
1100 2177 1131 2200 et
1151 2171 1292 2200 Etruscis

718 2229 776 2259 per
794 2219 959 2249 victoriam
974 2218 1135 2248 declarari.
1149 2235 1195 2240 —-
1212 2217 1290 2253 264.

720 2266 888 2307 Illoresque
899 2264 981 2295 viris
993 2272 1026 2296 et
1039 2263 1158 2295 moenia
1168 2271 1292 2305 ponet,
