1433 2460
165 68 228 104 ²⁸5⁸

668 68 860 98 AENEIDOS

161 128 248 170 Quo
267 136 424 173 regnum
444 122 562 159 Iustiae
581 123 743 173 Libycas
763 133 953 162 averteret
975 138 1079 173 oras,

158 185 220 222 sic
237 192 371 220 contra
390 193 444 220 cst
467 183 634 233 ingressa
651 187 780 222 Venus
800 200 807 220 :
827 202 841 218 ιι
859 186 954 231 Quis
977 187 1065 223 talia
1086 185 1238 224 demens

155 245 326 290 Abnllat,
347 253 411 281 aut
434 252 557 281 tecum
584 245 688 282 malit
708 246 937 283 contendere
954 246 1078 284 bello?

156 305 195 341 Si
214 305 347 349 modo,
368 303 472 353 quod
491 317 697 350 memoras,
720 306 858 342 sactum
880 306 1033 343 fortuna
1055 315 1246 357 sequatur.

157 364 231 402 Sed
254 364 338 401 fatis
359 364 502 401 incerta
523 365 645 410 seror,
663 366 695 402 si
712 365 890 415 Juppitcr
910 379 1023 403 unam

1321 383 1366 399 ¹10

156 426 245 460 Esse
265 424 356 460 velit
386 425 510 473 Tyriis
532 424 667 461 urbem
688 425 880 475 Trojaque
900 426 1097 474 prosectis,

159 484 363 521 Misce-rive
384 485 521 535 probet
543 486 725 536 populos,
747 494 810 522 aut
831 485 971 522 foedera
985 487 1105 536 jungi.

156 547 214 583 Tu
235 545 392 594 conjux3
416 544 486 581 tibi
507 545 561 582 sas
583 546 749 582 animum
774 555 919 583 tentare
938 546 1141 595 precando.

158 608 295 656 Perge,
317 619 467 655 sequar.
488 623 502 637 »
522 609 619 643 Tum
641 606 693 643 sic
710 607 860 657 excepit
882 607 984 657 regia
1005 612 1105 645 Juno
1123 622 1132 643 t

1326 619 1372 645 ¹¹4

212 684 227 699 «
245 668 398 702 Mecum
416 668 487 703 crit
505 667 574 704 iste
591 666 710 704 labor.
727 669 839 704 Nunc
857 680 932 717 qua
950 667 1111 714 ratione,
1128 667 1231 718 quod
1248 667 1373 713 instat,

159 726 323 764 confieri
344 727 481 776 possit,
503 728 653 777 paucis,
672 727 846 774 adverte,
864 727 1024 765 docebo.

158 790 347 824 Venatum
368 789 522 834 AEueas,
542 801 693 837 unaque
713 787 926 825 miserrima
947 787 1050 825 Dido

162 851 206 885 In
225 861 357 885 nemus
377 849 432 884 irc
454 857 607 897 parant,
631 848 698 885 ubi
720 849 863 898 primos
885 849 1073 886 crastinus
1092 858 1197 886 ortus

162 908 351 946 Extulcrit
369 909 502 955 Titan,
522 909 714 959 radiisque
735 909 916 946 retexerit
936 908 1080 947 orbem.

165 1086 260 1126 byam
289 1091 321 1114 et
350 1084 584 1126 Carthaginem.
600 1102 647 1108 —
669 1085 743 1115 106.

166 1134 332 1161 Averterec
354 1132 542 1161 vetustiores
564 1132 638 1161 satis
669 1141 745 1160 cou-

166 1185 304 1215 stanter3
321 1184 351 1207 et
373 1178 399 1206 is
415 1185 581 1218 poetarum
599 1188 675 1207 usus
696 1177 745 1207 lo-

167 1224 307 1265 quendi3
323 1224 376 1253 alii
390 1225 484 1254 Pierii
498 1230 528 1253 et
545 1226 655 1254 Heius.
671 1234 744 1253 cum

169 1271 207 1300 al.
233 1279 265 1301 et
291 1274 330 1302 D.
351 1270 538 1301 adverteret.
569 1272 609 1301 cf.
634 1271 744 1301 Burm.

168 1317 311 1348 Praetulit
334 1317 461 1347 alteram
488 1317 659 1347 lectionem
682 1318 746 1355 jam

169 1366 306 1395 Servius.
322 1363 446 1402 Lilzrcis
457 1363 520 1394 oris
530 1375 578 1404 pr.
593 1363 745 1395 Rottend.

170 1425 185 1444 a
208 1423 250 1443 m,
271 1422 332 1442 sec.
353 1416 384 1441 et
396 1410 521 1440 anich.
537 1427 585 1433 —-
608 1422 680 1450 ¹07·
701 1411 749 1439 Ιη-

166 1470 277 1502 gressa
291 1459 395 1499 simpl.
416 1458 604 1488 orationem.
621 1459 749 1488 Servius

171 1507 253 1536 hanc
269 1516 379 1535 vocem
395 1503 582 1534 insidiarum
594 1503 751 1545 significa-

171 1555 291 1583 tionem
322 1552 440 1581 habere
468 1550 548 1581 vult.
576 1552 678 1581 Etiam
705 1552 750 1581 sic

170 1610 247 1630 mox
260 1598 399 1639 excepit.

223 1655 299 1684 109.
328 1647 441 1675 Fatum
459 1650 522 1673 tres
544 1645 653 1674 Burm.
671 1655 688 1673 a
707 1655 750 1676 m.

172 1703 221 1734 pr.
237 1698 371 1733 pactum
390 1690 525 1720 malebat
535 1690 647 1721 Vonk.
665 1692 750 1723 Lect.

173 1742 239 1771 Lat.
267 1749 299 1779 p.
335 1739 418 1777 152,
443 1737 499 1767 sed
515 1736 667 1778 sactum,
694 1737 753 1769 ubi

172 1786 236 1817 hoc
265 1786 384 1815 factum
400 1808 409 1824 ,
448 1785 598 1814 effectum
632 1784 728 1814 fuerit
742 1808 750 1822 ‚

174 1832 263 1873 quod
282 1833 337 1862 vis.
348 1850 395 1855 —
407 1831 443 1862 Si
459 1830 554 1861 modo
568 1829 751 1872 —saccum

164 1880 302 1920 fortuna
315 1886 482 1920 sequatur,
502 1878 529 1907 si
539 1877 651 1914 modo,
668 1878 751 1908 facto

175 1926 235 1956 hoc
261 1925 349 1967 quod
373 1927 437 1963 vis,
467 1931 599 1954 eventus
625 1931 755 1965 optatus

174 1980 342 2012 sequetur,
362 1970 413 2002 ἐὰν
424 1966 685 2014 παρπὸραμεῖται
704 1971 756 2001 vel

176 2015 398 2060 ωνδραμεῖτπι
411 2018 431 2052 τ’,
442 2017 519 2058 τὺχτ.
530 2040 538 2055 ,
562 2018 705 2058 adeoque
729 2018 755 2047 si

177 2075 225 2093 res
253 2065 319 2104 ipsa
341 2067 422 2096 votis
452 2066 514 2095 tuis
536 2063 753 2106 respondebit.

176 2112 319 2140 Fortuna
336 2122 394 2151 pro
409 2119 538 2142 eventu.

228 2168 241 2186 1
252 2166 291 2186 10
307 2175 353 2179 —
377 2170 389 2187 1
400 2159 450 2189 13.
470 2158 536 2188 Sed
549 2158 670 2188 incerta
686 2167 755 2186 sum

178 2203 218 2233 de
234 2203 337 2245 satis,
361 2212 492 2245 propter
512 2204 572 2235 fata
588 2227 596 2243 ,
621 2203 754 2242 dubito,

799 1094 838 1114 an
857 1084 1102 1124 Jupiter—qui
1122 1083 1278 1115 factorum
1303 1095 1377 1115 auc-

801 1137 851 1160 tor
874 1137 975 1160 est—
989 1130 1065 1160 velit
1089 1138 1147 1160 etc.
1168 1131 1249 1161 Cum
1265 1133 1376 1162 ceteris

800 1187 984 1218 comparare
1009 1176 1112 1207 solent
1136 1176 1226 1208 Iliad.
1251 1175 1289 1215 ξ,
1312 1188 1373 1208 211

799 1234 868 1264 sqq.

852 1280 864 1299 1
876 1270 927 1300 15.
959 1271 1083 1299 Mecum
1112 1269 1172 1299 erit
1198 1269 1256 1300 iste
1276 1270 1378 1302 labor.

800 1317 849 1346 Ex
866 1317 998 1356 antiquo
1009 1339 1017 1352 ‚
1033 1323 1130 1356 puto,
1147 1327 1303 1355 sermone,
1319 1328 1379 1357 pro

801 1362 879 1392 mihi
890 1385 897 1399 ,
918 1361 1002 1402 apud
1030 1373 1079 1392 me
1107 1363 1166 1392 erit
1177 1385 1185 1400 ,
1210 1362 1287 1406 παρ’
1313 1362 1381 1406 ἐμοὶ

804 1408 906 1446 ἔσται,
922 1408 1000 1438 mihi
1014 1408 1196 1446 incumbet,
1211 1409 1295 1440 cu'rae
1310 1412 1380 1442 erit.

802 1456 886 1496 Epit.
905 1455 994 1485 Iliad.
1010 1456 1053 1495 93
1071 1466 1193 1485 mecum
1216 1456 1309 1486 labor
1323 1457 1382 1488 isle

805 1501 950 1531 manebit
963 1513 974 1531 .·
990 1503 1082 1532 etiam
1097 1512 1137 1531 ex
1152 1502 1184 1534 h.
1205 1503 1228 1534 l.
1247 1504 1382 1534 imitato-

805 1559 871 1578 rem
900 1549 996 1578 alium
1027 1549 1138 1579 Silium
1163 1551 1266 1589 vm,
1297 1551 1382 1588 330,
1431 1542 1433 1546 ⁴

805 1595 912 1624 laudat
937 1597 1046 1625 Burm.
1073 1605 1196 1626 mecum
1225 1597 1285 1628 eric
1315 1596 1383 1627 lzaec

800 1653 930 1682 prorsus
938 1642 1057 1681 pietas.
1068 1642 1179 1672 Alium
1194 1655 1288 1674 usum
1301 1644 1384 1674 inso-

805 1689 898 1718 litum
922 1690 975 1719 τοῦ
1003 1699 1126 1718 mecum
1151 1690 1289 1721 vidimus
1312 1701 1381 1731 sup.

806 1737 839 1771 1,
865 1735 931 1773 675
954 1734 1020 1765 Sed
1040 1746 1161 1777 magno
1181 1739 1297 1768 AEneae
1319 1747 1384 1766 me-

805 1793 876 1812 cum
896 1789 1044 1812 teneatur
1060 1792 1190 1820 amore,
1217 1782 1268 1814 σὺν
1293 1780 1359 1826 ἐμοὶ
1375 1805 1383 1820 ,

805 1840 865 1870 pro
879 1825 921 1858 δί’
937 1828 1022 1871 ἐμοῦ·
1042 1839 1116 1858 mea
1131 1840 1238 1870 opera.
1249 1848 1296 1853 —
1308 1841 1321 1859 1
1332 1829 1383 1860 16.

809 1875 948 1918 Confien'
980 1877 1015 1906 iu
1047 1877 1140 1906 Rom.
1173 1883 1204 1906 et
1239 1875 1382 1918 Longob.

809 1924 903 1952 Pierii
931 1929 962 1952 et
986 1928 1125 1962 quatuor
1151 1923 1296 1961 Heinsii‚
1328 1923 1385 1963 qui

809 1970 937 2009 copiose
980 1968 1137 2005 illustrat3
1169 1968 1283 2009 reliqui
1319 1969 1384 1998 fere

809 2022 959 2056 corrupte
982 2014 1077 2055 Quod
1077 2013 1159 2056 fieri
1169 2038 1179 2050 ,
1217 2016 1287 2055 Quo
1294 2014 1382 2059 fieri.

808 2079 854 2086 —-
866 2063 948 2091 Mox
964 2060 1142 2090 miserrima
1167 2061 1273 2100 Dido,
1304 2071 1385 2102 quo—

807 2110 893 2137 niam
914 2108 948 2136 in
978 2117 1092 2148 magno
1123 2117 1230 2138 amore
1256 2108 1386 2150 proprie

809 2154 926 2184 dicitur
943 2153 1102 2185 miserum.

860 2212 873 2231 1
885 2200 933 2232 x8.
951 2201 1077 2232 Primus
1096 2199 1214 2232 Medic.
1230 2206 1261 2231 et
1282 2209 1386 2231 emen-
