1433 2460
95 108 159 139 388
573 106 794 138 EXCURSUS
820 110 832 137 1
868 125 871 127 -

95 169 220 199 laudem
246 168 442 208 propositam
473 167 533 197 sibi
561 167 679 199 habent
706 169 840 200 seminae.
871 172 908 200 In
939 177 1006 200 toto
1039 172 1125 201 enim
1159 173 1302 203 Homero

95 233 124 254 vt
144 234 185 254 ex
202 224 364 253 Homerici
390 224 542 264 temporis
563 234 656 254 sensu
680 235 768 256 amor
789 236 901 266 parum
918 225 1052 257 idoneus
1070 233 1116 257 est
1134 226 1173 257 ad
1190 227 1304 268 pathos

91 279 305 309 inserendum.

140 337 222 375 Quae
237 345 252 363 a
267 334 361 363 nobis
376 341 620 364 commemorata
634 335 659 364 si
674 335 746 375 quis
762 335 868 365 animo
883 336 1076 376 consideret,
1093 348 1143 368 nae
1155 339 1193 377 is,
1207 345 1305 380 puto,

95 390 236 431 Segraesii
253 389 453 430 aliorumque
468 390 605 420 rationes
625 389 664 419 ad
680 397 807 430 poetam
818 413 826 428 ,
843 398 989 432 tanquam
1004 393 1060 433 qui
1078 400 1218 436 tempora
1232 405 1306 425 con-

98 443 215 473 fuderit
234 443 450 484 turbamque,
470 443 706 474 defendendum
731 444 853 482 allatas,
872 456 965 475 vanas
986 456 1060 476 vere
1078 455 1131 478 aut
1145 447 1287 478 infirmas
1299 471 1307 485 ,

98 510 165 529 nou
188 509 380 540 magnopere
407 498 609 530 desiderabit.
630 500 856 530 Delectationis
875 511 948 530 sane
971 502 1077 542 potior
1097 502 1241 533 habenda
1264 511 1310 534 cst

99 561 201 594 poetae
224 555 321 591 ratio,
343 564 438 594 quam
455 554 614 585 historicae
629 556 787 593 veritatis;
808 562 855 592 et,
880 557 905 585 si
928 555 1083 586 doctrinae
1101 557 1169 587 laus
1182 565 1306 598 poetam

99 608 205 646 decet,
225 618 291 638 non
307 616 411 639 tamen
432 609 485 639 illa
501 620 542 639 ex
556 616 737 650 temporum
752 609 863 639 subtili
881 611 1002 640 ratione
1017 617 1064 640 est
1080 611 1308 652 exspectanda,

99 674 159 693 nec
182 664 214 693 in
240 670 334 704 poeta
352 663 455 693 ullum
479 671 645 704 peccatum
662 664 758 694 habet
781 664 1078 705 reprehensionem,
1103 665 1164 694 nisi
1187 666 1312 706 quoties

101 717 299 748 audientium
316 720 438 748 animos
457 729 513 748 seu
529 729 637 749 rerum
653 730 709 749 seu
734 729 941 750 numerorum
957 719 1115 750 illecebris
1130 726 1238 750 tenere
1255 730 1310 751 ne-

102 773 205 813 quiit:
226 772 288 802 hoc
305 783 407 802 unum
430 781 491 811 est,
509 784 573 814 quo
598 773 749 804 adversus
772 775 955 815 praescripta
979 774 1055 803 artis
1078 784 1144 804 suae
1167 784 1311 815 peccasse

102 827 203 857 videri
220 827 333 865 debet;
349 828 389 857 ad
407 828 469 858 hoc
493 829 578 858 enim
604 828 740 858 redeunt
763 839 814 866 ea,
833 839 904 869 quae
927 828 1114 859 Aristoteles
1130 827 1169 858 de
1188 828 1313 859 Poetica

101 881 240 923 disputat
255 892 282 912 c.
300 882 342 911 25
357 881 584 923 distinguendo
600 883 684 912 inter
703 880 877 925 ἁμαρτίας,
891 881 945 916 τὴν
963 880 1017 926 μὲν
1035 882 1105 913 καθ’
1123 880 1238 919 αὐτὴν,
1257 879 1312 914 τὴν

101 933 136 966 δὲ
153 934 238 966 κατὰ
254 934 287 966 τὸ
303 933 512 979 συμὲεὲηκός.

149 991 181 1019 Si
196 997 301 1020 tamen
314 992 346 1020 in
361 992 444 1031 ipsas
462 991 660 1033 Carthaginis
675 992 812 1034 origines
827 994 993 1033 variasque
1006 1002 1102 1033 super
1115 992 1154 1022 iis
1170 998 1313 1022 veterum

103 1046 300 1075 narrationes
326 1046 505 1075 accuratius
527 1047 688 1087 inquirere
714 1047 889 1077 voluissent
910 1048 971 1077 viri
996 1046 1102 1084 docti,
1129 1053 1233 1076 totum
1252 1046 1314 1077 hoc

102 1107 205 1141 poetae
219 1106 385 1140 peccatum
403 1107 434 1130 et
450 1102 648 1132 accusatione
666 1109 697 1131 et
714 1101 897 1132 defensione
913 1111 1023 1131 vacare
1041 1101 1237 1142 omninoque
1250 1111 1316 1131 esse

105 1155 231 1185 nullum
255 1155 346 1185 facile
366 1155 607 1186 intellexissent.
625 1158 703 1187 Tam
723 1157 846 1187 diverse
869 1158 955 1187 enim
977 1156 1017 1186 de
1036 1155 1164 1186 condita
1186 1156 1317 1187 Cartha-

105 1211 178 1251 gine
195 1209 330 1238 traditur
345 1216 376 1239 et
394 1210 427 1240 in
443 1216 506 1239 tam
520 1209 643 1240 diversa
662 1217 805 1251 tempora
818 1210 886 1249 ejus
904 1209 1100 1240 incunabula
1114 1210 1316 1248 rejiciuntur,

107 1272 143 1295 ut
158 1264 208 1294 rel
221 1264 376 1294 historico
393 1265 500 1294 minus
513 1264 625 1294 subtili
643 1264 781 1295 liberum
804 1264 914 1295 fuisset
929 1265 1044 1307 eligere
1054 1288 1062 1303 ,
1076 1263 1164 1306 quod
1179 1265 1316 1295 maxime

106 1320 197 1360 sequi
213 1319 318 1349 vellet.
344 1321 522 1359 Qamquam
545 1330 581 1349 ea
599 1321 790 1350 narrationis
804 1320 937 1349 varietas
952 1319 1044 1349 facile
1067 1319 1106 1348 ad
1127 1326 1244 1349 certam
1268 1329 1316 1348 ra-

107 1376 229 1405 tionem
256 1374 401 1403 revocari
428 1380 548 1414 potest,
573 1375 598 1404 si
626 1375 807 1403 memineris
826 1373 922 1403 condi
949 1373 1046 1403 urbes
1073 1372 1136 1402 dici
1158 1383 1226 1403 non
1250 1383 1318 1403 uno

108 1440 219 1468 sensu,
235 1440 293 1459 nee
309 1428 406 1459 modo
421 1429 532 1468 primis
543 1428 634 1467 jactis
650 1427 882 1465 fundamentis,
900 1426 955 1456 sed
972 1431 1002 1457 ‘et
1017 1427 1177 1457 moenibus
1192 1427 1298 1458 ductis
1309 1451 1317 1466 ‚

109 1484 233 1514 colonia
258 1493 342 1513 nova
368 1481 543 1522 adscripta,
568 1487 661 1511 aucta
689 1480 829 1521 denique
853 1488 884 1509 et
910 1478 1098 1520 amplificata
1123 1490 1319 1521 quocunque

110 1538 208 1568 modo
239 1538 377 1566 civitate.
408 1536 509 1566 Certis
539 1536 633 1565 etiam
661 1541 842 1575 temporum
868 1533 1044 1563 intervallis
1069 1543 1086 1563 a
1113 1533 1319 1564 Phoenicibus

111 1592 253 1622 Africam
277 1596 482 1631 occupatam,
502 1599 519 1619 a
544 1589 694 1619 Sallustio
711 1598 841 1629 quoque
861 1587 1043 1628 proditum,
1058 1587 1147 1618 Bello
1168 1589 1244 1629 Jug.
1263 1598 1319 1617 22.

111 1648 233 1687 Saepius
255 1639 362 1686 itac'pie
386 1644 472 1675 haud
494 1644 591 1674 dubie
619 1643 731 1674 condit
766 1650 813 1673 est
837 1642 1010 1684 Carthago,
1030 1649 1061 1673 et
1078 1649 1214 1684 possunt
1235 1643 1321 1673 varie

113 1701 235 1731 traditae
263 1702 330 1740 ejus
357 1701 496 1741 origines
523 1698 692 1729 commode
718 1697 757 1728 ad
783 1704 883 1728 certas
907 1697 1043 1739 epochas
1067 1698 1222 1729 revocari.
1247 1699 1319 1729 Jam

104 1756 246 1797 primum
260 1757 285 1785 L
299 1761 370 1784 ante
387 1754 516 1792 Trojam
538 1761 661 1794 captam
683 1753 773 1782 annis
791 1752 948 1794 Carthago
964 1751 1092 1782 condita
1110 1763 1176 1783 esse
1201 1752 1321 1783 dicitur

113 1822 130 1840 a
157 1812 257 1840 Tzoro
282 1816 312 1838 et
335 1807 556 1846 Care-hedone,
579 1807 664 1849 apud
679 1808 820 1848 Appiau.
844 1807 956 1837 Punic.
980 1817 1042 1847 pr.‚
1061 1806 1150 1847 quod
1172 1805 1257 1837 idem
1281 1816 1320 1835 ex

115 1864 247 1895 Philisto
268 1863 384 1904 repetit
399 1863 617 1903 Hieronymus
640 1862 674 1890 in
695 1859 834 1891 Eusebio
855 1859 953 1889 latine
969 1859 1052 1890 facto
1071 1858 1110 1889 ad
1130 1860 1228 1890 Num.
1255 1859 1320 1889 805

116 1922 149 1949 in
165 1919 216 1950 ed.
234 1919 346 1961 Scalig.
359 1930 390 1959 p.
409 1929 464 1959 91,
480 1925 511 1947 et
524 1916 563 1946 ad
576 1918 674 1947 Num.
696 1916 759 1956 798
775 1917 810 1945 in
824 1914 873 1945 ed.
889 1916 1026 1945 Pontani
1044 1922 1075 1945 et
1083 1914 1230 1952 Valhrs„
1245 1913 1278 1944 h.
1295 1924 1321 1944 e.

114 1984 184 2006 ante
210 1975 286 2007 Chr.
314 1986 326 2004 1
338 1975 399 2015 198
428 1974 485 2016 (ad
506 1974 623 2004 Euseb.
641 1977 830 2013 computum
849 1969 957 2011 1217)
975 1976 1006 1999 et
1021 1975 1093 1999 ante
1115 1969 1218 2006 Trojae
1234 1968 1319 1997 exci-

115 2030 221 2067 dium,
238 2040 279 2059 ex
301 2028 369 2059 ead.
390 2028 505 2058 Euseb.
523 2027 782 2068 computatione,
800 2036 826 2055 a.
846 2025 900 2063 37.
918 2024 1029 2054 Graeca
1050 2020 1180 2052 Eusebii
1202 2027 1323 2050 servata

116 2091 191 2114 sunt
201 2094 216 2112 a
227 2083 375 2124 Syncello
388 2093 420 2123 p.
441 2093 452 2112 1
461 2094 475 2121 ς·
484 2093 501 2112 2
517 2082 566 2113 ed.
581 2084 662 2118 Par„
674 2081 761 2110 uude
774 2080 910 2122 Scaliger
920 2077 1080 2109 transtulit
1092 2077 1126 2106 in
1141 2077 1251 2106 Graeca
1265 2077 1326 2106 Eu-

116 2140 181 2170 seb.
193 2150 225 2179 p.
243 2140 282 2168 33
295 2161 302 2175 ,
317 2140 348 2176 Ι,
361 2140 377 2168 3
388 2149 414 2168 1.
432 2138 525 2168 Adde
540 2137 690 2169 Chronic.
709 2136 730 2166 l.
743 2137 772 2173 I,
790 2146 822 2176 p.
846 2135 883 2163 18
898 2140 929 2164 et
948 2132 1022 2163 126.
1034 2132 1130 2162 Tzori
1144 2130 1273 2172 quidem
1291 2137 1322 2160 et

116 2193 341 2230 Carchedonis,
351 2195 471 2234 quippe
484 2193 626 2229 urbium,
636 2192 765 2222 nomina
778 2190 933 2230 imperite,
944 2198 984 2217 ex
997 2187 1129 2227 antiquo
1140 2193 1246 2216 tamen
1259 2195 1324 2215 mo-

117 2259 169 2286 re,
187 2247 224 2278 ad
241 2249 383 2278 virorum
398 2258 548 2288 personas
562 2245 766 2288 designandas
783 2255 848 2275 esse
867 2241 1011 2272 traducta
1022 2264 1030 2279 ,
1051 2240 1090 2270 ab
1106 2239 1174 2270 aliis
1189 2239 1325 2270 Didonis
