1402 2460
593 74 714 104 Luffin
740 74 797 103 111.

1235 77 1296 115 1430

99 134 332 184 Optavitque
351 132 475 169 locum
496 143 625 180 regnO.
644 130 822 167 Nondum
844 131 954 167 Ilium
979 141 1016 169 et
1035 144 1138 169 arces

98 197 309 244 Pergameae
328 201 526 239 steterant3
545 191 772 228 habitabant
793 191 954 229 vallibus
975 192 1070 231 imis.
1255 212 1300 225 w·

98 255 196 292 Hinc
214 263 335 291 mater
353 254 492 290 cultrix
509 252 679 302 Cybelae,
700 251 1011 303 Corybantiaque
1027 267 1121 300 aera,

98 314 317 364 Idaeumque
335 327 487 360 nemus3
507 312 597 350 hinc
612 313 688 349 fida
706 313 855 350 silentia
873 314 1007 360 sacris,

98 375 146 410 Et
159 375 281 425 juncti
299 387 455 412 currum
474 373 637 410 dominae
654 372 806 410 subiere
827 374 964 410 leones.

99 437 199 486 Ergo
219 436 336 486 agite,
353 444 410 481 et,
428 435 558 472 divum
574 434 718 472 ducunt
737 448 812 485 qua
825 435 949 485 jussa,
967 447 1181 485 sequamur.

99 496 291 533 Placemus
311 505 463 542 ventos,
483 505 520 533 ct
541 496 682 534 Gnosia
697 509 813 546 regna
831 504 1013 546 petamus.
1258 505 1304 528 115

99 559 177 594 Nec
194 558 307 607 longo
323 557 463 594 distant
483 570 614 603 cursu3
633 557 747 594 modo
765 557 942 607 ¹Iuppiter
961 557 1077 603 adsit,

99 684 232 714 omnino
251 685 290 713 sit
307 683 437 714 dictum.
440 694 555 723 —109
567 706 575 719 ,
599 694 611 712 1
623 693 673 713 10.

99 732 149 760 Ex
164 730 253 760 Iliad.
270 740 304 767 υ,
325 731 402 766 216,
419 741 496 767 αν,
515 729 579 758 218
597 730 676 758 Dar-

102 776 203 806 danus
218 774 331 807 Κτίσσε
348 772 383 806 δὲ
402 773 540 818 Anasta-al
532 785 587 808 ,τη-ν·
607 773 675 805 ἐπα

101 821 186 853 οὔπω
204 816 279 858 ἶλοςι
295 821 342 865 {fa-r.
358 824 398 852 Ev
422 833 461 852 πε
450 818 522 865 ’δίῳ
545 819 676 852 πεπᾶὶι-

99 880 149 906 50,
186 879 224 899 π
213 867 274 904 θλις
313 867 458 912 ωερέπωι
492 867 674 899 ἀνθοώπων.

98 907 174 947 ,bs
192 914 234 945 ἔθ’
251 913 407 959 ὑπωρείας
427 914 488 946 ὤκε
492 926 523 946 ον
542 926 583 945 πε
586 913 675 946 λυπί-

99 959 197 997 Sam
211 955 281 998 idm
300 963 384 1004 (hoc
402 970 464 999 est,
485 962 675 992 habitabant

98 1009 241 1039 vallebus
268 1009 339 1039 unis
367 1009 405 1039 ad
429 1009 496 1039 Idae
520 1009 673 1050 radices).

100 1055 184 1085 conf.
215 1056 404 1086 Strabonem
423 1057 520 1092 XIII,
547 1067 583 1096 p.
609 1057 673 1095 592

100 1101 198 1143 (885)
216 1101 255 1131 de
269 1103 324 1132 illo
339 1103 412 1132 loco
428 1103 600 1132 Homerico
614 1102 675 1132 dis-

99 1156 275 1189 putantem.
295 1148 424 1189 Optavic
441 1159 452 1177 .·
476 1155 512 1178 ut
532 1150 565 1185 Ι,
588 1150 652 1183 425
665 1172 673 1184 ,

100 1197 180 1224 Pars
205 1203 316 1235 optare
348 1195 451 1224 locum
471 1201 552 1224 tecto
579 1206 590 1223 .·
622 1194 676 1224 de-

101 1241 213 1282 ligere,
236 1241 403 1271 destinare.

151 1298 187 1317 11
199 1298 225 1317 ι.
259 1290 357 1318 Porro
394 1288 480 1317 varie
513 1286 675 1323 scribitur,

103 1334 228 1374 Qrbele,
244 1334 383 1373 Cybeles,
398 1333 594 1374 Cybeli(h0c
608 1334 677 1373 qui-

101 1381 174 1411 dem
197 1382 304 1418 inani,
334 1388 371 1410 ut
388 1380 486 1417 solet,
505 1380 679 1410 verborum

101 1434 252 1468 apparatu
281 1434 374 1458 ornat
404 1425 569 1467 Catroeus)
593 1425 678 1466 apud

102 1476 182 1505 Pier.
203 1481 234 1504 et
257 1475 444 1511 Heinsium‚
474 1474 565 1512 cujus
584 1471 678 1502 docta

102 1528 178 1550 nota
193 1528 239 1550 est
258 1520 296 1549 ad
320 1519 352 1550 h.
379 1520 400 1550 l.
421 1527 469 1557 et,
487 1527 525 1550 ut
550 1519 679 1558 Cybeles

102 1577 176 1597 cum
189 1568 300 1597 ceteris
314 1567 510 1603 conveniret,
520 1572 679 1596 mutatum

103 1615 195 1643 etiam
219 1622 323 1643 mater
336 1614 370 1642 iu
394 1612 516 1649 macris,
536 1619 567 1642 et
585 1611 680 1642 refin-

102 1670 177 1690 xere
187 1659 283 1690 adeo:
299 1659 384 1689 Hinc
395 1659 506 1688 macris
515 1659 609 1689 cultri
625 1658 680 1697 Cy-

104 1706 188 1736 beles
205 1717 254 1747 ap.
271 1707 352 1736 Pier.
377 1706 458 1736 Nam
473 1705 679 1735 librariorum

103 1753 208 1794 lapsus
230 1759 306 1782 sunt
330 1751 451 1791 qumi,
482 1751 606 1787 Cibilli,
633 1751 682 1780 Ci-

106 1799 179 1836 beli,
201 1798 318 1838 Crbile.
343 1798 478 1835 Chelae,
494 1805 525 1828 et
542 1797 582 1828 al.
603 1799 681 1827 Sane

104 1856 196 1876 mons
230 1846 284 1875 ille
311 1845 481 1885 Phrygiae,
503 1845 558 1884 qui
586 1845 682 1874 Matri

104 1892 199 1923 deum
208 1902 324 1923 nomen
334 1891 432 1928 dedit,
439 1897 523 1921 recle
532 1890 683 1920 scriLitur

105 1946 135 1969 et
153 1939 304 1978 Qrbelus,
321 1949 366 1969 sc.
382 1948 492 1975 mons,
509 1944 539 1967 et
555 1937 681 1976 Cybele,

83 2021 88 2025 .
105 1992 137 2016 et
153 1986 302 2025 Cybelen,
323 1985 505 2024 Graeeisque
527 1982 561 2013 τὸ
585 1981 682 2021 Κύβε-

77 2025 80 2031 ’
106 2035 169 2070 λον,
188 2030 229 2062 τὰ
249 2030 387 2070 Κύβελα,
403 2030 423 2064 ἦ
443 2028 579 2069 Κυβέλη,
594 2030 682 2060 unde

106 2079 173 2119 ipsa
190 2078 248 2109 dea
261 2078 281 2112 ᾗ
296 2075 431 2115 Κυὲέλη,
451 2088 490 2107 an
510 2078 603 2107 etiam
620 2080 681 2107 Κυ-

109 2122 198 2162 βήλη,
218 2130 278 2155 'nec
293 2126 400 2166 potius
414 2121 540 2163 Κυβήλτ,
552 2147 560 2161 ,
585 2123 681 2153 dubi-

109 2177 203 2202 tatur.
240 2172 394 2213 Virgilius
424 2171 517 2202 talem
549 2170 682 2200 formam

109 2225 211 2255 amat,
234 2225 265 2249 et
291 2218 379 2259 quod
405 2217 468 2248 hoc
496 2218 682 2259 proximum

729 689 775 712 est
787 683 916 712 lectioni
931 683 1017 722 vulg.
1039 683 1153 722 Cybele
1164 705 1171 719 ‚
1186 693 1258 723 qnae
1273 684 1307 713 in

729 729 888 769 plerisque
902 728 1010 765 libris,
1028 731 1121 759 etiam
1141 729 1257 760 Medic,
1277 738 1308 759 et

730 777 852 817 Fragm.
888 776 991 805 Vatjc.
1004 798 1012 812 ,
1041 777 1181 806 occurrit
1192 799 1200 812 ‚
1230 783 1261 806 et
1291 787 1307 805 a

728 823 836 853 Nonio
855 821 1010 852 Marcello
1029 821 1188 853 firmatur.
1205 824 1307 852 Inter-

728 869 843 909 pretati
859 875 965 898 autem
980 876 1069 899 erant
1084 869 1182 910 vulgo
1194 892 1201 905 ,
1217 876 1254 898 ut
1267 880 1307 899 ex

728 916 908 956 Pomponio
932 915 1004 945 Sab.
1028 923 1157 956 apparet
1177 926 1184 946 :
1206 923 1311 945 mater

731 961 846 1000 Cybele
864 961 995 997 cultri-2⁸,
1012 973 1055 992 sc.
1071 973 1247 993 sacrorum.
1263 981 1309 986 --

733 1018 746 1036 1
758 1019 769 1037 1
782 1019 794 1037 1
812 1026 858 1031 —-
879 1019 892 1038 1
904 1009 954 1038 13.
980 1010 1029 1038 Ex
1055 1009 1146 1040 Creta
1168 1009 1310 1039 traducta

729 1055 762 1083 in
782 1054 940 1085 Troadem
957 1063 1033 1085 sunt
1051 1066 1136 1086 sacra
1152 1055 1288 1097 Cybeles
1300 1080 1308 1093 ‚

729 1100 883 1131 declarata
902 1111 936 1131 ea
960 1113 1018 1142 per
1045 1109 1150 1142 partes
1169 1111 1177 1131 :
1201 1104 1312 1132 ‚Mater

730 1147 836 1184 deum,
849 1158 922 1188 quae
935 1148 1029 1184 colit,
1044 1148 1212 1184 inhahitat,
1224 1160 1311 1178 mon·

731 1201 793 1223 tem
808 1194 954 1235 Phrygiae
964 1216 973 1230 ‚
988 1193 1146 1235 Cybelen(
1157 1205 1187 1224 v.
1199 1197 1309 1225 Heius.

732 1247 763 1268 et
778 1241 887 1269 Burm.
906 1240 1040 1271 Anthol.
1059 1243 1090 1277 Ι,
1117 1239 1192 1281 53),
1215 1242 1311 1281 Cory-

733 1285 862 1315 bantum
879 1286 1067 1316 saltationes
1089 1297 1162 1317 cum
1185 1289 1311 1328 cymba-

732 1331 786 1367 lis;
802 1343 843 1362 ex
858 1332 913 1363 Ida
932 1334 1033 1362 (Irctae
1049 1345 1160 1363 nemus
1184 1335 1309 1365 ldoemn

733 1378 887 1415 ductum3
906 1389 963 1408 seu
978 1389 1096 1410 nomen
1114 1381 1228 1411 montis
1244 1383 1311 1411 Ida?

733 1426 768 1455 in
783 1425 924 1462 Troade,
940 1426 976 1454 in
1000 1437 1066 1466 quo
1080 1427 1135 1456 illa
1153 1438 1240 1458 sacra
1256 1428 1311 1458 ha-

732 1471 914 1508 bebantur,
938 1472 1004 1512 ipsa
1041 1474 1193 1512 mysteria
1229 1475 1312 1505 Idaea

733 1518 824 1558 (haec
849 1524 924 1548 sunt
936 1518 1014 1560 fida
1037 1519 1170 1550 silentia
1189 1522 1289 1551 sacris
1302 1535 1312 1556 ‚-

733 1566 768 1595 in
786 1566 898 1601 sacris,
920 1564 983 1594 hoc
1008 1573 1055 1596 est
1078 1568 1263 1608 sacrorum)
1281 1577 1313 1598 et

733 1613 767 1642 in
783 1612 821 1641 iis
844 1610 975 1650 Cybeles
993 1612 1137 1642 leonibus
1145 1622 1251 1644 vectoe
1266 1626 1313 1644 re-

733 1659 945 1698 praesentau'o.
964 1660 1046 1698 Quae
1064 1661 1170 1689 omnia
1185 1661 1259 1690 satis
1278 1662 1314 1690 il-

733 1704 864 1734 lustrata
887 1711 963 1733 sunt
981 1715 1055 1734 cum
1081 1705 1120 1735 ab
1136 1706 1223 1744 aliis,
1244 1713 1311 1737 tum

735 1760 751 1778 a
767 1751 928 1790 Pignorio.

788 1806 800 1825 1
812 1797 862 1825 15.
879 1795 1051 1825 Placemus
1068 1805 1203 1834 ventos,
1225 1809 1313 1829 sacra

736 1841 797 1872 diis
816 1842 911 1871 maris
929 1842 1119 1882 praesidihus
1139 1844 1311 1876 faciamus!

738 1888 778 1919 cf.
798 1900 828 1919 ν.
852 1898 935 1928 1193
959 1895 990 1918 et
1005 1896 1149 1929 petamus
1167 1892 1310 1922 Cretam!

737 1934 911 1964 -Gnosia
924 1945 940 1965 e
955 1937 1081 1976 scriptis
1097 1943 1206 1967 tuetur
1218 1940 1314 1969 Hein-

736 1983 800 2012 sius
811 2004 819 2019 ‚
831 1980 918 2011 Gud.
935 1987 965 2011 et
986 1982 1040 2012 alii
1058 1983 1186 2014 Cnosia.
1203 1986 1312 2027 Vulgo

738 2028 900 2064 Gnossia;
925 2027 980 2058 sed
1003 2028 1042 2059 de
1063 2029 1123 2060 hac
1144 2032 1311 2072 scripturae

736 2076 886 2105 varietate
909 2082 1054 2106 auctores
1081 2076 1122 2107 de
1147 2080 1255 2109 numis
1280 2088 1312 2109 et

735 2121 947 2152 marmoribus
967 2129 1043 2152 sunt
1059 2123 1199 2156 videndi.
1219 2127 1311 2165 Diju-

736 2168 870 2198 djcanda
893 2169 1026 2200 omnino
1049 2181 1098 2201 res
1122 2178 1168 2201 est
1188 2183 1230 2202 ex
1251 2184 1306 2209 eo,

736 2215 823 2256 quod
861 2214 999 2255 simplici
1039 2217 1130 2248 litera
1166 2226 1286 2250 veteres
1301 2244 1309 2257 ,
