1402 2460
509 87 568 117 ΑΙ)
594 89 757 119 LIBRUM
782 90 823 118 II.
1201 97 1263 128 36Χ

70 161 136 180 esse
154 155 334 186 tractatam,
350 147 401 178 vel
419 157 459 177 ex
473 147 646 177 serioribus
659 146 868 188 scriptoribus
881 147 1102 191 intelligimus,
1117 153 1173 193 qui
1188 156 1270 187 nihil

69 203 155 233 aliud
178 203 285 233 fecisse
306 200 461 243 putandi,
487 211 582 241 quam
609 208 645 231 ut
668 202 846 241 superiores
873 210 1014 234 auctores
1042 211 1095 234 aut
1116 209 1270 240 serviliter

71 256 273 286 imitarentur
290 263 343 286 aut
364 255 590 286 exscriberem.
611 256 789 296 Exponunt
813 263 916 285 autem
933 257 980 287 illi
1001 259 1213 292 narrationem
1231 262 1270 294 de

68 312 248 341 Laocoonte
266 311 394 351 copiose
411 317 441 340 et
455 311 488 339 in
506 309 615 339 multis
631 308 764 339 diverse.

116 367 162 394 Ita
182 364 265 405 apud
289 365 446 405 Quintum
472 363 643 394 Calabrum
667 364 748 400 XII,
777 364 841 393 388
856 382 902 387 —
918 372 981 406 409
999 368 1062 405 jam
1088 375 1171 408 tum,
1197 381 1270 401 cum

68 420 155 449 hasta
177 426 375 460 percusserat
393 429 511 459 equum
535 420 703 455 Laocoon,
721 418 857 448 Palladis
874 421 1005 450 numine
1024 428 1105 452 terra
1126 423 1186 453 sub
1203 426 1270 464 ejus

70 474 204 516 pedibus
219 481 384 512 movetur,
398 474 484 504 unde
507 484 580 504 eum
602 472 769 513 repentino
786 480 906 504 terrore
923 477 1092 507 attonitum
1110 485 1223 520 stupor
1240 487 1272 510 et

71 528 253 562 ἀναισθησία
273 535 417 569 occupat.
444 531 526 559 Mox
545 535 666 565 tamen,
684 538 758 558 cum
777 539 876 569 equus
892 541 923 560 v,
943 531 1008 566 436
1030 538 1088 562 etc.
1107 534 1142 563 in
1158 533 1270 564 urbem

68 583 254 621 duceretur,
280 583 332 614 ille
353 593 419 613 non
436 582 557 612 desistit
581 582 702 612 hortari
722 589 753 612 et
774 583 924 613 obtestari
947 586 1118 623 Trojanos,
1138 593 1174 616 ut
1198 598 1270 618 eum

69 637 311 675 comburerent3
329 644 397 667 tum
422 647 462 666 ex
481 635 583 665 insula
609 635 752 676 Calydna
776 637 923 667 Minerva
940 637 1092 669 dracones
1117 638 1267 678 advocat,

67 694 141 733 qui,
169 692 304 733 dilapsa,
323 702 396 732 quae
418 691 540 728 aderat,
561 690 671 728 turba,
694 701 726 720 V.
755 691 820 726 466
839 709 887 714 ——
906 698 971 733 490
997 694 1063 724 duo
1079 696 1270 725 Laocoontis

67 744 150 776 filios
169 753 332 787 correptos
348 745 437 774 malis
454 744 622 785 frangunt,
640 744 756 774 frustra
771 745 810 774 ad
823 753 944 785 patrem
959 757 1071 777 manus
1087 748 1268 787 tendentes,

68 796 170 842 Πατρὶ
187 797 266 842 φίλῳ
284 798 423 843 ὄρέγοντι
449 795 499 834 ἑὰς
519 797 623 840 χέρας·
650 793 716 827 οὐδ’
740 796 770 833 ὃς
794 796 917 841 ἀμύνειν
942 793 1077 832 Ϊέσθενεν.
1100 802 1180 832 Inde
1203 803 1270 833 duo

69 855 241 892 dracones,
261 865 344 893 non,
364 861 401 883 ut
419 853 505 894 apud
523 852 709 893 Virgilium,
736 853 771 882 in
789 853 945 883 Minervae
964 856 1119 896 templum
1142 858 1176 886 in
1198 868 1270 888 arce

67 910 273 950 confugiunt,
287 908 343 939 sed
358 909 418 938 sub
435 915 549 938 terram
566 914 775 945 evanescunt,
791 908 874 938 circa
890 909 1043 950 templum
1056 911 1217 951 Apollinis
1235 913 1270 942 in

65 972 136 993 arce
153 965 302 1004 Pergamo
315 984 323 999 ‚
343 961 400 991 ubi
427 960 504 991 adeo
521 960 748 1001 cenotaphium
775 962 814 992 iis
838 962 959 993 factum
974 970 1091 994 narrat.
1115 963 1178 1005 (In
1199 967 1270 1006 ipso

66 1016 185 1058 templo
200 1017 361 1057 Apollinis
378 1015 565 1056 Thymbraei
576 1013 660 1045 filios
674 1015 830 1045 interiisse
843 1017 957 1046 Tzetza
975 1025 1131 1048 memorat
1150 1018 1189 1048 ad
1207 1021 1270 1059 Ly-

66 1071 177 1112 cophr.
194 1082 226 1102 v.
244 1072 321 1110 347,
342 1071 450 1100 nescio
469 1080 508 1100 an
527 1069 589 1099 alio
605 1069 650 1098 rei
666 1069 831 1111 auctore.)
847 1070 892 1100 At
907 1078 997 1111 pater
1014 1072 1117 1102 oculis
1133 1074 1268 1113 capitur.

65 1127 227 1156 Hactenus
246 1126 404 1166 Quintus,
423 1125 493 1165 qui,
513 1133 608 1164 quam
625 1123 770 1153 diversus
794 1125 829 1153 in
846 1124 956 1155 multis
972 1127 1031 1163 sit,
1052 1126 1186 1156 obvium
1210 1134 1267 1158 est.

65 1178 312 1220 Tryphiodorus
335 1178 526 1208 Laocoontis
551 1178 644 1218 plane
669 1177 790 1207 nullam
813 1180 1008 1209 mentionem
1030 1179 1120 1218 facit,
1142 1182 1190 1210 uti
1209 1191 1268 1211 nec

67 1235 179 1275 Dictys
196 1241 227 1264 et
245 1235 342 1264 Dares
357 1244 364 1264 :
383 1240 415 1263 at
430 1234 579 1274 Hyginus
595 1232 616 1262 f.
637 1233 711 1270 135,
726 1234 872 1273 proxime
887 1234 926 1264 ad
940 1235 1130 1275 Virgilium,
1146 1242 1269 1276 patrem

69 1298 142 1318 cum
171 1287 245 1318 filiis
269 1294 418 1318 necatum
445 1293 561 1317 narrat.
590 1287 678 1316 Facit
701 1288 744 1325 is,
770 1287 832 1317 nisi
856 1287 895 1317 ab
916 1290 1111 1329 exscriptore
1133 1289 1185 1320 vel
1214 1300 1269 1320 ex-

68 1348 213 1382 cerptore
232 1348 402 1381 corruptus
427 1347 488 1377 est,
506 1342 718 1370 Laocoontem
741 1341 870 1371 Acoetis
893 1340 1013 1379 filium,
1040 1342 1189 1372 Anchisae
1208 1343 1270 1373 fra-

68 1402 166 1433 trem3
188 1402 219 1425 at
236 1396 410 1426 Antenoris
433 1393 536 1424 filium
560 1393 657 1423 tradit
683 1396 796 1424 Tzetza
824 1394 863 1424 ad
880 1395 1041 1436 Lycophr.
1071 1397 1148 1434 347.
1171 1396 1271 1437 Apud

67 1450 205 1481 eundem
228 1451 394 1492 Hyginum
413 1451 562 1480 Laocoon
587 1455 633 1478 est
648 1449 826 1489 Apollinis,
845 1460 912 1480 non
929 1451 1086 1491 Neptuni,
1105 1451 1269 1490 sacerdos,

68 1512 99 1535 et
115 1512 226 1535 contra
242 1505 308 1543 ejus
324 1502 521 1534 voluntatem
540 1513 675 1532 uxorem
694 1502 802 1541 duxit,
820 1504 913 1544 eique
933 1503 972 1533 ab
991 1504 1143 1545 Apolline
1160 1505 1270 1536 draco-

68 1569 123 1589 nes
147 1559 382 1594 immittuntur3
403 1568 473 1598 quae
496 1568 563 1587 non
589 1555 760 1586 admodum
782 1556 822 1586 ab
844 1558 883 1586 iis
905 1557 1086 1598 discrepant
1110 1569 1180 1599 quae
1199 1561 1270 1590 Ser-

68 1614 139 1642 vius
162 1612 200 1642 ad
220 1624 249 1642 v.
275 1623 336 1642 201
364 1623 404 1641 ex
427 1611 635 1652 Euphorione
659 1611 771 1642 adfert.
797 1611 954 1642 Filiorum
980 1623 1108 1654 quoque
1131 1614 1270 1644 duorum

68 1669 198 1699 nomina
214 1667 300 1708 apud
320 1668 486 1708 Hyginum
502 1666 656 1706 adscripta
669 1673 745 1696 suut
759 1675 767 1696 z
782 1666 938 1709 quifilios
953 1667 1020 1707 ejus
1035 1667 1269 1708 Antiphantem

70 1729 100 1751 et
128 1720 344 1760 leymbrceum
373 1728 548 1756 necarenc;
564 1727 595 1750 at
621 1720 706 1761 apud
727 1722 813 1751 Serv.
835 1720 874 1749 ad
899 1732 930 1751 v.
962 1731 1024 1750 211
1051 1722 1271 1752 Thessandrus

68 1775 244 1806 Ethrotzem
260 1783 290 1805 et
305 1775 484 1804 Melancum
501 1774 680 1804 nominatos
696 1773 804 1804 edidit.
820 1774 926 1814 Quid?
944 1774 1031 1814 quod
1047 1781 1077 1804 et
1093 1774 1269 1805 draconum

70 1831 200 1860 nomina
230 1836 422 1865 occurrunt3
450 1830 566 1858 Porces
594 1827 723 1867 quidem
755 1827 841 1868 apud
870 1828 1030 1868 Lycophr.
1056 1839 1087 1857 v.
1115 1829 1193 1866 347,
1213 1829 1271 1858 ubi

68 1886 197 1913 Tzetzes
227 1881 359 1911 alterum
390 1880 587 1911 Chariboeam
616 1882 733 1910 excitat
765 1879 801 1921 (ὁ
828 1879 1008 1923 Πόρκης-
1026 1880 1046 1915 ἦ
1072 1878 1268 1924 Χοιρίῧοια),

69 1944 244 1976 utrumque
266 1937 359 1965 etiam
376 1946 416 1965 cx
433 1934 623 1976 Lysimacho
639 1941 865 1965 commemorat
886 1936 1013 1965 Servius
1034 1935 1055 1965 1.
1077 1946 1104 1965 c.
1122 1943 1152 1965 et
1163 1958 1171 1972 ,
1188 1937 1214 1965 si
1229 1936 1272 1966 al-

70 1991 130 2020 teri
146 1990 246 2021 Servii
263 1990 338 2019 loco
357 1989 396 2018 ad
413 2000 442 2018 v.
462 1995 527 2024 204
545 1987 623 2018 fides
639 1987 802 2025 habenda,
821 1989 953 2018 nomina
971 1999 1007 2018 ea
1020 1989 1083 2027 jam
1099 1989 1271 2030 Sophocles

71 2045 106 2073 in
122 2046 301 2074 Laocoonte
317 2042 503 2084 protulerat.
521 2043 682 2072 Dracones
699 2042 861 2082 ingeniose
880 2043 952 2072 satis
972 2044 999 2072 T
991 2042 1132 2083 ‚yphom's
1150 2042 1272 2074 soboles

73 2098 258 2140 produntur
280 2109 296 2127 a
316 2099 440 2138 Quinto
458 2108 489 2126 v.
515 2097 591 2132 443.
607 2096 660 2126 Ab
677 2095 788 2126 eodem
804 2096 956 2127 dracones
975 2107 992 2126 a
1015 2097 1157 2138 Calydna
1172 2108 1271 2129 arces-

74 2160 205 2190 suntur‚
228 2163 283 2182 seu
304 2154 412 2192 potius
431 2163 447 2181 a
465 2151 616 2192 Calydnis
634 2150 695 2192 (de
710 2151 826 2191 quibus
842 2163 873 2181 v.
890 2151 930 2181 ad
950 2151 1101 2193 Apollod.
1118 2163 1150 2193 p.
1170 2164 1182 2182 1
1194 2154 1269 2191 1255

76 2206 164 2238 Iliad.
195 2205 232 2245 β,
260 2207 350 2248 677)
376 2217 448 2237 cum
474 2206 688 2248 Lycophrone
714 2206 734 2237 l.
763 2217 790 2237 c.
818 2206 879 2247 (ad
894 2217 989 2247 quem
1005 2205 1067 2239 loc.
1089 2218 1119 2238 v.
1144 2206 1270 2247 Schol.)

268 2272 316 2306 II.
983 2324 988 2329 ῃ
1096 2272 1116 2307 3
1128 2286 1141 2308 1
