1433 2460
127 77 188 106 151¹»

623 74 815 105 AExnlnos

123 137 167 170 Et
190 136 359 169 Danaum
380 130 498 166 sol'nae
515 142 647 176 naves,
666 140 701 166 vt.
722 131 864 168 Achaia
887 140 1025 178 castra,

125 193 299 242 Adgrvssi
321 193 420 227 svrro
444 191 604 237 circum,
622 204 694 240 qun
712 205 857 228 sumnia
878 192 1037 229 labantis

124 258 325 290 juncturas
346 251 512 287 tabulata
532 250 692 296 dabant,
711 253 955 289 convellimus
974 252 1056 289 :iltis

124 312 304 356 Sedibus,
325 311 630 360 impulinmsquo.
656 313 708 348 Ea
729 312 830 361 lapsa
848 322 1002 362 repente
1023 311 1169 348 ruinam

1273 321 1322 349 46⁵

124 377 216 410 Cum
235 372 360 408 sonitu
379 371 512 417 trahit,
530 380 566 407 et
586 374 758 409 Danaum
775 386 888 422 super
905 374 1052 423 agmina
1070 373 1142 409 late

124 433 272 470 Incidit.
294 436 360 469 Ast
380 433 441 469 alii
463 431 646 479 subt-unu
664 445 732 469 nec
749 445 858 481 saxa,
874 447 942 471 nec
960 435 1076 471 ullum

123 495 302 530 Telorum
321 493 464 529 interca
481 502 600 529 cessat
619 506 747 543 genus.

124 552 364 589 Vestibulum
382 562 468 589 ante
488 553 610 602 ipsum
633 553 833 603 primoque
850 551 888 589 in
906 552 1033 590 limine
1051 552 1218 602 Pyrrhus

125 613 314 658 Exsultat,
335 614 417 650 telis
437 621 473 649 ct
494 614 576 650 lucc
594 626 773 651 coruscus
790 627 894 651 aena.

1273 624 1322 656 470

124 673 255 719 Qualis
280 673 345 710 ubi
364 674 401 710 in
423 673 546 711 lucem
563 674 722 712 coluber
742 675 838 712 mala
855 674 1023 725 gramina
1040 681 1185 723 pastus,

126 814 188 851 467
203 836 212 851 ‚
228 820 258 843 et
274 814 392 843 interea
410 824 450 844 ex
467 813 697 854 posterioribus

123 860 292 890 ordinibus
320 860 380 890 tela
405 871 421 889 e
444 860 622 900 longinquo
649 862 697 890 in-

124 913 290 948 geruntur.
319 908 464 937 Narratio
484 907 557 936 iude
573 909 607 937 in
628 907 697 937 solo

124 953 335 993 Neoptolemo
350 953 502 983 subsistit.
519 956 609 984 Vers.
631 954 692 989 461

124 999 208 1029 unde
238 999 341 1029 omnis
362 999 457 1040 Troja
483 999 592 1029 videri
612 1000 697 1030 illus-

124 1052 209 1075 trant
225 1047 329 1087 intpp.
345 1057 385 1076 ex
400 1046 488 1076 Iliad.
505 1058 536 1082 ν,
556 1058 566 1076 1
577 1048 612 1083 3,
635 1053 694 1083 14;

124 1094 183 1122 etsi
199 1093 265 1132 ipsa
281 1095 376 1122 turris
389 1099 490 1133 poetae
505 1104 545 1122 ex
560 1093 648 1125 Iliad.
661 1103 695 1135 φ,

127 1139 193 1169 526
209 1149 277 1178 sqq.
295 1147 368 1169 nata
389 1150 454 1169 esse
471 1139 596 1170 videtur
607 1163 616 1177 ‚
638 1140 695 1170 ubi

126 1186 272 1215 Hectoris
293 1185 393 1216 fatum
416 1197 456 1216 ex
483 1197 518 1216 ea
543 1188 697 1228 prospicit

123 1233 267 1262 Priamus
287 1242 360 1262 cnm
388 1234 543 1272 Trojam‘s.
567 1235 698 1275 Egregia

124 1285 229 1308 autem
262 1289 337 1309 cnm
372 1286 436 1309 arte
476 1280 544 1310 haec
581 1282 699 1311 inserta

124 1331 200 1354 sunt
239 1334 255 1354 a
293 1332 386 1366 poeta
424 1326 463 1356 ad
513 1337 620 1357 rerum
657 1327 701 1357 fa-

123 1371 203 1400 ciem
243 1371 423 1402 variandam
438 1395 447 1410 ‚
486 1373 575 1414 quod
606 1374 700 1404 etiam

123 1418 281 1447 Wartono
296 1418 638 1456 observatum.—l462.
655 1422 700 1450 A-

122 1461 221 1493 elza'c'a
229 1486 240 1500 ‚
259 1464 358 1494 forma
372 1473 474 1505 poetae
489 1467 698 1506 sollenniore,

123 1510 234 1540 Heius.
261 1517 384 1541 tantum
409 1513 443 1542 in
467 1513 699 1544 recentioribus

122 1564 294 1596 repererat3
307 1564 338 1587 at
352 1558 576 1590 accedentibus
586 1562 696 1591 Franc.

123 1603 268 1634 wittian.
293 1604 433 1636 Parrhas.
460 1606 534 1638 edit.
561 1608 643 1638 Ven.
667 1614 699 1637 et

122 1649 259 1682 Dorvill.
276 1651 393 1692 quibus
411 1652 548 1684 addendi
560 1653 699 1683 nonnul-

121 1694 146 1724 li
160 1695 254 1728 codd.
272 1700 377 1735 Pierii,
393 1706 423 1729 et
435 1701 539 1740 primo
553 1702 697 1730 omnium

122 1741 196 1773 loco
218 1743 329 1785 fragm.
351 1747 456 1777 Vatic.
480 1758 512 1787 p.
542 1757 601 1785 171
615 1769 624 1784 ‚
651 1757 696 1777 re-

123 1791 231 1828 posuit
242 1792 417 1823 Burmann.
429 1793 526 1834 Vulg.
538 1792 696 1825 Achaica.

171 1837 237 1878 469
251 1848 319 1879 sqq.
339 1840 548 1881 Expugnatur
570 1839 697 1870 tandem

123 1884 207 1924 regia
220 1895 278 1925 per
300 1886 543 1926 Neoptolemum
562 1886 696 1917 Achillis

124 1930 145 1959 f.
157 1952 165 1965 ‚
181 1932 239 1971 qui
250 1932 332 1972 ipsas
347 1932 429 1962 fores
437 1940 511 1968 ,erat
523 1943 695 1975 aggressus.

124 1977 204 2006 Nam
238 1977 301 2008 hoc
326 1985 373 2008 est
399 1987 476 2009 ante
501 1979 695 2010 vestibulum

125 2021 243 2060 ipsum,
274 2024 305 2055 h.
323 2036 350 2055 e.
364 2025 493 2064 januam
504 2049 512 2065 ‚
538 2037 601 2068 qua
614 2025 696 2056 illud

124 2069 280 2108 intratur,
306 2071 476 2113 primoque
509 2073 542 2103 ἱη
573 2073 694 2103 limine.

124 2115 253 2157 Egregie
274 2124 378 2148 antem
399 2130 473 2150 eum
493 2126 695 2162 repraesenta-

124 2161 171 2191 vit
186 2170 194 2192 :
209 2164 352 2193 exsultat
362 2187 370 2201 ‚
391 2176 449 2206 pro
469 2174 608 2209 pugnat3
622 2166 695 2197 telis

125 2215 159 2238 et
179 2208 248 2240 luce
263 2220 409 2242 coruscus
429 2223 516 2244 aena
525 2236 535 2251 ‚
560 2213 593 2246 h.
607 2223 634 2245 e.
647 2223 694 2244 ar·

752 815 828 851 inis,
857 814 1003 851 thorace,
1031 814 1135 854 clipeo
1159 820 1191 843 et
1219 811 1322 855 galea,

751 862 856 897 atreis,
884 861 1144 901 splendentibus;
1176 867 1212 889 ut
1242 869 1324 900 saepe

750 907 835 948 apud
857 909 1032 937 Homerum
1061 904 1259 948 λαμπόμενος
1286 907 1325 935 si-

750 954 818 984 mili
833 955 864 983 in
882 965 925 984 re.
944 954 1033 984 Iliad.
1049 965 1062 983 ν
1076 976 1083 990 ,
1114 955 1175 989 341
1202 950 1270 982 ὅσσε
1293 948 1324 981 δ’

750 997 885 1043 ἄμερδεν
911 999 999 1044 Abx-'n
1028 997 1160 1040 χαλκείη
1184 998 1319 1041 κορύθων

749 1045 813 1077 ἀπὸ
832 1045 1074 1089 λαμπομενάων.
1093 1064 1138 1069 —-
1156 1052 1194 1083 47
1202 1056 1232 1076 0.
1250 1045 1324 1076 Vul-

748 1104 789 1135 go
810 1095 1046 1135 interpungitur
1063 1093 1218 1123 Exsultat
1232 1091 1321 1129 telis,

748 1140 835 1180 quod
848 1141 979 1171 mutavi.
999 1140 1152 1170 Coruscat
1163 1137 1322 1169 Montalb.

749 1187 844 1217 Wall.
861 1195 892 1218 et
910 1187 959 1218 ed.
984 1189 1065 1217 Ven.
1086 1186 1205 1217 Alzena
1228 1185 1324 1225 scrip-

750 1239 820 1263 tum
858 1245 874 1265 a
901 1245 961 1265 sec.
987 1244 1082 1264 manu
1107 1234 1142 1263 in
1166 1232 1324 1273 perveteri

752 1281 926 1322 exemplari
941 1281 1022 1311 Gell.
1040 1282 1090 1317 11,
1109 1281 1125 1310 3
1144 1285 1286 1309 testatur.

801 1333 840 1366 [47
852 1338 879 1357 1.
924 1329 1052 1357 Praestat
1097 1327 1323 1365 interpungere

752 1381 825 1415 post
842 1374 984 1416 tegebat,
1004 1381 1041 1403 ut
1062 1374 1102 1403 sit
1118 1383 1125 1403 :
1149 1371 1262 1412 Qualis
1277 1382 1321 1402 sc.

752 1421 896 1451 exsultat
911 1421 1051 1456 coluber,
1068 1429 1161 1460 quem
1184 1417 1321 1459 tegebat.

753 1469 793 1498 In
815 1468 917 1497 lucem
943 1467 1079 1497 offendit
1101 1473 1173 1508 post
1199 1472 1232 1495 et
1253 1464 1323 1495 luce

752 1524 846 1544 versu
861 1525 933 1555 sup.
956 1522 987 1544 et
1003 1513 1091 1555 quod
1105 1514 1242 1544 otiosum
1257 1517 1322 1549 est;

750 1562 808 1590 etsi
824 1568 879 1591 aut
894 1561 1037 1591 exsultat
1058 1566 1195 1600 repetas,
1215 1564 1271 1588 aut
1284 1557 1324 1587 ad

750 1607 907 1637 convolvit
917 1607 1030 1638 trahas.
1044 1608 1246 1637 Burmannus
1258 1606 1323 1636 Ho-

751 1655 905 1684 mericum
944 1650 995 1684 ἐπὶ
1034 1655 1103 1695 χειῇ
1137 1661 1323 1693 comparans

751 1702 835 1739 conj.
853 1712 869 1731 e
893 1701 1008 1737 lustro,
1033 1706 1071 1730 ut
1100 1700 1255 1730 referatur
1282 1698 1323 1729 ad

749 1747 849 1777 micat
864 1747 981 1777 arduus
989 1758 1002 1783 ;
1016 1745 1142 1777 dubitat
1163 1753 1267 1776 tamen
1282 1755 1323 1775 an

749 1794 880 1824 lustrum
896 1794 935 1824 de
949 1793 1103 1835 serpentis
1118 1792 1220 1823 cubili
1235 1797 1267 1822 et
1278 1791 1322 1822 la-

748 1842 838 1872 tebra
870 1841 1004 1872 dicatur.
1035 1839 1118 1870 Mihi
1152 1838 1321 1870 videbatur

750 1889 904 1930 ingluvies
918 1889 1014 1919 latere
1030 1887 1064 1916 in
1088 1892 1236 1926 corrupta
1257 1884 1320 1914 lec-

749 1936 853 1973 tione,
873 1946 939 1976 quo
962 1935 1080 1965 ducere
1096 1937 1230 1973 possunt
1251 1941 1320 1960 ma-

749 1982 783 2012 Ia
795 1981 950 2024 gramina
962 1989 1077 2022 pastus
1095 1985 1126 2008 et
1142 1977 1297 2008 tumidum
1308 1989 1320 2007 .·

741 2035 857 2069 pastus
869 2027 1038 2069 ingluviem
1054 2024 1144 2054 mala
1153 2023 1318 2066 gramina,

746 2074 854 2115 paullo
881 2075 1088 2114 exquisitius,
1107 2070 1161 2100 sed
1188 2077 1320 2112 propter

745 2121 808 2151 hoc
826 2121 931 2161 ipsum
953 2120 1034 2151 forte
1058 2127 1074 2146 a
1097 2117 1235 2148 librariis
1250 2127 1320 2148 cor-

745 2174 889 2209 ruptum.
904 2167 1019 2209 Georg.
1035 2166 1100 2202 111,
1118 2165 1181 2200 431
1202 2163 1242 2194 de
1254 2175 1318 2195 ser-

744 2221 840 2256 pente
876 2213 1050 2256 chersydro
1071 2222 1080 2243 ε
1111 2209 1163 2242 hic
1181 2210 1320 2253 piscibus
