1402 2460
566 39 690 69 LIBER
713 39 774 68 111.

1203 38 1270 68 215

74 97 183 132 Hunc
202 95 364 145 petimus
382 96 486 141 fessi,
506 104 542 132 et
561 108 689 145 parvae
707 94 942 133 succedimus
961 93 1059 131 urbi.

74 159 222 192 Ancora
242 155 288 192 de
307 168 421 205 prora
433 156 590 205 jacitur3
609 164 710 193 stant
729 156 838 192 litore
858 168 1016 205 puppes.

127 218 226 265 Ergo
245 217 433 265 insperata
453 216 602 253 tandem
621 217 755 253 tellure
774 215 903 266 potiti,

75 276 372 325 Lustramurque
391 275 497 321 Jovi,
516 276 691 326 votisque
708 274 943 313 incendimus
963 288 1064 323 aras3

75 334 260 384 Actiaque
277 335 399 372 Iliacis
419 335 653 373 celebramus
672 336 784 373 litora
802 336 911 373 ludis.
1223 344 1270 369 280

75 493 179 523 betur.
202 494 270 523 Erit
295 494 391 535 igitur
407 497 508 526 oratio
532 507 563 527 v,
583 501 648 534 274

76 547 106 569 et
129 539 194 577 275
213 540 411 582 progressiva
428 554 438 571 :
458 550 493 572 ut
509 553 574 572 non
597 553 649 572 co-

76 586 245 626 pulentur,
271 586 325 615 sed
351 587 500 629 deinceps
519 599 650 618 enume-

76 638 197 662 rentur.
212 635 256 663 Ec
269 635 510 665 Leucatoe—Et
525 634 590 675 (se.
606 635 652 665 ul-

76 679 172 708 terius
182 682 366 722 progressis)
374 681 648 721 aperiturApOIIO.

77 725 147 754 Fuit
159 733 263 755 autem
275 727 380 758 nobile
391 728 543 768 templum
553 727 650 766 Apol-

75 771 149 800 linis
160 773 294 808 Actiaci,
316 773 428 814 idque‚
449 781 484 803 ut
496 784 584 803 nunc
609 783 650 802 ex

75 816 108 848 h.
133 817 154 847 l.
173 818 376 858 intelligitur,
395 821 428 849 in
446 820 518 849 loco
537 819 622 849 edito
635 842 645 856 ‚

77 874 116 893 ex
138 873 224 893 more
243 865 435 904 templorum
446 878 458 901 ;
481 872 511 895 et
527 872 650 896 constat

73 911 137 948 jam
152 911 224 939 satis
240 920 275 939 ea
293 910 331 939 de
348 922 380 941 re
398 922 414 940 e
430 912 502 941 loco
515 912 646 949 Strabo,

76 957 155 993 VII,
171 967 203 996 p.
224 956 288 986 500
311 958 335 986 B
355 957 400 997 (p.
423 957 512 998 325).
538 958 648 997 Itaque

76 1001 157 1032 bene
184 1005 337 1042 Pompon.
363 1003 435 1034 Sab.
455 1003 593 1044 Apelle,
616 1003 652 1032 id

76 1055 144 1086 esc,
167 1059 246 1088 pars
275 1049 332 1078 ιΙΙα
367 1060 555 1086 saxea,1n
584 1059 649 1089 qua

76 1095 227 1134 templum
242 1095 402 1134 Apollinis
418 1103 496 1125 erac.
513 1097 560 1125 De
570 1103 648 1125 tem-

76 1141 130 1181 plo
141 1140 225 1170 conf.
240 1142 369 1171 Sueton.
384 1143 496 1171 Octav.
513 1143 555 1181 96
566 1148 646 1171 extr.

75 1187 185 1227 ibique
196 1188 336 1227 Interpp.
353 1189 401 1216 De
415 1187 574 1228 Apollinis
589 1189 650 1229 sig-

76 1243 119 1263 no
144 1233 266 1273 aliquo,
283 1233 371 1273 quod
401 1234 435 1263 in
466 1241 650 1274 promonto-

76 1280 124 1309 rio
141 1280 260 1309 steterit
274 1301 282 1315 ‚
302 1281 474 1319 Spencium
492 1280 648 1321 Polymet.

77 1326 200 1366 Dialog.
211 1326 303 1362 VIII,
320 1336 352 1366 p.
369 1327 410 1356 33
424 1326 493 1356 haec
506 1327 648 1367 accipere

77 1373 209 1403 mireris.
228 1373 309 1402 Nam
327 1372 468 1402 nobilem
488 1373 649 1413 Apollinis

77 1419 198 1448 Actiaci
223 1425 357 1447 statuam
383 1419 418 1448 in
444 1419 563 1460 templo
588 1421 649 1450 isto

77 1465 172 1495 fuisse
197 1474 322 1494 necesse
347 1471 393 1495 est
422 1476 462 1495 ex
487 1467 651 1496 communi

78 1521 175 1542 more.
194 1510 289 1542 Urbis
304 1518 409 1541 autem
422 1518 453 1542 et
468 1513 578 1552 templi
595 1522 649 1542 ve-

79 1564 226 1588 tustatem
242 1557 280 1586 ad
292 1565 435 1598 tempora
450 1559 586 1596 Trojana
600 1569 649 1588 re-

79 1610 171 1633 vocat
195 1611 286 1644 poeta
307 1615 362 1633 seu
387 1605 571 1635 auctoritate
594 1615 650 1635 seu

81 1656 260 1680 commento
273 1660 342 1680 suo.

129 1706 205 1735 279.
224 1697 467 1736 Lustramusque
493 1695 542 1727 ed.
566 1697 649 1727 Ven.

81 1743 326 1782 Lustratum-que
353 1741 412 1771 deo
438 1753 449 1770 .·
473 1743 556 1780 conj.
582 1744 650 1773 JOS.

81 1787 244 1818 Schrader.
259 1798 302 1817 se.
320 1788 484 1828 Apollini3
501 1795 537 1817 ut
549 1788 621 1817 Jovi
634 1799 651 1818 e

80 1834 161 1863 mala
179 1835 437 1874 interpretatione
457 1834 651 1873 provenerit.

79 1882 314 1920 —Antequam
333 1879 482 1910 ludorum
499 1879 652 1910 sollennia

79 1927 139 1956 rite
153 1926 304 1956 celebrari
318 1928 457 1966 possint,
473 1926 652 1966 expiatione

77 1978 112 2013 'et
132 1972 317 2002 lustratione
340 1983 419 2013 opus
444 1979 500 2003 est.
525 1974 652 2002 Lusera-

84 2028 154 2047 mur
179 2017 266 2054 Iovi,
293 2020 443 2049 invocato
470 2020 551 2049 Jove
562 2041 570 2056 ‚
601 2019 654 2049 cui

85 2074 206 2094 sacrum
222 2065 382 2104 piaculare
398 2065 542 2095 offertur.
560 2066 654 2105 Quae-

85 2111 165 2139 ritui·
175 2117 287 2148 tamen,
299 2121 357 2141 cur
370 2113 391 2142 J
393 2112 462 2149 ovi,
475 2121 543 2141 non
555 2111 655 2151 Apol-

84 2155 143 2188 lini
157 2178 165 2193 ,
182 2158 233 2186 cni
254 2156 324 2191 ludi
347 2158 409 2198 ipsi
428 2158 566 2188 instituti
589 2167 655 2188 esse

702 494 861 526 debuere?
880 496 975 525 Varia
991 502 1166 526 commenta
1187 495 1276 528 vides

703 543 737 572 in
750 543 917 573 Servianis.
936 542 995 572 Sed
1011 544 1150 582 primum
1166 543 1203 573 ad
1219 544 1276 574 ob—

702 588 894 622 servandum
918 589 952 617 in
975 595 1105 629 promtu
1131 595 1196 627 est,
1215 590 1277 620 sol-

702 634 796 664 lenne
820 634 915 663 fuisse
937 635 1048 674 priscis
1070 633 1276 673 hominibus,

702 687 739 710 ut
759 681 793 709 in
819 681 914 710 sacris
937 682 1119 720 cuicunque
1144 681 1279 712 deorum

703 726 792 755 factis
808 727 923 756 Jovem
945 727 978 756 in
993 733 1098 766 partes
1113 735 1276 759 vocarent.

702 774 803 802 Porro
817 773 1014 813 expiationes
1032 779 1062 802 et
1075 773 1278 804 lustrationes

701 819 831 858 proprie
859 818 898 848 ad
927 820 1041 849 Jovem
1069 819 1254 850 referuntur
1265 842 1274 857 ,

703 866 820 905 quippe
836 864 973 894 ultorem
988 872 1019 894 et
1040 865 1200 895 vindicem
1218 875 1278 896 cae-

702 909 750 940 dis
769 911 936 951 omnisque
953 911 1090 951 piaculi,
1110 911 1198 952 quod
1222 923 1277 942 ex-

702 956 856 995 piandum
870 964 925 987 est.
943 957 982 987 cf.
998 957 1152 997 Apollon.
1170 958 1276 990 Rhod.

703 1003 761 1038 IV,
779 1002 863 1041 699,
882 1013 947 1040 70⁰
963 1013 1009 1043 sq.
1030 1005 1070 1032 Et
1085 1003 1191 1034 Schol.
1210 1007 1277 1036 AEs·

703 1047 789 1088 chyli
805 1050 939 1079 Eumen.
960 1055 1025 1085 444
1048 1049 1160 1088 docet,
1181 1050 1221 1080 ab
1240 1061 1278 1081 eo

702 1094 771 1134 ipso
796 1095 942 1124 Ixionem
960 1095 1146 1132 lustratum,
1174 1097 1217 1126 ita
1242 1104 1278 1127 ut

702 1141 801 1180 possit
822 1151 882 1181 pro
902 1148 1032 1171 auctore
1051 1143 1131 1172 ritus
1155 1142 1278 1174 haberi.

703 1187 869 1216 Piaculum
891 1188 925 1216 in
949 1189 1106 1229 Harpyias
1130 1190 1278 1219 commis-

701 1242 771 1262 sum
788 1239 878 1273 potes
895 1244 970 1263 cum
990 1236 1100 1264 Servio
1119 1235 1278 1276 sigillatim

701 1277 766 1307 huc
796 1279 928 1310 trahere.
961 1280 1048 1310 Vons
1080 1280 1278 1311 incendztnus

702 1335 794 1361 aras,
814 1325 914 1355 forma
930 1327 1064 1357 Horatio
1074 1337 1204 1367 quoque
1218 1328 1279 1358 fre-

702 1378 850 1410 quentata
862 1383 873 1401 .·
887 1379 923 1402 ut
938 1374 972 1409 Ι,
992 1379 1022 1411 4,
1043 1384 1072 1411 7,
1090 1373 1148 1403 ubi
1165 1374 1279 1404 Vulca—

703 1427 763 1446 nus
789 1418 908 1448 ardens
937 1419 1000 1449 urit
1031 1418 1176 1462 ffcinas
1200 1421 1278 1451 Mit-

703 1463 816 1495 scherl.
829 1472 937 1495 noster
951 1466 1101 1506 praeclare
1118 1466 1254 1497 illustrat
1269 1477 1278 1497 :

703 1509 814 1548 docte,
836 1522 912 1552 pro,
933 1519 1008 1542 vota
1024 1514 1059 1542 in
1075 1514 1136 1542 aris
1149 1512 1201 1542 vel
1220 1514 1279 1543 im-

702 1558 841 1597 positum
866 1558 940 1589 thus
969 1566 1000 1589 et
1025 1560 1205 1596 victimam3
1230 1561 1280 1589 uti

703 1603 786 1633 dona
802 1603 840 1633 de
856 1605 1011 1642 victimis,
1026 1604 1064 1635 de
1078 1605 1232 1635 libatione
1248 1612 1281 1634 et

703 1649 834 1690 reliquis
848 1651 883 1680 in
893 1652 988 1680 sacris
1000 1650 1071 1681 fieri
1080 1651 1180 1681 solitis
1191 1662 1199 1687 ;
1215 1651 1279 1689 alii,

703 1695 806 1732 votis,
824 1703 975 1726 votorum
996 1696 1280 1737 persolvendorum

705 1751 822 1771 caussa.
834 1743 914 1772 Nam
929 1741 968 1777 εἰς
983 1740 1179 1785 εὐχαριστίαν
1193 1743 1280 1773 insti-

705 1788 766 1817 tuti
783 1787 868 1824 ludi,
885 1794 922 1817 ut
942 1788 1023 1819 bene
1044 1788 1145 1819 Cerda
1171 1788 1279 1819 obser-

704 1839 774 1869 vat,
790 1832 862 1863 ideo
880 1833 989 1864 subdit
1004 1844 1012 1866 ε
1027 1834 1124 1876 juvat
1144 1834 1279 1865 evasisse

705 1886 752 1909 tot
765 1878 853 1908 urbes
866 1886 924 1910 etc.

755 1936 772 1954 2
779 1925 794 1954 8
800 1935 831 1956 ο.
846 1927 976 1966 Proprie
984 1926 1055 1957 ludi
1063 1926 1190 1957 Actiaci
1201 1927 1280 1958 cele-

706 1971 791 2001 brari
805 1971 930 2002 dicendi
946 1979 1044 2004 erant.
1061 1973 1123 2004 Sed
1146 1975 1280 2014 exquisi-

706 2018 768 2047 tius
779 2040 787 2054 ‚
816 2019 965 2058 quoniam
994 2019 1083 2049 locus
1110 2018 1280 2050 hominum

707 2063 883 2104 frequentia
901 2064 1054 2095 celebrari
1066 2072 1097 2096 et
1114 2067 1181 2106 ipse
1200 2066 1279 2096 dici-

704 2116 771 2147 tur,
786 2109 858 2140 litus
868 2111 998 2140 Accium
1013 2111 1046 2142 h.
1060 2123 1087 2142 e.
1100 2113 1278 2149 Acfiacum,

707 2153 912 2196 memoravit,
925 2163 957 2189 et
968 2157 1059 2189 ludos
1073 2157 1193 2189 Iliacos
1203 2160 1279 2190 Tro·
