1433 2460
584 98 705 128 LIBER
731 97 772 127 11.

1216 106 1276 135 129

83 154 299 192 Roboribus
319 155 449 200 textis,
466 154 636 204 coeloque
654 153 834 198 educere,
851 153 961 203 jussit
979 180 989 198 ,

82 217 139 253 Ne
155 214 272 264 recipi
288 215 425 265 portis,
443 222 508 252 aut
524 213 611 251 duci
629 214 667 250 in
687 213 979 262 moeniapossit3

81 277 165 312 Neu
181 275 364 325 populum
382 275 536 325 antiqua
552 274 622 312 sub
636 274 833 324 relligione
852 274 963 311 tueri.

81 336 195 381 Nam,
212 335 243 371 si
262 344 386 372 vestra
401 349 534 372 manus
548 335 725 372 violasset
746 335 845 371 dona
866 335 1068 379 Minervae,

79 397 176 432 Tum
193 408 369 446 magnum
386 396 544 433 exitium
561 394 689 445 (quod
711 394 748 431 di
769 395 874 444 prius
892 407 1004 431 omen
1020 394 1060 430 in
1077 393 1202 444 ipsum
1230 410 1277 435 ¹90

80 455 349 506 Convertant!)
366 456 505 492 Priami
521 456 700 505 imperio,
722 454 1015 504 Phrygibusque
1036 454 1219 490 futurum.

81 516 148 553 Sin
164 516 337 554 manibus
352 517 486 554 vestris
509 526 673 553 vestram
689 515 943 552 adscendisset
960 515 998 550 in
1017 513 1154 552 urbem
1172 542 1182 560 ‚

81 576 192 613 Ultro
208 577 336 614 Asiam
355 589 491 626 magno
508 576 670 626 Pelopea
688 575 734 612 ad
755 575 892 611 moenia
909 574 1010 610 bello

81 638 308 682 Venturam,
325 644 361 673 et
377 645 525 673 nostros
541 649 585 672 ea
606 636 682 672 fata
697 647 850 671 manere
863 642 1035 683 nepotes.
1055 649 1070 665 υ

135 694 290 732 Talibus
308 695 452 732 insidiis
471 695 689 745 perjurique
707 703 787 731 arte
805 693 956 730 Sinonis
989 698 997 705 “

1234 703 1282 736 ¹9⁵

82 754 234 792 Credita
254 767 332 800 res,
347 755 523 804 captique
544 754 640 791 dolis
660 753 903 803 lacrimisque
921 753 1080 800 coactis,

84 818 188 860 Quos
207 827 330 864 neque
345 814 526 863 Tydides,
548 828 618 852 nec
637 815 842 852 Larissaeus
857 814 1046 862 Achilles,

82 876 168 911 Non
186 874 274 911 anni
289 874 470 911 domuere
486 873 636 921 decem,
652 888 730 912 non
749 874 850 911 mille
867 874 1018 911 carinae.

134 933 208 971 Hic
223 933 326 971 aliud
342 934 461 984 majus
479 935 626 971 miseris
645 935 841 984 multoque
862 932 1099 971 tremendum

83 1068 156 1098 bem
172 1067 298 1105 inferri,
323 1075 354 1097 et
369 1079 427 1108 pro
443 1069 540 1099 tutela
557 1070 654 1098 statui

84 1115 182 1155 possit
194 1137 201 1150 ,
219 1114 258 1143 ad
274 1121 392 1144 tantam
405 1114 655 1155 magnitudinem

84 1170 202 1200 equum
212 1159 281 1190 lieri
289 1159 341 1201 (ad
351 1167 413 1189 tam
420 1161 580 1202 ingentem
590 1171 656 1191 mo-

83 1206 146 1236 lem
157 1228 164 1242 ,
179 1207 323 1236 trabibus
336 1213 517 1236 contextam
528 1230 536 1243 ‚
558 1207 657 1237 extol-

84 1252 149 1287 lere
165 1259 196 1282 et
208 1259 326 1282 tantam
337 1275 345 1289 ,
361 1259 397 1281 ut
411 1252 448 1282 ad
458 1253 572 1282 coelum
586 1264 656 1294 per-

84 1299 205 1339 tingere
222 1297 387 1338 videatur)
400 1300 493 1336 jussit
512 1299 652 1330 Calchas.

84 1345 186 1374 Etiam
206 1344 241 1374 in
262 1344 479 1375 membrorum
496 1345 608 1375 ordine
625 1352 656 1375 et

85 1390 295 1421 collocatione
332 1398 457 1431 poetam
499 1393 653 1433 agnoscis.

85 1436 230 1477 Antiqua
240 1437 411 1477 relligione
420 1461 430 1473 ,
443 1438 476 1468 h.
487 1448 514 1468 e.
526 1449 561 1468 ea
572 1461 580 1475 ,
592 1448 655 1478 qua

85 1489 269 1524 surreptum
294 1483 470 1513 Palladium
488 1491 580 1514 antea
605 1495 656 1514 co-

87 1529 231 1566 luerant,
263 1539 303 1558 ne
324 1540 413 1559 nunc
435 1540 494 1570 pro
516 1530 655 1560 Palladio

86 1585 184 1616 equus
198 1575 387 1613 haberetur3
404 1586 469 1616 quo
491 1587 655 1606 sacrorum

87 1621 178 1651 cultu
191 1620 341 1651 demerita
355 1629 386 1652 et
402 1623 541 1662 propitia
556 1622 656 1652 reddi-

86 1673 116 1696 ta
129 1667 227 1697 Pallas
239 1667 369 1697 eandem
379 1689 387 1704 ,
410 1675 447 1697 ut
459 1675 531 1698 ante
541 1692 550 1706 ,
573 1675 656 1699 tute-

86 1712 149 1742 lam
164 1713 282 1743 colenti
294 1714 416 1754 populo
428 1721 600 1754 praestaret.

139 1759 213 1799 189.
242 1769 309 1799 sqq.
326 1759 442 1789 Melius
456 1760 523 1789 haec
534 1782 543 1796 ‚
559 1771 655 1800 quam

87 1805 173 1846 apud
197 1804 373 1846 Tryphiod.
402 1806 466 1834 288
491 1816 577 1846 seqq.
589 1828 598 1843 ‚
630 1807 656 1835 si

89 1851 231 1881 conferre
255 1851 357 1881 lubet.
380 1869 427 1874 ——
453 1858 656 1891 192—-194,

87 1898 143 1929 Sin
158 1908 175 1927 a
195 1897 287 1927 vobis
313 1899 348 1927 in
371 1898 484 1927 urbem
508 1897 660 1928 inductus

88 1950 167 1974 esset
188 1953 307 1984 equnS,
330 1945 503 1982 Trojanos,
527 1955 660 1974 conver-

74 1991 128 2020 -sis
145 1989 234 2027 fatis,
263 1991 367 2030 Argos
385 2000 450 2020 esse
472 1990 557 2020 bello
579 1991 660 2032 peti-

90 2043 178 2066 turos
191 2042 222 2066 et
236 2037 410 2066 excisuros.
426 2054 472 2059 -
492 2039 565 2077 193.
589 2038 661 2067 Ma-

87 2092 188 2123 gnam
200 2081 315 2112 Hamb.
325 2093 375 2123 pr.
389 2083 532 2124 Pelopea
550 2085 659 2114 He'ms.

90 2134 174 2158 reete
202 2138 276 2158 cum
310 2128 457 2160 Mediceo
485 2137 517 2160 et
555 2129 659 2160 Schol.

88 2175 197 2212 Statii3
227 2174 306 2205 adde
333 2175 432 2206 Goth.
464 2187 526 2206 sec.
554 2176 660 2217 Vulgo

87 2221 259 2262 Pelopeia,
292 2221 381 2262 quod
407 2229 438 2252 et
468 2223 575 2264 ipsum
608 2222 659 2253 be-

706 1079 746 1098 ne
759 1068 921 1104 scribitur,
930 1067 985 1098 sed
996 1078 1064 1097 non
1076 1066 1110 1098 h.
1126 1066 1147 1097 l.
1166 1067 1214 1097 ad
1226 1070 1285 1098 Pe-

709 1115 816 1155 lopeia
843 1125 903 1145 sec.
934 1114 1049 1144 Hamb.
1079 1114 1281 1154 interpolate.

761 1161 952 1201 195—198.
968 1161 1137 1202 Egregium
1153 1160 1284 1200 epipho-

709 1218 802 1236 nema
813 1230 821 1244 ‚
837 1207 995 1236 inclusum
1011 1206 1164 1236 sententia
1177 1206 1283 1246 aliqua

708 1254 916 1293 inprimisque
933 1253 971 1282 ad
984 1253 1216 1282 miserationem
1228 1262 1282 1292 ap-

708 1305 788 1330 tum.
803 1298 950 1328 Achilles
963 1299 1135 1329 Larissaeus
1146 1321 1155 1333 ‚
1176 1298 1281 1338 simpl.

708 1345 893 1383 Thessalu53
920 1346 994 1375 alias
1017 1355 1085 1375 non
1099 1345 1172 1374 san‘s
1187 1354 1283 1373 accu-

708 1398 794 1429 rate;
825 1402 899 1420 nam
925 1392 1044 1421 Larissa
1067 1397 1137 1420 tum
1162 1389 1283 1420 Achilli

708 1447 775 1467 nou
806 1437 952 1477 parebat,
979 1437 1035 1466 sed
1058 1436 1158 1466 Letho
1170 1459 1179 1473 ,
1203 1442 1235 1465 et
1263 1446 1282 1465 a

708 1483 844 1524 Pelasgis
859 1483 1072 1513 habitabat-ur.
1092 1493 1123 1513 v,
1138 1482 1228 1513 mad.
1243 1480 1280 1520 β,

711 1530 777 1564 840
800 1541 868 1570 sqq.
887 1530 981 1559 Mille
1002 1529 1123 1559 carinoe
1145 1539 1282 1558 numero

708 1576 816 1616 paullo
832 1576 964 1606 liberius
982 1585 1149 1616 expresso,
1175 1581 1213 1605 ut
1236 1585 1283 1605 so-

709 1622 777 1651 lent
791 1629 903 1662 poetae.
926 1633 958 1652 v,
976 1623 1112 1662 Popium
1129 1620 1167 1651 ad
1189 1621 1282 1651 Iliad.

709 1666 748 1706 β;
771 1669 898 1699 Barnes.
914 1668 955 1698 ad
970 1669 1079 1708 Eas-ip.
1103 1666 1260 1698 Androm.
1273 1689 1281 1703 ‚

714 1715 777 1743 106
790 1725 799 1751 3
829 1714 999 1745 Muneker.
1023 1714 1063 1743 ad
1088 1714 1208 1754 Hygin.
1238 1723 1279 1752 97

708 1759 784 1797 fab.;
794 1762 888 1789 en'am
899 1759 1032 1791 Cei-dam
1041 1760 1081 1790 ad
1096 1759 1128 1789 h.
1144 1759 1166 1789 l.
1183 1765 1214 1788 et
1224 1760 1285 1789 Ur-

709 1807 768 1835 sin.
795 1816 898 1846 nuper
928 1816 1056 1845 quoque
1081 1804 1283 1836 Wemsdorf.

711 1853 754 1882 V.
777 1852 813 1882 C.
829 1854 863 1882 P.
877 1853 924 1881 M.
942 1858 1017 1881 tom.
1033 1853 1095 1887 lv,
1116 1861 1188 1891 pag.
1204 1851 1283 1887 645.

711 1915 758 1921 ·—-
774 1898 849 1937 196.
876 1897 1002 1927 Coactis
1020 1898 1153 1927 Heinsio
1171 1907 1283 1938 aceep-

712 1951 781 1973 tum
797 1943 963 1974 ferendum
973 1966 982 1981 ,
1004 1945 1061 1984 qui
1072 1942 1210 1974 Medicei
1225 1954 1284 1983 op-

713 1991 929 2031 timorumque
952 1989 1045 2020 codd.
1068 1996 1099 2019 et
1121 1990 1284 2020 Gramma-

713 2037 851 2066 ticorum
861 2059 870 2073 ,
898 2038 999 2067 Servii
1015 2036 1160 2076 inprimis
1170 2058 1178 2074 ‚
1201 2035 1285 2066 forte

713 2090 745 2112 et
765 2084 883 2113 Donati
895 2084 1115 2113 auctoritatem
1132 2088 1218 2112 recte
1238 2092 1285 2112 se-

713 2136 834 2169 quutus
849 2135 904 2159 est.
914 2130 1022 2171 Vulgo
1035 2128 1156 2165 coacti,
1175 2130 1285 2168 sicque

715 2186 824 2206 omnes
841 2176 946 2206 Pierii.

766 2232 839 2263 199.
852 2222 1060 2253 Homericum
1071 2221 1182 2252 locum
1194 2220 1284 2252 Iliad.
