1433 2460
612 145 734 176 LIBER
759 147 784 175 Ι.

1236 143 1295 171 103

103 208 148 243 Et
167 217 252 250 vos,
270 216 292 240 o
306 232 315 250 ,
337 211 494 249 coetum,
513 203 637 252 Tyrii,
659 203 847 240 celebrate
866 203 1042 239 faventes.
1062 217 1076 233 »
1251 208 1298 240 735

151 264 276 310 Dixit,
294 273 330 301 et
348 264 386 300 in
403 276 570 301 mensam
591 263 745 300 laticum
762 255 895 300 libavit
915 262 1119 306 honorem,

100 325 318 374 Primaque,
336 324 473 371 libato,
489 337 637 362 summo
655 334 762 362 tenus
784 323 917 373 adtigit
933 335 1010 359 orc.

98 388 195 422 Tum
211 384 317 422 Bitiae
337 384 440 422 dedit
460 385 711 435 increpitan53
729 385 791 421 ille
814 384 974 434 impiger
994 383 1118 419 hausit

101 447 346 494 Spumantem
367 454 556 495 pateram,
574 454 611 483 et
630 445 742 495 pleno
759 458 797 483 se
812 444 956 495 proluit
976 453 1088 479 auro:

100 609 158 639 sit:
171 620 275 650 neque
300 610 390 639 aliter
412 611 577 640 Heiusiani
600 621 674 640 cum

100 656 246 686 Macrob.
276 658 322 686 111
352 659 414 687 Sat.
436 663 474 694 43
494 657 672 687 Comment.

102 703 223 742 Cruqu.
243 703 281 733 ad
296 705 407 733 Horat.
423 703 479 733 lib.
496 705 510 733 Ι
521 726 529 740 ,
540 703 592 733 od.
611 704 666 739 18;

99 755 266 789 utramque
274 749 444 778 lectionem
457 750 598 788 agnoscit
607 750 673 778 Ser-

99 795 179 824 vius.
190 793 391 824 —Bacclms
411 794 532 824 Iaecitioe
555 794 672 830 dator;

99 841 276 870 Germanus
291 840 398 870 laudat
412 842 503 882 Δῶρα
520 838 671 870 Διωνύσου

97 885 286 930 πσλυγηθέος
301 897 349 927 ap.
366 886 495 916 Hesiod.
511 888 572 927 Op.
585 893 615 916 et
630 888 671 917 D.

99 933 118 961 6
127 943 138 962 1
148 939 176 968 4.
191 935 283 962 Bona
291 936 376 963 Juno
386 956 394 968 ,
412 934 549 973 propitia
558 955 566 970 ,
577 943 671 975 χρησ-

97 977 135 1012 τὴ
146 1001 154 1016 ,
176 977 292 1023 ἀγαθή.
305 981 478 1009 Invocatur
491 986 597 1009 autem
607 979 670 1017 hic,

97 1031 132 1055 ut
166 1027 305 1066 patrium
340 1026 514 1066 Tyriorum
541 1036 671 1056 numen.

97 1070 138 1102 c'f.
151 1083 221 1112 sup.
237 1083 268 1102 v.
288 1072 328 1101 15
339 1089 384 1094 --
396 1082 411 1109 7
420 1072 473 1102 35.
491 1072 613 1101 Coetum
624 1083 673 1102 ce-

98 1118 217 1148 lebrate
231 1141 239 1155 ,
258 1118 338 1148 hene
360 1120 448 1149 Serv.
467 1119 669 1155 convivium3

89 1164 240 1204 sbventes
274 1165 425 1194 intersitis
460 1163 536 1194 huic
562 1158 670 1194 convi-

98 1211 162 1240 vio.

146 1257 222 1295 736.
247 1258 284 1285 ln
314 1267 427 1286 mensa
443 1256 530 1296 vulg.
557 1256 611 1286 sed
636 1256 669 1286 in

97 1313 242 1333 mensam
264 1303 421 1333 Macrobii
432 1325 440 1340 ‚
457 1304 670 1343 optimorum-

95 1360 158 1390 que
167 1349 325 1379 librorum
339 1356 370 1379 et
384 1349 606 1389 exemplorum
620 1360 670 1380 co-

95 1397 147 1437 pia
162 1395 301 1426 firmavit
315 1402 388 1436 post
403 1396 543 1427 Pierium
557 1396 668 1427 Heius.

95 1442 191 1474 Redit
206 1453 256 1473 res
271 1452 325 1480 eo,
342 1442 431 1482 quod
448 1442 573 1472 doctius
591 1441 669 1472 dici-

96 1495 148 1519 tur
175 1489 254 1526 hoc,
282 1499 376 1529 quam
401 1489 490 1520 illud.
513 1489 670 1520 Nonnulii

95 1537 189 1565 etiam
214 1535 299 1576 apud
324 1536 463 1565 Pierium
473 1558 482 1572 ,
512 1542 545 1565 et
570 1536 671 1565 nostri

95 1589 158 1612 tres
178 1582 338 1618 Gothani‚
356 1581 562 1618 immensum,
581 1582 670 1622 quod

95 1628 206 1658 eodem
231 1627 353 1658 alludit.
374 1628 467 1658 Adde
485 1628 542 1658 lib.
566 1630 667 1665 VIII,

97 1685 174 1713 279.
203 1673 420 1714 Reprehendit
445 1682 571 1715 poetam
599 1676 668 1704 Ma-

96 1720 184 1750 crob.
204 1720 225 1749 l.
245 1719 266 1749 l.
287 1721 350 1757 111,
368 1731 408 1759 9,
430 1721 518 1760 quod
533 1722 568 1750 in
582 1731 670 1751 men-

95 1777 160 1795 sam
174 1765 211 1795 fit
227 1765 337 1796 libatio
347 1788 355 1801 ‚
370 1776 442 1795 cum
460 1766 493 1796 in
509 1778 601 1796 aram
617 1765 670 1796 fie-

95 1814 123 1842 ri
155 1812 295 1842 deberet.
326 1812 449 1842 Scilicet
478 1812 516 1841 ad
547 1823 669 1842 morem

95 1861 275 1890 Romanum
299 1857 366 1888 haec
391 1859 504 1899 exigit,
532 1866 569 1888 ut
587 1859 644 1888 alia
659 1870 668 1895 ;

95 1915 162 1935 non
185 1904 436 1934 animadvertens
459 1911 584 1944 poetam
602 1905 669 1934 red-

95 1951 168 1981 dere
178 1952 275 1981 vitam
283 1951 444 1981 heroicam
458 1958 488 1980 et
502 1952 669 1981 Homerica

83 1998 295 2028 ¹adumbrare.
310 2015 356 2020 --
375 1998 567 2036 736—740·
586 1997 669 2027 Laci-

96 2055 182 2080 cnm,
200 2045 321 2081 laticis,
339 2043 508 2080 honorem,
527 2044 559 2074 h.
580 2054 607 2074 e.
624 2045 670 2074 vi-

95 2101 174 2120 num
189 2091 224 2121 in
239 2091 371 2121 deorum
385 2090 540 2121 honorem
555 2101 588 2120 ac
605 2091 669 2120 cul-

97 2143 164 2166 tum
188 2137 340 2168 libatione
364 2137 511 2168 effusum.
534 2137 664 2173 Libum,

95 2183 128 2213 h.
149 2194 176 2214 e.
189 2191 356 2224 postquam
370 2184 505 2214 libatum
519 2191 583 2215 erat
593 2207 602 2220 ,
618 2184 670 2213 vel

96 2229 197 2260 libato
210 2231 341 2260 laticum
355 2231 478 2261 honore
487 2254 495 2269 ,
511 2231 599 2261 alteri
611 2238 669 2260 tra-

99 2275 146 2306 dit
159 2276 209 2307 vel
224 2277 305 2307 tradi
317 2277 409 2316 jubet
423 2278 577 2320 poculum
589 2300 597 2316 ,
613 2288 669 2308 un—

727 610 766 640 de
781 610 886 651 primo
899 609 970 638 loco
984 613 1161 649 gustaverat
1179 609 1300 648 regina,

726 663 763 686 ut
779 662 809 685 et
825 656 877 685 ille
893 655 1044 684 libatione
1060 654 1139 683 facta
1158 654 1300 689 biberet;

726 701 814 741 quod
840 707 871 730 et
894 702 920 730 is
942 700 1033 730 laetus
1058 699 1236 740 lubensque
1258 700 1301 729 fa-

726 748 779 777 cit.
798 744 967 789 Προῦπινεν
983 745 1036 775 illa
1053 753 1084 775 et
1098 746 1202 783 dedit,
1224 756 1300 785 pro-

725 794 858 833 pinavit.
890 794 920 821 Is
951 792 1036 822 enim
1066 793 1140 821 vitae
1167 791 1302 821 heroica»

726 850 794 869 mos
807 862 814 876 ‚
833 846 870 869 ut
888 839 1021 880 singulis
1043 839 1186 868 convivis
1212 837 1300 867 dein-

726 896 799 926 ceps
811 885 964 926 poculum
986 885 1142 925 repletum
1162 884 1301 925 praebea-

726 938 790 970 tur,
822 931 908 962 unde
940 931 1070 968 libatur,
1097 938 1165 961 tum
1190 932 1301 960 vinum

726 978 875 1009 ebibitur.
892 978 1092 1019 Increpitcms
1103 1000 1111 1015 ,
1130 977 1234 1017 simpl.
1250 977 1302 1006 ad-

725 1025 871 1062 hortans,
891 1026 1046 1062 invitans,
1069 1031 1106 1054 ut
1119 1031 1150 1053 et
1171 1025 1238 1064 ipse
1253 1023 1301 1053 bi-

725 1071 832 1109 beret;
853 1071 934 1101 nihil
953 1071 1098 1111 amplius.
1113 1071 1163 1101 Sic
1184 1076 1216 1100 et
1234 1070 1301 1099 aliis

724 1118 759 1147 in
778 1118 854 1147 locis
884 1119 1004 1158 exponi
1036 1123 1150 1158 potest.
1183 1116 1301 1154 objur-

725 1164 820 1203 gandi
840 1164 892 1193 hic
908 1174 966 1193 nec
983 1163 1089 1200 locus,
1106 1173 1166 1192 nec
1186 1162 1301 1203 dignus

725 1210 775 1239 vel
794 1211 910 1251 reginae
933 1210 985 1239 vel
1011 1210 1092 1249 epici
1112 1215 1215 1249 poetae
1228 1219 1300 1248 per-

723 1266 801 1286 sona
819 1256 889 1285 talis
913 1266 1086 1287 sarcasmus
1101 1265 1108 1285 :
1125 1262 1161 1285 ut
1186 1265 1244 1283 nec
1263 1255 1301 1284 il-

723 1302 781 1331 lud
806 1313 846 1332 ex
872 1308 975 1342 poetae
999 1308 1104 1331 mente
1128 1300 1183 1337 fit,
1212 1300 1301 1341 quod

723 1348 858 1378 Didonis
868 1348 1091 1378 verecundiam
1101 1350 1136 1377 in
1146 1347 1298 1384 bibendo,

723 1396 813 1426 Bitiae
835 1394 1032 1432 aviditatem,
1052 1394 1238 1435 praedicant.
1255 1395 1299 1423 A·

722 1441 806 1471 liena
823 1441 891 1471 haec
911 1452 927 1471 a
948 1441 1019 1471 loco
1035 1447 1066 1470 et
1082 1441 1214 1470 consilio
1228 1451 1301 1481 poe-

723 1494 763 1517 tae
778 1490 896 1518 omnia.
917 1487 977 1519 Sed
994 1487 1165 1517 dicendum
1181 1509 1189 1524 ‚
1211 1487 1300 1527 quod

723 1542 825 1575 poetae
842 1534 1085 1564 memorandum
1100 1540 1182 1570 erat,
1205 1535 1240 1563 in
1262 1545 1299 1564 eo

723 1581 816 1611 illum
826 1580 1050 1611 verecundiam
1064 1591 1157 1610 sexus
1172 1580 1300 1610 feminei

723 1628 905 1657 observasse
915 1639 923 1665 ;
940 1628 1085 1668 inprimis
1095 1628 1300 1667 antiquorum

722 1680 903 1715 temporum
917 1685 1006 1703 more
1017 1696 1026 1711 ,
1038 1685 1111 1703 cum
1127 1680 1243 1703 matres
1257 1673 1299 1701 fa-

722 1722 823 1750 milias
839 1722 915 1751 vino
929 1731 995 1750 non
1007 1727 1184 1750 uterentur.
1201 1721 1299 1749 Rece-

724 1767 771 1796 dit
794 1778 924 1807 quoque
941 1777 957 1796 a
980 1773 1089 1796 nostro
1108 1775 1196 1795 more
1216 1764 1298 1801 hoc,

722 1813 810 1852 quod
834 1823 902 1842 non
930 1815 1036 1842 AEneae
1061 1812 1180 1852 hospiti
1203 1811 1299 1841 offert

722 1858 876 1898 poculum
890 1858 975 1887 Dido
987 1869 996 1895 3
1009 1868 1082 1887 nam
1096 1859 1131 1887 iu
1143 1857 1299 1888 honorem

723 1905 789 1942 ejus
820 1904 974 1934 adventus
1006 1904 1065 1934 diis
1098 1904 1226 1934 libatur.
1251 1921 1298 1926 —-

724 1952 854 1980 Summo
873 1961 926 1979 ore
949 1957 1058 1987 tenus,
1080 1951 1191 1991 primis
1205 1950 1297 1980 labiis

724 1997 910 2038 degustavit.
936 1996 1040 2026 Bitias
1061 1998 1216 2027 Punicum
1241 2007 1298 2026 no-

721 2054 815 2080 men,
847 2043 934 2083 quod
966 2050 997 2073 et
1036 2043 1112 2073 alibi
1144 2044 1294 2074 occurrit.

722 2091 824 2120 Pleno
841 2101 919 2119 auro
934 2101 967 2120 se
977 2089 1117 2130 proluit,
1142 2090 1295 2131 poculum

721 2138 789 2167 vini
802 2137 932 2177 plenum
951 2137 1111 2174 exhausit,
1130 2137 1219 2177 quod
1231 2143 1296 2166 tan-

722 2191 790 2213 tum
810 2184 906 2213 labris
930 2184 1072 2225 attigerat
1093 2183 1199 2221 Did03
1218 2193 1294 2223 pro-

722 2230 807 2260 luere
829 2241 880 2266 se,
909 2230 1031 2271 gulam,
1057 2230 1176 2260 dictum
1197 2235 1294 2270 puta,

722 2284 758 2307 ut
774 2276 854 2307 vino
866 2276 1034 2319 perficndi,
1058 2276 1205 2312 madere,
1233 2275 1293 2306 cin-
