1402 2460
581 86 702 116 LIBER
730 86 785 114 lv.

1221 98 1282 125 297

85 142 250 192 Imperio
268 141 342 179 laeti
362 151 512 192 parent,
530 155 573 179 ac
585 143 691 193 jussa
707 143 906 180 facessunt.
1238 156 1286 187 293

136 205 186 239 At
204 202 332 252 regina
351 201 458 240 dolos
470 231 481 249 ‚
499 204 584 253 quis
605 204 733 240 fallere
755 203 871 253 possit
892 206 1101 241 amantem!

83 263 297 309 Praescnsit‚
315 271 514 312 motusque
532 265 680 314 excepit
696 264 820 314 prima
837 265 983 301 futuros
994 292 1003 308 ,

83 323 220 360 Omnia
242 331 323 360 tuta
340 323 485 361 timens.
506 325 647 361 Eadem
666 325 781 374 impia
799 327 913 361 Fama
932 325 1072 362 furenti

80 383 224 420 Detulit
243 383 380 420 armari
399 384 573 432 classem,
591 398 820 435 cursumque
838 386 978 435 parari.

81 443 196 480 Saevit
215 444 324 494 inops
341 445 474 491 animi,
493 453 687 495 totamque
705 446 857 483 incensa
875 460 943 496 per
963 445 1098 483 urbem
1235 455 1281 479 300

78 502 306 550 Bacchatur3
329 505 448 554 qualis
467 506 665 543 commotis
685 507 807 543 excita
828 507 944 543 sacris

77 560 236 611 Thyias,
253 562 320 599 ubi
338 564 469 600 audito
489 565 681 602 stimulant
703 566 893 603 trieterica
910 565 1058 602 Baccho

79 620 212 670 Orgia,
234 631 516 672 nocturnusque
534 622 646 662 vocat
667 625 831 662 clamore
852 625 1056 664 Cithaeron.

78 680 246 718 Tandem
260 682 318 720 his
332 684 476 720 AEnean
492 686 692 735 compellat
711 686 868 724 vocibus
884 687 983 723 ultro
1001 701 1008 722 :

125 866 201 905 296.
217 867 302 897 Dolo
316 867 397 896 Ven.
409 876 426 895 a
436 877 477 896 m.
492 877 553 897 sec.
566 889 573 903 ‚
590 868 647 897 sci-

75 910 149 941 licet
166 918 204 942 ut
226 913 378 952 jungatur
408 912 482 942 dolo
500 911 623 953 fallere
632 925 646 950 ;

75 957 132 997 qui
144 958 275 990 Mentel.
305 965 375 989 tert.
387 982 396 997 ‚
410 966 447 988 nt
463 960 503 989 sit
518 970 647 1000 quomo-

73 1002 135 1039 do;
150 1014 262 1035 verum
286 1007 331 1036 sic
350 1007 504 1036 sententia
522 1006 646 1046 jugula-

74 1055 136 1079 tur.
152 1052 261 1082 Posset
278 1052 399 1092 aliquot
412 1054 584 1083 Burmann.
599 1070 646 1076 -—-

75 1098 141 1136 296
173 1107 241 1138 sqq.
270 1099 399 1138 Egregie
429 1101 536 1128 omnia
577 1099 645 1128 haec

73 1142 112 1171 ad
147 1144 278 1173 affectus
310 1145 424 1173 amoris
460 1146 642 1182 veritatem,

71 1190 237 1230 multoque
254 1190 350 1230 magis
372 1191 406 1219 in
424 1189 558 1220 Didonis
577 1202 595 1220 a
611 1202 642 1221 v.

73 1237 138 1266 305
166 1246 234 1276 sqq.
263 1236 416 1266 oratione.
441 1236 583 1266 Obviam
598 1243 645 1266 est

70 1280 245 1311 attendenti
277 1282 420 1310 animum
446 1282 480 1312 in
509 1283 624 1313 talibus
633 1305 642 1320 ‚

69 1328 269 1369 singulorum
300 1327 460 1357 dictorum
493 1329 557 1358 vim
567 1351 576 1366 5
607 1339 643 1358 ac

68 1374 242 1404 verborum
252 1373 406 1403 dilectum
416 1397 424 1411 ‚
435 1376 598 1415 percipere
612 1381 643 1405 et

69 1421 228 1450 aestuantis
241 1421 337 1450 animi
356 1421 443 1461 signa
462 1431 641 1462 agnoscere.

117 1468 311 1507 297—301.
328 1466 469 1506 Excepit
493 1469 641 1505 auribus,

69 1524 178 1551 sensn3
213 1513 446 1543 animadvertit.
489 1514 637 1550 Furenti,

66 1571 126 1601 pro
145 1562 185 1591 ei.
200 1559 304 1601 Impia
319 1561 439 1597 Fama,
455 1561 487 1590 h.
502 1561 524 1590 l.
541 1571 640 1597 saeva,

68 1606 147 1638 dira.
176 1606 361 1637 Bacchatur
380 1618 503 1637 summa
518 1619 591 1638 cum
608 1609 641 1638 vi

66 1652 187 1683 dictum
204 1664 263 1694 pro
279 1653 467 1684 discursitat.

114 1700 156 1729 30
164 1700 295 1729 1-—303
302 1723 308 1728 .
325 1700 400 1728 Haec
409 1706 483 1728 sunt
492 1701 641 1730 vetustio-

65 1756 100 1775 ra
116 1745 170 1775 issa
182 1745 298 1775 Bacchi
311 1745 397 1785 orgia
413 1755 448 1774 ac
462 1755 547 1775 sacra
561 1757 639 1787 τριε-

64 1788 176 1835 τηρικᾶι
187 1813 195 1828 ,
225 1793 317 1822 tertio
347 1801 476 1833 quoque
507 1802 590 1822 anno
621 1805 638 1824 a

65 1839 224 1870 Thebanis
239 1838 395 1868 celebrata
407 1862 415 1875 ‚
432 1849 448 1868 a
459 1837 638 1869 Thracibus

62 1886 98 1915 in
131 1886 285 1914 Graeciam
311 1885 396 1914 illata
406 1908 415 1920 ,
451 1883 572 1913 diversa
599 1885 637 1914 ab

63 1931 306 1961 Atheniensium
330 1931 511 1971 Dionysii5‚
536 1937 567 1959 et
588 1932 636 1960 in-

64 1984 112 2007 ter
126 1988 212 2007 sacra
232 1977 362 2007 rudium
387 1977 556 2007 hominum
583 1988 637 2007 en-

64 2023 242 2054 thusiastica
261 2024 364 2064 primo
380 2023 453 2053 loco
470 2033 636 2053 numeran-

65 2068 113 2099 da.
129 2072 227 2101 Extra
239 2070 352 2100 urbem
361 2071 396 2099 in
407 2076 516 2100 monte
526 2069 637 2099 Cithae-

63 2126 142 2146 rone
156 2117 323 2146 nocturnis
346 2115 542 2146 discursibus
566 2116 638 2146 reli-

64 2163 116 2203 gio
128 2161 196 2192 haec
210 2172 320 2192 arcana
333 2173 351 2192 a
361 2162 547 2193 muneribus
559 2173 638 2202 qno-

64 2218 126 2249 que
136 2207 402 2250 frequentabatur.
415 2210 499 2240 Hine
514 2209 636 2251 singula

701 868 736 898 in
750 868 800 898 his
810 868 953 899 versibus
964 868 1151 899 illustranda
1168 879 1176 900 :
1191 881 1276 901 com-

703 926 826 945 movere
841 926 935 945 sacra
957 915 1052 956 (alias
1077 926 1219 951 movere,
1240 925 1277 947 ut

700 961 808 992 Valer.
821 962 867 992 Fl.
886 964 945 998 ΙΙΙ,
961 963 1025 991 232
1041 961 1133 991 motis
1149 962 1277 992 ululan-

700 1007 746 1037 tia
761 1008 930 1046 Dindyma
955 1008 1053 1037 sacris
1063 1020 1075 1042 ,·
1089 1014 1120 1037 et
1133 1008 1171 1038 al.
1181 1007 1193 1048 J
1204 1019 1274 1039 voc.

698 1054 867 1093 proprium
884 1054 918 1083 in
933 1054 1027 1083 sacris
1045 1054 1084 1083 de
1103 1055 1196 1084 initio
1215 1065 1274 1084 cae-

699 1100 844 1129 rimom'ae
862 1100 956 1130 facto.
974 1101 1058 1129 Bene
1076 1102 1275 1130 SerV.‹<Ver-

698 1144 742 1175 bo
761 1146 893 1185 antiquo
920 1156 1014 1175 usum
1046 1145 1185 1177 tradunt.
1201 1148 1272 1176 ,110-

697 1191 763 1220 νει-ι’
803 1193 889 1221 enim
930 1202 1023 1221 sacra
1063 1191 1252 1223 dicebantur
1263 1216 1272 1231 ‚

697 1247 798 1276 quum
812 1237 1010 1267 sollennibus
1025 1237 1137 1268 diebus
1156 1240 1275 1279 aperie-

696 1283 815 1313 bantur
828 1284 943 1324 templa
967 1283 1167 1314 instaurandi
1180 1287 1273 1314 sacri-

696 1328 762 1359 ficii
783 1339 931 1359 caussa.»
955 1330 1081 1360 Scilicet
1105 1331 1273 1371 proferun-

697 1382 750 1405 tur
782 1377 886 1413 cistae‚
926 1386 1016 1412 vasa,
1058 1376 1272 1406 instituuntur

697 1421 798 1457 thiasi,
812 1422 913 1459 chori3
923 1422 1066 1462 adeoque
1079 1422 1164 1463 apud
1174 1423 1271 1453 eund.

696 1468 802 1498 Valer.
814 1468 859 1498 Fl.
875 1470 924 1498 ΠΙ
935 1492 944 1506 ,
961 1469 1026 1508 539
1044 1468 1163 1498 thiasos
1177 1476 1208 1498 et
1221 1480 1272 1498 sa-

696 1525 751 1543 cra
762 1522 950 1545 moventem.
960 1533 1007 1538 -—-
1017 1516 1079 1545 302
1087 1539 1094 1546 .
1109 1515 1227 1553 Thyias
1243 1526 1271 1545 c.

695 1560 834 1591 Brunck.
851 1562 958 1602 recepi
974 1561 1184 1601 adstipulante
1203 1564 1271 1592 Me·

695 1607 756 1637 djc.
774 1608 868 1643 Pier.,
892 1606 1001 1648 fragm.
1013 1609 1117 1638 Vatic.
1134 1617 1150 1636 a
1163 1618 1206 1638 m.
1219 1620 1269 1649 pr.

695 1653 781 1684 Gud.
811 1660 842 1682 et
866 1653 998 1683 Mentel.
1026 1665 1094 1694 pr.‚
1113 1661 1144 1683 et
1166 1655 1211 1683 sic
1229 1666 1269 1684 ex

694 1699 786 1728 Velio
818 1699 1022 1739 grammatico
1045 1710 1197 1740 reponere
1214 1711 1269 1730 vo-

692 1744 778 1774 lebat
808 1746 946 1780 Pierius,
974 1752 1056 1774 recte
1081 1752 1160 1785 puto
1174 1757 1183 1783 ;
1211 1748 1269 1776 etsi

691 1791 780 1829 prior
802 1791 836 1818 in
860 1789 920 1820 θύω
947 1796 1058 1820 natura
1075 1791 1171 1831 longa
1195 1800 1266 1823 est:

692 1836 777 1865 conf.
802 1837 913 1866 Burm.
938 1835 971 1865 h.
996 1836 1018 1866 l.
1043 1838 1200 1876 etgssentl.
1229 1839 1267 1868 ad

692 1883 802 1912 Horat.
828 1882 859 1910 ΙΙ
876 1883 938 1913 Od.
958 1892 996 1922 19
1009 1906 1017 1920 ‚
1032 1894 1065 1924 9.
1094 1885 1149 1913 Est
1171 1883 1266 1920 Θυιὰς

692 1936 728 1958 ut
754 1926 880 1959 Θυιάσιν
904 1926 1074 1974 ωμοὲόρῡις
1096 1927 1198 1962 ἴκελαι
1220 1935 1265 1962 Α-

691 1975 813 2015 pollon.
830 1975 891 2006 Rh.
921 1978 950 2013 I,
971 1977 1048 2008 636.
1075 1975 1181 2016 Thyas
1196 1979 1266 2008 vul-

690 2033 730 2062 go
742 2045 750 2059 ,
764 2028 800 2051 ut
812 2021 1018 2063 plerumque3
1034 2024 1079 2053 sic
1093 2031 1124 2053 ct
1139 2025 1264 2066 Harpia

690 2071 769 2100 male
782 2079 841 2109 pro
857 2069 1193 2109 Harpyia-Baccho
1208 2083 1264 2101 au-

690 2117 774 2151 dito,
801 2114 878 2146 dum
905 2115 1082 2147 clamatur:
1106 2119 1163 2153 10,
1188 2119 1265 2148 Bac-

691 2164 748 2193 che
761 2165 766 2193 !
787 2162 885 2204 Orgia
900 2162 1069 2198 stimulant
1082 2164 1237 2195 Baccham
1250 2189 1259 2201 ‚

689 2208 872 2240 incenditur
892 2210 959 2248 ejus
977 2211 1100 2241 animus
1119 2212 1203 2242 inter
1218 2222 1263 2241 sa-
