1433 2460
125 128 164 155 88
628 126 821 156 AEN'EIDOS

125 185 265 221 ilimwa
290 182 381 232 petit
401 181 551 227 dextra,
572 181 741 232 laevaque
759 186 971 228 Sei-esuum

124 249 206 282 Post
220 274 228 289 ‚
246 245 353 287 alios,
373 243 584 293 sortemque
603 248 731 293 Gyan,
751 245 963 293 sortemque
981 243 1219 280 Cloanthum.

176 303 385 353 Obstupuit
401 303 524 354 primo
547 304 726 354 adspectu
745 305 901 342 Sidonia
918 305 1038 350 l)id‹›;

123 370 217 403 Casu
236 364 372 402 deiude
390 365 462 402 viri
480 374 602 412 tantm
620 376 656 403 ct
677 366 729 403 sic
753 379 819 403 ore
840 367 965 402 locuta
984 375 1038 402 est
1058 380 1065 400 :

175 446 189 457 «ι
210 424 306 470 Quis
328 433 384 470 tc,
405 434 492 461 nate
508 425 596 471 dea,
615 438 684 475 per
701 434 802 462 tanta
823 426 988 475 pericula
1009 439 1116 462 casus

1280 433 1329 456 615

123 486 364 536 Insequitur?
385 499 469 536 quae
487 486 543 523 vis
560 486 788 523 immanibus
806 487 969 536 adplicat.
988 488 1092 524 oris?

122 550 229 584 Tunc
250 547 308 583 illc
325 548 481 592 JEucas,
503 560 616 596 quem
640 547 834 584 Dardanio
855 547 1030 583 Anchisae

123 609 232 645 Alma
249 610 377 643 Venus
393 607 548 657 Phrygii
566 608 696 657 genuit
713 608 916 644 Simoentis
935 606 981 643 ad
1001 606 1164 643 undam?

123 672 248 718 Atque
263 667 441 717 equidem
459 670 651 704 Teucrum
667 668 821 704 memini
839 667 981 705 Sidona
1002 667 1151 712 venire,

120 729 280 767 Finibus
296 730 496 778 expulsum
519 729 671 778 patriis,
692 742 792 765 nova
813 742 927 778 regna
947 737 1138 778 petentem

1282 734 1332 758 62⁰

123 791 278 827 Auxilio
296 790 374 827 Beli
393 804 401 825 z
420 789 569 840 genitor
587 798 665 827 tum
683 790 794 826 Belus
811 789 977 839 opimam

121 849 304 887 Vas-tabat
323 853 512 900 Cyprum,
534 859 571 886 et
595 851 716 887 victor
737 849 880 886 ditione
902 848 1078 885 tenebat:

125 913 314 960 Tempore
326 912 404 960 jam
421 924 467 947 cx
486 910 549 946 illo
569 923 676 947 casus
694 909 786 946 milii
804 909 978 959 cognitus
1001 907 1106 945 urbis

124 1103 174 1125 ius
204 1102 235 1125 et
269 1102 375 1136 gratus
407 1094 639 1124 benevolentiae
670 1100 701 1123 ct

124 1143 270 1172 amicitiae
293 1141 426 1171 affectus
442 1142 477 1171 in
491 1141 542 1171 his
558 1140 702 1171 versibus

125 1189 193 1219 obs.

171 1249 249 1277 613.
273 1248 427 1287 Respexit
444 1247 477 1278 li.
499 1247 521 1277 l.
540 1247 634 1286 Silius
650 1248 700 1285 11,

125 1301 190 1330 412
215 1304 283 1334 sqq.
315 1294 412 1323 Casus
431 1301 477 1324 est
497 1294 646 1332 fortuna,
666 1301 703 1324 ut

121 1342 227 1370 statim
243 1351 274 1369 v.
295 1340 373 1370 615.
389 1357 436 1364 —-
451 1341 530 1371 616.
550 1340 703 1370 Immani-

123 1387 179 1416 bus
204 1386 266 1416 oris
288 1386 417 1427 Libyae,
439 1387 530 1425 cujus
551 1387 702 1416 immanes

123 1440 154 1463 et
165 1433 222 1462 feri
237 1433 363 1470 incolae,
375 1433 441 1463 sive
455 1435 549 1463 etiam
563 1433 702 1463 horridae

121 1487 153 1510 et
163 1489 280 1520 asperae
295 1480 488 1519 incultoeque
499 1486 600 1509 terrae.
612 1482 702 1510 Pom-

120 1537 198 1567 pon.
216 1525 287 1556 Sab.
302 1525 341 1556 de
357 1526 615 1566 intempestuosis
627 1527 700 1556 lito-

121 1573 212 1603 ribus
231 1573 354 1613 accipit.
374 1572 547 1613 Applicat,
569 1574 610 1601 ita
625 1573 700 1610 fert,

122 1627 159 1649 ut
168 1630 281 1649 navem
291 1619 482 1659 applicueris
491 1630 499 1656 3
511 1626 547 1648 ut
559 1620 576 1648 3
584 1629 598 1656 7
607 1630 636 1657 7,
649 1630 703 1659 ap-

118 1665 215 1706 pulit.
226 1683 271 1688 —-
285 1667 364 1706 Qua·
379 1665 432 1695 vis
446 1665 637 1695 immanibus
647 1677 705 1706 ap-

117 1713 225 1753 plicat
245 1713 332 1742 ausis
353 1712 500 1743 emendat
520 1712 702 1743 Markland.

124 1760 165 1789 ad
189 1761 265 1790 Stat.
291 1760 367 1790 Silv.
395 1761 462 1796 ΙΙΙ,
488 1761 505 1789 3
517 1782 524 1796 ‚
559 1770 595 1797 17
609 1770 617 1796 ;
640 1759 703 1789 hoc

125 1816 240 1837 sensu:
263 1817 335 1847 qna·
359 1806 412 1836 vis
433 1806 540 1846 major
556 1806 707 1836 admovet

125 1860 156 1882 te
174 1861 241 1882 cam
255 1853 449 1882 immanibus
463 1852 565 1889 ansis,
581 1859 648 1882 tam
659 1852 705 1883 in-

122 1900 271 1940 gentibus
291 1899 426 1940 coeptis?
450 1901 614 1941 ingeniose
636 1901 704 1940 qui-

125 1946 197 1976 dem
214 1946 397 1977 Markland.
409 1953 446 1976 ut
455 1957 589 1987 semper.
599 1948 704 1976 Enim-

125 2003 201 2022 vero
212 1994 299 2033 quod
315 1993 354 2023 ad
367 1993 443 2022 litus
457 1993 616 2034 Libycum
627 2000 704 2023 tem·

125 2046 243 2078 pestate
267 2047 332 2069 erat
350 2040 491 2078 delatus,
507 2041 593 2070 casui
609 2039 704 2070 debc-

127 2084 240 2122 batur3
267 2086 348 2115 nihil
374 2088 480 2127 magni
509 2093 641 2116 conatus
674 2093 706 2116 et

126 2132 193 2160 ausi
203 2132 235 2161 in
253 2132 325 2163 hoc.
342 2133 469 2173 Frigide
482 2141 514 2164 et
527 2139 636 2163 contra
653 2132 705 2163 de-

127 2188 240 2208 corum
271 2179 431 2209 Didonem
456 2192 512 2210 sua
533 2190 628 2221 regna
648 2179 705 2208 im-

127 2235 239 2254 manes
253 2237 327 2254 oras
340 2237 453 2255 vocare
467 2229 519 2258 ait.
538 2229 582 2257 At
595 2226 704 2267 Libyae

126 2273 245 2301 vicinas
261 2279 368 2313 gentes
381 2273 538 2315 intelligit.

800 1094 819 1122 6
828 1105 839 1123 1
849 1105 864 1132 7
876 1116 885 1130 ‚
915 1093 935 1122 6
945 1104 955 1121 1
965 1093 994 1123 8.
1017 1092 1203 1123 Secundum
1226 1102 1335 1122 versus

755 1140 846 1170 Iliad.
862 1138 899 1178 β,
913 1140 977 1168 820
991 1163 998 1175 ‚
1014 1140 1056 1168 82
1066 1150 1076 1168 1
1086 1163 1092 1169 .
1104 1140 1155 1169 Sic
1172 1138 1334 1179 Nympha-

756 1197 828 1216 rum
835 1194 944 1228 partus
953 1186 991 1215 ad
999 1185 1170 1215 fluminum
1180 1186 1262 1225 ripas
1271 1185 1333 1215 col-

756 1233 864 1263 locant
884 1233 1071 1274 plerumque
1087 1239 1198 1273 poetae.
1221 1233 1333 1262 Exem-

755 1279 809 1321 pla
822 1281 875 1310 dat
886 1281 1074 1309 Germanus.

803 1339 1016 1380 619—626.
1040 1340 1182 1375 Teucer,
1205 1348 1221 1367 a
1238 1338 1334 1376 Troja

755 1387 861 1416 redux
872 1409 880 1424 ‚
897 1397 912 1415 a
923 1393 1011 1427 patre
1025 1385 1198 1415 Telamone
1207 1394 1275 1414 non
1285 1383 1336 1414 ad-

756 1434 868 1463 missus
886 1431 951 1473 (cf.
976 1434 1087 1461 Horat.
1116 1432 1151 1468 Ι,
1179 1442 1216 1469 7,
1248 1429 1335 1472 21),

757 1490 832 1509 cum
843 1479 989 1519 Cyprum
997 1478 1138 1517 petiisset
1148 1500 1156 1514 ‚
1171 1477 1335 1507 accessisse

756 1525 796 1555 ad
824 1525 957 1561 Belum,
983 1523 1112 1554 Sidonis
1138 1534 1173 1553 ac
1192 1523 1272 1564 Tyri
1290 1534 1337 1553 re-

757 1583 827 1613 gem
841 1593 848 1608 ‚
864 1569 1028 1611 putandus
1051 1576 1114 1607 est,
1131 1577 1166 1599 ut
1177 1592 1184 1606 ,
1206 1580 1280 1599 cum
1297 1570 1337 1599 ab

758 1629 795 1648 eo
814 1619 915 1658 copiae
943 1617 977 1645 iu
994 1616 1104 1657 Cypro
1122 1616 1316 1646 haberentur
1328 1640 1336 1653 ‚

757 1675 866 1695 earum
894 1663 1013 1693 auxilio
1041 1662 1192 1692 adversus
1215 1663 1338 1693 incolas

758 1712 870 1741 insulae
896 1711 962 1750 ipse
992 1716 1153 1745 uteretur,
1186 1719 1268 1749 quos
1303 1711 1338 1739 in
1358 1728 1361 1732 »

758 1769 841 1788 nova
852 1758 911 1787 sibi
923 1756 1008 1792 sede,
1020 1756 1184 1791 Salamine,
1198 1755 1337 1796 paranda

758 1805 877 1835 alienos
899 1810 931 1833 et
948 1803 1081 1833 infestos
1101 1802 1335 1843 experiebatur.

760 1851 912 1891 Opimam
946 1850 1083 1890 Cyprum
1115 1849 1215 1886 dixit,
1240 1859 1337 1889 quam

758 1899 792 1928 in
805 1909 909 1939 prosa,
924 1896 1130 1938 opulentam,·
1141 1902 1172 1925 et
1185 1895 1338 1937 [andefe-

757 1945 850 1975 rebat
879 1954 939 1985 pro
966 1943 1080 1973 efferre
1107 1941 1268 1972 laudibus.
1290 1959 1337 1966 —

759 1992 838 2022 622,
863 1991 995 2020 Ditione
1015 1988 1185 2029 premebat
1206 1990 1335 2031 Menag.

757 2049 806 2079 pr.
824 2037 903 2067 male
924 2037 1030 2077 inquit
1047 2037 1156 2065 Burm.
1176 2044 1183 2064 τ
1201 2045 1241 2065 an
1262 2037 1336 2076 quia

759 2085 820 2114 hoc
848 2083 888 2113 de
916 2093 1028 2123 aspero
1054 2089 1179 2111 tantum
1201 2083 1337 2122 imperio

757 2130 889 2171 putabat
899 2129 983 2159 dici?
999 2131 1078 2160 Sane
1092 2128 1215 2158 ditione
1229 2136 1338 2159 tenere

758 2185 789 2207 et
803 2177 897 2214 alibi,
913 2187 984 2217 sup.
1002 2176 1184 2213 2363V11‚
1202 2175 1265 2214 737
1283 2186 1337 2205 va-

758 2225 876 2261 riatur;
908 2230 940 2252 at
963 2224 1014 2258 X,
1031 2223 1072 2252 53
1091 2232 1240 2262 premere
1259 2232 1337 2252 con-

758 2278 893 2309 stanter3
923 2270 1112 2310 exquisitius
1142 2268 1210 2299 scil.
1237 2279 1335 2310 quam
