1402 2460
571 71 694 102 LIBER
718 72 776 100 111.

1211 74 1274 103 225

78 132 223 168 Sacrati
240 130 391 181 capitis,
411 141 546 179 meque
566 129 614 166 ad
634 138 699 166 tua
714 129 863 176 limina,
884 129 1043 177 Phoebe,

76 194 162 241 Ipse
181 203 295 228 manu
314 190 434 227 multo
451 201 675 240 suspensum
690 189 845 227 numine
865 190 989 237 ducit,

77 254 202 301 Atque
222 252 302 289 haec
318 250 457 288 deiude
475 251 576 288 canit
591 251 722 287 divino
741 264 788 287 ex
805 252 872 288 ore
891 252 1065 290 sacerdos
1083 267 1092 289 ε

129 330 145 345 «
165 314 262 349 Nate
278 312 366 358 dea,
382 324 469 348 nam
486 320 521 348 te
541 311 748 362 majoribus
769 312 825 349 ire
841 325 910 361 per
926 313 1043 351 altum

76 372 266 422 Auspiciis
284 372 482 410 manifesta
497 371 589 409 fides
607 386 615 408 :
632 372 686 409 sic
706 372 782 409 sata
802 372 915 409 deum
938 386 1005 410 rex
1230 381 1278 413 37⁵

77 433 262 479 Sortitur,
282 433 476 482 volvitque
493 432 594 469 vices
612 447 621 479 ;
642 433 672 469 is
690 433 852 470 vertitur
868 433 983 480 ordo,

77 495 199 529 Pauca
217 491 286 529 tibi
302 506 323 529 e
341 493 487 539 multis,
504 505 581 542 quo
600 492 717 530 tutior
734 492 885 543 hospita
907 493 1042 530 lustres

72 627 137 665 jam
159 625 345 655 vaticinium
362 624 480 654 edituri
500 624 591 655 victis
611 626 649 656 li-

73 680 174 713 gant,
195 671 379 711 implicant,
399 672 515 712 caput?
531 674 648 709 Recte;

75 719 197 749 ¹scilicet
212 725 297 748 vates
312 728 378 748 uon
396 725 550 758 perpetuo
565 719 651 749 vittae

77 772 193 796 ornatu
208 775 280 795 usos
293 775 358 794 esse
373 764 568 795 credendum
585 773 648 803 est,

76 822 135 841 nec
148 822 197 842 eas
211 812 367 848 sumsisse,
377 811 439 840 nisi
452 822 517 840 rem
530 823 650 842 sacram

76 859 230 895 facturos;
246 858 352 897 itaque
369 858 503 888 instante
523 859 587 897 jam
602 858 651 888 fu-

75 915 147 935 rore
165 904 276 934 divino
298 903 395 934 modo
416 905 509 934 vittas
527 915 650 935 sumere

75 952 174 981 modo
190 951 312 980 solvere
330 957 509 982 narrantur.
526 952 583 981 Ad
596 959 651 981 tua

74 997 202 1033 limina,
225 996 351 1027 Phoebe.
366 999 440 1027 Erat
455 998 553 1037 igitur
576 1006 651 1028 tem-

75 1044 165 1084 plum
183 1039 344 1084 Apollinis
357 1045 390 1073 in
405 1054 488 1074 nova
504 1045 599 1083 Troja
612 1044 650 1074 ad

76 1090 256 1130 exemplum
283 1091 444 1129 Pergamei
470 1090 545 1121 fani.
576 1092 649 1120 Sus-

72 1147 208 1175 pensum
221 1136 254 1166 h.
268 1136 290 1165 l.
305 1136 401 1166 modo
414 1137 520 1165 minus
529 1137 650 1177 vulgari

75 1192 135 1222 pro
168 1181 391 1221 perturbatum
405 1203 413 1217 ,
446 1192 649 1221 percussum,

76 1227 197 1257 dictum
208 1234 305 1267 puto3
321 1226 463 1266 adeoque
477 1228 576 1258 multo
590 1239 653 1257 sus-

71 1284 208 1314 pensum
222 1272 352 1303 numine
361 1295 369 1308 ,
395 1273 560 1303 turbatum
574 1274 650 1304 hor-

76 1331 148 1350 rore
169 1330 209 1349 ex
224 1321 390 1360 praesentia
405 1318 466 1349 dei.
491 1321 576 1351 conf.
593 1321 650 1351 inf.

77 1368 142 1404 VI,
166 1367 225 1403 45,
246 1366 299 1402 54.
322 1367 469 1402 Numen,
488 1367 649 1405 majestas,

77 1414 124 1443 vis
137 1412 300 1442 manifesta
312 1412 381 1450 dei,
399 1423 470 1452 quae
483 1413 651 1444 horrorem

76 1470 112 1490 ac
127 1460 335 1490 reverentiam
349 1459 434 1490 facit.
448 1460 498 1490 Sic
517 1461 650 1490 multum

77 1507 202 1542 inesse,
236 1505 370 1543 adesse,
402 1517 540 1543 numen,
577 1507 653 1538 alibi

78 1552 215 1590 dicitur3
232 1552 400 1582 videbatur
425 1554 510 1582 enim
532 1564 654 1584 numen

76 1599 208 1639 implere
237 1598 362 1637 locum,
384 1600 420 1629 in
445 1610 512 1639 quo
538 1599 655 1630 horror

77 1646 223 1676 sentitur.
238 1645 316 1675 Satis
325 1645 454 1685 quidem
468 1646 653 1686 expeditum

79 1699 110 1721 et
127 1690 226 1729 illud,
244 1697 281 1720 nt
300 1691 433 1722 multum
453 1702 571 1722 numen
590 1694 654 1723 sint

79 1737 180 1767 multa
193 1737 321 1768 oracula
333 1760 342 1775 ‚
358 1747 429 1778 quae
445 1738 508 1775 jam
522 1745 592 1768 ante
607 1749 654 1769 ac-

80 1791 205 1824 ceperat
227 1783 322 1826 (vide
347 1794 377 1813 v.
407 1783 517 1826 362),
537 1785 654 1825 quibus

79 1841 244 1871 suspensus
265 1829 298 1861 h.
323 1841 350 1860 e.
374 1830 529 1860 sollicitus
545 1841 581 1860 ac
598 1831 656 1861 du-

79 1877 152 1907 hius
179 1877 246 1915 ejus
272 1878 395 1906 animus
419 1878 479 1915 sit3
505 1878 585 1908 mihi
609 1885 655 1908 ta-

80 1934 153 1954 men
169 1923 231 1953 hoc
244 1925 350 1953 minus
366 1923 492 1954 arridet.

127 1971 195 2008 374
207 1988 254 1993 -
271 1970 348 2008 376.
370 1971 476 2001 Circes
491 1970 576 2011 apud
591 1972 656 2001 Ho-

78 2016 204 2046 'merum
218 2028 258 2059 μ,
285 2017 325 2055 37
344 2028 432 2057 sqq.,
454 2017 536 2047 forte
562 2019 656 2048 etiam

82 2062 194 2093 Phinei
222 2063 307 2104 apud
331 2064 484 2104 Apollon.
510 2065 543 2093 11
553 2087 562 2101 ‚
589 2065 606 2094 3
617 2075 628 2094 1
640 2075 653 2094 1

82 2119 151 2150 sqq.
170 2110 316 2150 exemplo
326 2132 335 2147 ,
350 2111 509 2141 Helenum
528 2110 580 2140 hic
594 2111 657 2140 fata

83 2165 120 2184 ac
133 2160 229 2186 casus
238 2157 446 2198 navigationis
460 2159 567 2187 AEneae
580 2168 657 2198 prae-

83 2200 187 2233 dicere
212 2201 298 2234 facit.
324 2204 414 2244 Ipsos
440 2211 544 2234 autem
568 2214 657 2234 casus

705 625 901 664 omninoque
940 625 1047 654 AEneae
1084 634 1207 654 errores
1240 625 1279 654 ad

705 671 827 711 Ulyssis
846 681 967 700 errores
984 671 1176 711 compositos
1191 681 1256 701 esse
1272 694 1279 707 ,

704 717 794 746 facile
813 716 1051 748 animadvertas.
1071 719 1156 747 Inest
1174 725 1280 748 tamen

703 763 785 793 forte
806 763 841 792 in
864 763 913 792 his
935 764 1035 802 major
1056 764 1193 794 suavitas
1213 765 1280 804 ipsa

704 820 811 839 rerum
827 811 968 840 novitate
986 817 1017 840 et
1033 810 1258 850 probabilitate
1272 822 1281 847 ;

703 866 777 886 nam
792 857 968 886 Homericis
983 857 1182 898 temporibus
1199 867 1281 888 non-

704 902 781 932 duin
801 903 854 932 illa
880 904 977 933 maria
999 904 1119 934 Graecis
1142 905 1280 934 multum

705 957 793 979 erant
807 950 1024 990 frequentata;
1041 961 1103 991 qua
1117 951 1152 980 in
1167 961 1202 981 re
1217 952 1281 980 vic·

706 1002 756 1025 tus
772 997 926 1037 Virgilius
947 1004 1064 1026 ornatu
1086 1004 1118 1027 et
1135 996 1280 1027 doctrina

704 1052 770 1071 suae
803 1052 920 1072 eaussae
955 1043 1122 1073 consulere
1155 1052 1282 1073 necesse

703 1087 828 1118 habuit.
843 1106 890 1111 —-
907 1089 985 1126 374.
1016 1090 1103 1119 Nam
1129 1097 1161 1119 ce
1192 1099 1281 1120 more

706 1134 910 1171 Graecorum,
927 1131 989 1178 γὰρ
1009 1145 1069 1174 pro
1089 1132 1141 1173 δή,
1157 1146 1285 1176 nempe.

705 1179 882 1221 IlIajoribus
898 1180 1058 1221 auspiciis,
1075 1192 1170 1222 quam
1182 1183 1282 1224 vulgo

704 1225 891 1257 hominibus
929 1229 1114 1269 contingere
1154 1229 1258 1259 solent
1274 1240 1283 1265 3

706 1279 782 1302 sunt
798 1273 904 1313 simpl.
921 1284 1044 1315 magna
1057 1275 1091 1305 h.
1113 1285 1141 1306 e.
1158 1285 1283 1316 magna-

705 1329 778 1348 rum
793 1329 901 1349 rerum
917 1326 949 1350 et
965 1328 1174 1359 eventorum3
1189 1321 1283 1352 adeo-

705 1376 768 1406 que
783 1376 896 1407 magna
910 1366 991 1404 fata;
1006 1368 1218 1408 quodLivius
1231 1379 1281 1409 pr.

705 1411 753 1442 ad
765 1412 924 1454 majorum
939 1424 1042 1443 rerum
1059 1414 1153 1444 initia
1170 1415 1284 1445 ducen-

705 1458 786 1489 tibus
805 1457 902 1501 facis.
935 1461 1114 1502 Argutatur
1142 1462 1282 1493 Servius.

705 1505 824 1536 Melius
847 1506 933 1536 idem
953 1506 1098 1546 sortitur,
1121 1507 1283 1549 disponit,

707 1551 853 1590 ordinat,
879 1553 984 1583 volvit
1004 1553 1111 1591 vices,
1137 1554 1283 1585 modera—

707 1606 761 1628 tur
774 1599 1009 1642 vicissitudines
1022 1612 1139 1632 rerum.
1154 1603 1187 1630 Is
1206 1601 1284 1630 ordo

707 1645 846 1675 fatorum
861 1646 1014 1683 vertitur,
1035 1654 1097 1685 est,
1113 1648 1156 1677 ita
1178 1657 1285 1676 succe—

708 1692 790 1721 dunt
805 1692 865 1721 sibi
883 1692 954 1723 fata.
971 1694 1113 1723 Omnino
1131 1704 1191 1734 pro
1210 1703 1287 1735 age-

708 1749 741 1767 re
750 1760 759 1773 ,
771 1737 936 1780 peficeoe,
948 1740 1082 1779 poeticae
1091 1750 1187 1770 voces
1199 1747 1284 1777 sunt,

708 1784 852 1820 volvere,
872 1791 1000 1814 vertere
1009 1808 1018 1820 ,
1037 1796 1180 1816 versare.

758 1831 963 1869 377—-380,
988 1833 1063 1862 Fata
1085 1831 1285 1872 scireprohi-

711 1876 802 1913 benc,
825 1876 858 1908 h.
873 1877 896 1908 l.
911 1879 1036 1915 Parcae3
1055 1878 1140 1919 apud
1151 1880 1283 1909 Homer.

708 1923 799 1954 Iliad.
818 1934 854 1961 τ,
880 1924 945 1960 418
965 1926 1124 1966 Erinnys;
1152 1926 1286 1956 omnino

709 1969 754 2000 dii
778 1970 862 2011 apud
884 1970 1036 2011 Apollon.
1059 1971 1081 2002 l.
1105 1982 1134 2003 c.
1151 1973 1200 2010 11,
1219 1973 1282 2002 311

709 2027 756 2057 sq.
777 2017 903 2054 Tutior,
929 2018 1044 2057 tutius,
1061 2019 1185 2049 minore
1211 2029 1284 2049 cum

710 2063 864 2103 periculo,
879 2065 905 2094 si
918 2064 1061 2103 rescivit,
1077 2075 1149 2105 quae
1165 2065 1286 2096 evitan-

711 2109 751 2138 da
766 2110 840 2140 siut.
856 2110 993 2150 Hospita
1010 2122 1142 2153 aequora
1158 2113 1287 2144 Servius

710 2156 814 2186 vicina
840 2157 1078 2196 interpretatur.
1107 2160 1189 2190 Sane
1214 2158 1286 2188 lon-

709 2203 847 2244 ginqua,
866 2204 988 2247 ignota,
1007 2215 1134 2237 necesse
1157 2212 1205 2236 est
1222 2215 1288 2236 esse
