1433 2460
133 122 155 135 .,
178 109 183 132 2
625 99 818 134 AENEIDOS

129 170 182 200 lla
197 180 214 196 ι’
235 178 273 200 sc
293 159 525 197 carmimbus
546 160 733 209 promittit
752 160 900 197 solvere
920 159 1074 204 mentis,

128 229 231 267 Quas
254 220 361 262 volit,
383 227 439 255 ast
456 218 537 255 aliis
553 218 667 257 duras
688 218 890 256 immittere
911 231 1040 263 curas;

126 283 266 318 sistere
287 292 423 329 aquam
443 279 586 324 fluviis,
605 288 642 316 ct
660 288 808 316 vertere
828 279 952 316 sidera
972 288 1093 324 rctr03

127 346 419 388 Nocturnosquc
440 338 513 375 ciet
530 339 674 375 Manis:
694 338 839 388 mugire
858 337 1007 376 videbis
1284 347 1332 376 49⁰

129 401 208 438 Sub
229 398 390 450 pudibus
412 408 570 445 terram,
589 407 626 436 et
643 398 873 436 descendere
892 397 1085 436 montibus
1103 410 1227 436 ornos.

128 464 286 505 'lu-sior,
308 471 416 504 cara,
433 458 597 505 deesset
619 467 674 505 te,
693 472 890 509 germana,
911 468 1095 508 tuumque

132 522 251 557 Dulce
272 520 590 573 capitu-magicas
609 519 766 557 invitam
787 519 981 570 adcingier
1000 519 1101 556 artis.

133 584 188 618 Τιι
211 588 355 618 secreta
375 593 508 630 pyram
530 589 630 617 tecto
649 580 830 617 interiore
849 579 920 617 sub
942 592 1052 617 auras

183 700 377 738 487—491.
405 696 564 728 Sollennia
580 699 648 728 haec
673 697 713 728 de

135 746 255 775 artibus
270 746 398 785 magicis
418 745 457 773 ad
479 744 641 774 fastidium
664 755 713 773 re-

136 793 233 832 petita
243 803 257 821 a
273 793 385 831 poetis.
397 789 473 820 vid.
489 790 526 819 ad
543 791 610 820 Ecl.
622 792 714 826 VIII,

137 841 192 879 «39.
210 837 469 868 Si1=1il‹·1ulocu1n
488 847 518 866 v,
536 838 568 866 in
584 837 716 866 Tibullo

140 889 171 919 l,
195 896 234 920 ‘).‚
258 885 319 922 52),
339 884 380 912 60
402 890 432 911 et
460 884 499 917 43
522 893 590 922 sqq.
618 882 716 911 Caras

140 939 170 961 et
186 931 238 960 hic
253 930 292 958 (lc
307 940 423 959 amore.
441 929 568 958 Solvere
583 930 716 966 animos,

141 977 309 1018 proprium
326 976 383 1005 hac
400 976 433 1004 in
451 985 484 1003 re
495 997 503 1011 ‚
521 982 556 1004 ut
569 975 717 1018 defigere.

142 1023 336 1054 auferuntur
369 1022 453 1051 enim
481 1022 516 1051 in
543 1032 576 1050 re
603 1023 720 1062 magica

142 1081 176 1099 ea
202 1079 273 1108 quac
296 1067 334 1097 ad
353 1077 493 1097 amorem
508 1074 669 1108 spectant,
683 1067 723 1097 ad

142 1117 310 1145 notionem
329 1113 476 1155 illigandi.
499 1120 531 1144 et
558 1113 720 1151 solvendi;

143 1163 191 1191 uti
201 1161 334 1191 omuino
347 1161 381 1190 in
392 1160 672 1200 superstitionibus
680 1171 724 1189 as-

146 1208 308 1248 trologicis
320 1229 328 1243 ‚
342 1207 536 1246 reliquisque
553 1206 724 1237 divinatio-

146 1264 225 1283 num
250 1253 440 1294 generibus,
458 1253 618 1293 pleraeque
643 1263 724 1293 prae-

146 1301 246 1339 stigiae
263 1299 422 1340 allegorici
436 1300 616 1339 tropicique
631 1309 722 1340 gene-

148 1348 190 1375 ris
198 1353 282 1375 sunt.
294 1347 421 1374 Vertere
431 1344 538 1374 sidera
549 1351 642 1380 retro,
657 1355 726 1374 cur-

148 1403 219 1421 sum
231 1399 387 1421 astrorum
399 1397 519 1421 mutare
529 1413 537 1428 ,
552 1391 727 1420 errantium

149 1439 295 1479 inprimis
305 1460 313 1474 ,
323 1437 388 1467 vid.
403 1439 490 1467 Serv.
501 1439 585 1468 Tum
595 1437 647 1467 illa
658 1447 730 1467 evo-

151 1491 200 1514 cat
219 1486 330 1514 Manes
348 1485 444 1513 sacris
470 1491 566 1514 noctu
584 1494 623 1513 ex
640 1493 728 1513 more

152 1530 250 1560 factis.
287 1529 433 1566 Videbis,
467 1530 565 1571 vulgo
601 1529 726 1566 videas3

152 1584 187 1607 ut
203 1587 274 1617 sup.
299 1587 330 1606 v.
358 1583 418 1612 401
434 1599 443 1612 ‚
462 1576 642 1618 flligrantes
666 1587 730 1606 cer-

154 1634 224 1653 nas.
254 1623 389 1652 Invertit
412 1629 504 1662 poeta
533 1624 727 1659 orationem,

155 1680 230 1698 oum
255 1670 345 1709 sequi
372 1668 521 1705 deberem
546 1669 600 1698 illa
624 1676 730 1699 motus

154 1723 246 1745 terrae
264 1715 338 1744 facit
354 1722 384 1745 et
401 1715 494 1744 silvas
516 1716 550 1745 in
569 1716 667 1745 alium
682 1715 730 1745 lo-

155 1761 525 1797 vumtrausfert.--488.
540 1761 617 1802 Quis
632 1761 731 1793 Goth.

156 1808 233 1836 alter
245 1831 252 1844 ,
269 1819 311 1837 an
332 1815 369 1837 ut
382 1810 422 1838 sit
436 1818 495 1848 pro
514 1808 650 1848 quibus?
668 1809 733 1839 Cu-

158 1854 268 1894 ningh.
280 1855 364 1892 conj.
377 1854 539 1884 innectere
547 1877 555 1892 ‚
567 1866 642 1885 cum
659 1865 735 1895 prae-

160 1899 250 1930 cedat
278 1900 406 1931 solvere.
437 1902 579 1932 Temere.
611 1901 734 1942 Quidni

161 1947 244 1975 enim
264 1954 357 1987 poeta
374 1948 472 1977 variet
484 1949 735 1978 orationem!—

164 1998 179 2027 Ι,
186 2003 239 2031 90.
251 1994 356 2023 Mouet
366 1995 482 2024 Manes
491 1994 585 2024 multi
594 2004 643 2034 ap.
652 1995 734 2026 Pier.

163 2044 194 2065 vt
224 2040 332 2069 Burin.
366 2051 407 2070 ex
432 2040 627 2082 glossemate.
645 2042 739 2071 Vecec

163 2085 240 2113 Exc.
265 2086 435 2118 Burmann.
464 2097 481 2116 a
504 2098 547 2118 m.
564 2098 614 2128 pr.
638 2087 740 2118 Movit

165 2140 238 2158 cum
264 2131 358 2161 altera
386 2133 522 2164 lectione
533 2157 541 2171 ‚
566 2145 583 2164 a
611 2144 736 2165 correc—

167 2176 242 2206 trice
260 2187 354 2207 manu
371 2180 493 2221 Fragm.
508 2182 613 2211 Vatic.

214 2229 299 2262 492,
316 2226 392 2264 493.
420 2228 475 2256 Sui
499 2228 557 2258 aevi
578 2229 735 2259 rationem

766 699 800 728 in
815 697 878 728 hoc
900 697 996 727 habet
1019 702 1131 737 poeta,
1150 695 1237 736 quod
1260 695 1344 725 Did«,

768 745 1006 774 excusationem
1024 743 1157 783 quaerit,
1181 741 1258 772 dum
1281 752 1344 771 ma-

768 791 847 833 gicis
857 790 978 819 artibus
988 790 1100 820 utitur.
1112 791 1197 819 Bene
1203 788 1346 819 Servius:

771 848 870 866 «cum
904 836 1001 865 multa
1032 846 1118 866 sacra
1151 835 1350 875 susciperent

771 883 924 919 Romani,
942 882 1071 923 magica
1085 892 1209 923 semper
1224 880 1352 910 damna-

771 937 858 959 runt.
872 944 887 954 n
907 930 1016 969 Quaeri
1034 935 1137 958 tamen
1151 934 1255 968 potest
1283 927 1352 967 qni-

772 975 906 1005 busnam
934 974 1058 1016 legibus
1083 974 1115 1004 id
1146 974 1264 1003 factum
1300 973 1351 1002 sit.

773 1023 867 1052 Forte
893 1021 957 1060 jam
987 1022 1063 1061 ipsis
1090 1021 1154 1051 x11
1179 1019 1304 1056 Tabim,
1336 1030 1352 1048 e

775 1067 893 1108 quibus
923 1074 1144 1097 memoratur:
1167 1066 1224 1107 qui
1237 1064 1352 1107 finges

776 1113 980 1150 carcanensi&
997 1121 1028 1143 et
1045 1123 1052 1144 ζ
1075 1112 1131 1154 qui
1152 1112 1274 1142 malum
1289 1121 1355 1140 car-

778 1171 851 1190 men
863 1159 1055 1190 incantasic:
1066 1159 1188 1189 Plinius
1196 1159 1342 1189 XXVIII
1347 1179 1354 1193 ,

780 1217 818 1243 2,
841 1218 866 1238 s.
885 1212 904 1242 4
927 1216 1020 1247 poena
1042 1204 1207 1246 parricidii
1236 1214 1354 1245 propo-

778 1255 836 1283 sita
857 1253 914 1294 (v,
933 1254 992 1283 LL.
1006 1275 1014 1289 ,
1039 1252 1102 1282 tab.
1118 1249 1230 1291 VIII).
1255 1252 1355 1281 Fuere

778 1305 887 1340 postea
895 1300 1085 1339 quaestiones
1094 1296 1239 1327 veneficii
1251 1308 1267 1327 e
1277 1297 1357 1337 lege:

779 1345 1000 1375 referebantur
1015 1344 1054 1374 ad
1067 1344 1148 1374 illud
1163 1354 1292 1384 quoque
1313 1344 1359 1372 in-

781 1392 976 1421 cantationes
994 1401 1000 1421 :
1029 1390 1084 1421 sed
1115 1391 1204 1420 mala
1233 1396 1359 1420 tantum

782 1438 926 1468 carmina
937 1450 949 1474 ,·
959 1437 1216 1478 quandoquidem
1228 1444 1259 1466 et
1274 1436 1360 1466 bona

781 1484 893 1514 haberi
917 1483 1140 1514 credebantur.
1164 1485 1252 1513 Inter
1269 1484 1359 1524 prin-

784 1532 869 1571 cipes
885 1530 937 1561 alii
960 1530 1047 1560 suere
1070 1530 1226 1567 leniores,
1245 1530 1299 1560 alii
1313 1540 1359 1559 se-

783 1589 795 1606 x
805 1579 932 1607 eriores.
950 1576 1056 1607 Media
1072 1577 1168 1606 etiam
1181 1583 1227 1606 est
1241 1577 1359 1607 consti·

786 1623 868 1653 tutio
884 1624 1086 1654 Constantini
1102 1624 1149 1654 M.
1176 1623 1214 1653 de
1238 1623 1360 1654 artibus

785 1671 915 1710 magicis
942 1679 950 1700 :
977 1669 1032 1700 sed
1067 1670 1248 1711 gravissima
1280 1670 1359 1710 imp.

785 1717 963 1747 Constantii
980 1726 996 1746 a
1017 1718 1052 1747 C.
1081 1717 1143 1755 357
1171 1723 1202 1746 et
1222 1716 1363 1747 Valenti-

784 1764 884 1793 niani.
901 1773 931 1793 v.
943 1762 1023 1794 Cod.
1039 1762 1163 1795 Theod.
1178 1763 1227 1794 tit.
1246 1762 1285 1793 de
1299 1773 1360 1793 ma-

785 1808 898 1839 leficiis
908 1832 916 1847 ,
934 1815 966 1839 et
980 1809 1027 1839 ibi
1041 1808 1189 1840 Gothofr‚
1203 1808 1273 1850 (lib.
1290 1811 1338 1840 IX
1348 1833 1357 1845 ,

788 1863 811 1887 t.
836 1856 896 1894 16,
917 1855 954 1893 3,
977 1857 996 1886 5
1021 1862 1052 1886 et
1078 1854 1152 1897 11).
1177 1856 1207 1886 Α
1226 1855 1361 1887 Didonis

789 1910 930 1943 tempore
954 1913 990 1933 ac
1026 1913 1113 1933 more
1134 1904 1192 1933 ista
1226 1912 1301 1932 cura
1325 1913 1361 1931 ac

788 1950 893 1979 cautio
925 1949 1034 1980 aliena.
1067 1950 1132 1981 Nec
1163 1950 1359 1985 Homerum,

789 1997 815 2025 si
840 2005 874 2025 ea
903 1996 1072 2037 attigisset,
1096 2005 1130 2025 ea
1156 1995 1362 2025 excusatione

789 2051 921 2071 usurum
931 2041 1026 2071 fuisse
1044 2041 1172 2071 credere
1182 2041 1267 2072 licet.

837 2087 1030 2128 494—498.
1061 2088 1207 2124 Secreta,
1231 2094 1362 2118 secreto.

787 2135 858 2164 Hoc
869 2135 933 2177 jam
948 2141 1062 2164 notum
1081 2145 1146 2165 esse
1163 2134 1267 2165 debet.
1287 2135 1316 2164 T
1313 2145 1364 2164 ec—

789 2188 820 2211 to
853 2179 1021 2219 interiore,
1052 2183 1217 2212 Romanus
1246 2180 1363 2222 implu-

789 2228 879 2257 vium
914 2227 1052 2265 diceret;
1076 2228 1130 2258 sub
1158 2238 1272 2264 auras,
1302 2227 1362 2257 sub
