1433 2460
107 91 148 120 sm
612 88 803 118 AENEIDOS

111 154 180 185 Αιιι
199 161 352 196 capvre,
371 153 435 181 aut
455 154 583 196 captas
596 146 674 195 jam
699 145 919 196 despectare
937 147 1125 184 videntur.

106 210 156 245 Ut
180 208 336 243 reduci-s
359 206 408 242 illi
430 205 564 243 ludunt
584 206 832 244 stridentibus
853 207 938 253 alis,

107 270 149 304 Iit
171 277 267 304 ructu
288 267 440 303 cinxere
460 267 610 317 polum,
629 277 836 318 cantusque
857 267 995 305 dedere
1014 282 1020 302 :

101 417 152 443 cni
181 415 244 452 jani
272 414 527 454 appropinquant
548 414 675 450 volatu,

105 468 137 489 ιιι
165 461 307 500 capiant,
326 468 502 500 occnpcnt3
523 461 580 501 qui
607 462 677 500 qui-

103 507 173 535 dem
186 507 296 536 modus
314 507 475 547 loquendi,
494 509 551 537 elsi
565 507 676 543 durus,

104 564 167 582 non
186 554 367 593 infrequens
382 560 437 586 est.
458 555 542 584 utin
558 554 633 584 illo:
652 552 677 584 εἰ

103 596 239 641 riu-azima
256 599 377 630 τελέσαι
394 611 431 643 ’γε
444 624 452 637 ,
469 597 524 630 καὶ
548 598 573 630 εἰ
595 611 677 631 τετε-

103 645 245 687 λεσμένον
271 645 432 683 ici-mod.
465 658 489 683 ε,
515 658 569 687 90-
599 649 676 677 Bnr-

103 703 239 722 inannns
261 702 373 733 captas
397 694 545 734 intelligit
562 705 578 723 a
594 695 677 734 prio-

103 739 201 773 ribus,
222 742 275 779 qni
294 742 326 769 in
348 748 460 769 terram
474 741 536 777 jam
552 740 677 770 ‹lescen-

103 784 232 823 ‹lvi-ant,
255 794 358 827 captas
384 797 391 818 :
419 786 506 826 qnod
532 788 679 825 jejunum

103 839 191 862 essct.
240 834 344 862 Aliam
382 834 469 863 vocis
516 835 679 863 notionem

104 889 169 907 esse
203 878 361 916 diximus,
387 878 484 909 oculis
503 880 677 920 animoque

105 924 276 965 designare
290 950 296 962 ‚
333 927 470 967 effigere,
515 934 675 966 appetere.

105 974 142 1000 ln
173 971 260 1002 huuc
293 983 419 1002 sensum
446 975 532 1002 Serv.
563 983 678 1013 capere

103 1017 226 1057 eligere.
257 1022 292 1049 ln
317 1021 432 1061 Georg.
452 1019 508 1049 lib.
529 1021 576 1056 11,
590 1021 675 1056 230,

103 1074 197 1104 quem
218 1064 340 1102 laudat,
358 1073 404 1095 est
429 1076 543 1105 capere
568 1065 675 1096 oculis.

103 1113 175 1141 Jaiu
189 1112 214 1139 si
233 1112 412 1151 despecturi
419 1111 537 1153 aliquid
547 1112 676 1150 dicitur,

104 1156 189 1196 qnod
200 1158 263 1196 jam
283 1166 410 1198 captum
424 1165 481 1195 est,
496 1158 607 1188 debuit
620 1160 679 1188 uti-

102 1214 164 1243 quc
181 1203 213 1234 τὸ
238 1215 352 1245 capere
377 1205 578 1242 antecedere3
596 1215 677 1245 prae-

103 1251 332 1291 ferendumque
355 1251 433 1281 adeo
451 1251 551 1282 videri
579 1253 679 1292 possit

102 1296 183 1333 hoc,
204 1304 239 1327 ut
260 1299 299 1327 sit
315 1307 322 1327 τ
339 1309 457 1338 cycnos
481 1305 595 1327 terram
622 1305 678 1327 aut

101 1350 224 1383 petere,
246 1344 357 1373 volatu
378 1356 418 1374 cx
439 1345 504 1374 alto
527 1344 676 1374 deorsum

103 1391 196 1427 facto,
208 1397 262 1419 aut
275 1390 313 1419 ad
327 1402 405 1426 cani,
416 1391 545 1430 petitam
559 1398 590 1421 et
598 1401 675 1420 ocu-

102 1436 138 1465 lis
166 1436 340 1477 volatuqne
374 1437 564 1478 designatam
577 1460 585 1474 ,
611 1438 676 1476 jam

101 1484 233 1523 propius
259 1483 351 1520 ferri,
376 1484 510 1524 ideoque
535 1495 602 1514 cam
626 1483 677 1513 de-

100 1537 258 1569 spectarc3
278 1536 309 1559 et
321 1541 408 1560 nunc
424 1531 535 1561 ludere
549 1531 631 1561 facto
644 1531 678 1560 in

102 1576 212 1606 orbem
229 1576 350 1613 volatu,
368 1576 470 1607 donec
493 1577 583 1608 humi
605 1588 679 1607 con-

101 1621 204 1652 sidant
224 1630 279 1652 aut
299 1634 389 1653 amne
406 1631 599 1664 mergantur.
617 1625 680 1654 Sci-

100 1668 169 1698 litet
186 1669 389 1711 cogitandum
412 1677 474 1706 est,
490 1681 608 1711 cycnos
628 1670 679 1700 ad-

101 1715 165 1744 huc
188 1722 274 1746 recto
302 1716 411 1746 volatu
428 1727 484 1758 per
503 1727 605 1747 acrem
628 1717 678 1747 fu-

101 1763 197 1802 gisse,
212 1772 300 1792 nunc
315 1763 464 1793 deorsum
478 1763 554 1794 ferri
569 1774 679 1793 versus

102 1815 227 1845 terram,
237 1809 313 1839 litus
325 1816 402 1850 puta
412 1811 506 1840 maris
517 1811 567 1840 vel
575 1809 679 1840 flumi-

103 1856 167 1892 nis,
182 1856 268 1896 qnod
284 1863 373 1886 autea
387 1856 572 1887 incederant
592 1856 679 1898 (nam

106 1903 166 1940 397
191 1909 224 1930 ut
239 1903 370 1933 reduces
387 1902 467 1944 illi).
486 1905 588 1945 Igitur
611 1903 680 1934 haec

105 1949 184 1977 ratio
198 1960 254 1989 per
270 1960 302 1979 se
315 1951 435 1990 optima
453 1958 544 1987 esset,
558 1951 619 1980 nisi
632 1950 676 1988 id,

104 1993 142 2022 ad
157 1995 243 2034 quod
266 2007 343 2025 mox
368 1998 563 2038 comparatio
581 2003 679 2027 trans-

105 2039 214 2077 fertur,
231 2042 293 2071 alio
312 2042 460 2074 duceret:
473 2054 546 2074 nam
560 2054 591 2074 v.
611 2049 676 2080 400

106 2086 210 2115 classis
234 2095 291 2116 aut
310 2097 437 2128 portum
463 2097 552 2120 tenet
567 2089 678 2131 (atqui

105 2132 167 2162 hoc
177 2140 242 2163 erat
251 2141 350 2164 terras
359 2137 496 2177 capere.)
512 2144 570 2166 aut
577 2136 677 2176 pleno

105 2179 187 2208 subit
204 2179 285 2209 ostia
298 2182 373 2211 velo
383 2182 458 2222 (hoc
468 2182 676 2224 despectare).

106 2226 179 2255 Haec
190 2227 286 2267 igitur
298 2229 370 2257 satis
379 2228 539 2260 declarant
552 2236 678 2272 poetam

730 414 819 444 aliter
834 415 899 446 hacc
925 426 990 446 non
1009 417 1166 456 accepisse
1189 426 1282 456 qnam
1297 440 1305 453 ,

730 471 850 501 cycnos
873 469 928 492 aut
949 474 1062 502 capere
1084 473 1251 503 occupare,
1267 470 1307 493 ω-

731 518 820 545 ncrc,
837 515 932 538 terras
942 531 951 545 ‚
969 516 1022 539 aut
1044 520 1094 539 cas
1109 510 1303 549 despectare,

730 554 838 584 volatu
850 555 999 585 deorsum
1010 556 1102 586 sacto.
1112 557 1230 596 Captus
1237 556 1305 595 jam

731 600 831 630 videri
872 601 967 632 debet
999 601 1145 641 adjecisse
1176 609 1307 632 ornatus

732 648 848 687 poetici
868 659 993 686 caussa,
1012 659 1084 678 cuin
1102 649 1135 679 in
1149 659 1187 679 eo
1205 655 1307 678 essent

733 701 767 723 nt
779 696 841 732 jam
861 703 1004 735 caperent
1015 719 1023 733 ,
1040 703 1086 732 ct,
1103 702 1224 725 tantum
1241 705 1307 724 non

733 748 855 781 captain
864 766 872 779 ‚
890 749 1003 771 terrain
1013 754 1029 772 e
1039 743 1222 783 propinquo
1236 751 1307 781 pro-

732 789 898 827 spicerent.
917 789 1121 819 Conveniunt
1144 788 1210 817 hacc
1234 798 1306 817 cum

732 835 973 875 participiorum
998 846 1058 865 usu
1081 834 1162 875 apud
1189 841 1306 875 poetas.

733 882 803 911 Jam
827 889 857 910 ct
881 882 920 918 ii,
934 881 1205 921 quide-volabant,
1221 887 1251 910 et
1273 881 1305 916 ii,

731 928 784 967 qui
813 928 1037 965 consederant,
1062 939 1100 957 ex
1127 935 1209 957 terra
1237 937 1307 957 evo⁴

730 974 825 1004 lando
847 986 903 1014 per
924 986 1026 1005 acreni
1043 973 1307 1014 ludunt:quippe

731 1028 817 1050 inetu
836 1021 980 1061 depulso.
1000 1039 1046 1045 --
1064 1022 1141 1061 397.
1168 1019 1306 1050 Striden-

731 1066 811 1096 tibus
824 1067 886 1096 alis
902 1068 1089 1108 exquisitius
1107 1077 1203 1107 quam
1219 1066 1304 1096 clan-

731 1113 890 1155 gentibus,
916 1131 963 1136 --
979 1114 1054 1154 398.
1072 1114 1159 1144 Coem
1176 1112 1307 1142 cinxere

727 1160 840 1200 polum
849 1182 857 1195 ,
871 1161 994 1200 agmine
1009 1160 1090 1190 facto
1104 1159 1256 1201 cingunt(
1267 1158 1306 1188 ad

732 1206 901 1236 oculorum
923 1217 1072 1242 sensum,·
1093 1213 1131 1235 ut
1153 1206 1227 1235 alias
1243 1215 1304 1234 οω-

730 1253 796 1282 lum
824 1252 1012 1282 subducunt
1043 1252 1145 1282 oculis
1171 1253 1206 1281 in
1233 1262 1303 1281 aere

730 1298 815 1339 visa)
825 1299 936 1338 polum
948 1322 956 1334 ,
979 1299 1094 1328 coelum
1106 1321 1114 1335 ‚
1131 1308 1251 1335 aerem3
1270 1298 1304 1327 in

728 1344 816 1375 hunc
829 1345 885 1374 alis
905 1345 1022 1375 sublati
1036 1344 1153 1375 ludunt
1168 1343 1305 1374 volando

729 1392 762 1421 in
777 1391 887 1421 orbem
897 1414 905 1429 ‚
919 1399 955 1422 ut
976 1391 1095 1429 solent,
1112 1391 1162 1421 vel
1177 1401 1303 1433 gyrum.

730 1440 778 1468 Ita
790 1445 871 1478 puto
885 1439 991 1468 omnia
1004 1439 1077 1468 satis
1095 1437 1254 1479 expedita,
1272 1438 1306 1467 in

731 1484 850 1525 quihus
860 1492 891 1515 et
902 1486 1010 1515 Burm.
1018 1484 1167 1515 haerebat.
1180 1485 1245 1516 Cur
1256 1494 1305 1513 au-

732 1537 795 1561 tem
809 1533 942 1573 augurio
956 1542 973 1561 e
987 1532 1097 1572 cycnis
1112 1538 1221 1561 utatur
1235 1541 1306 1571 poe-

731 1584 775 1615 ta,
785 1577 916 1608 subtiles
927 1579 1063 1608 rationes
1070 1577 1206 1608 afferunt
1213 1578 1307 1607 inter-

731 1630 846 1664 pretes.
861 1636 891 1655 v.
907 1626 994 1655 Serv.
1009 1631 1040 1654 et
1053 1623 1163 1655 Cerda.
1179 1625 1307 1654 Praestat

731 1669 793 1701 hoc
811 1681 913 1701 unum
926 1681 1067 1707 monere,
1081 1669 1171 1712 quod
1185 1670 1309 1709 Cycnus

733 1716 765 1746 in
797 1717 941 1759 auguriis
974 1717 1082 1747 nautis
1106 1715 1308 1759 gratissimus

731 1764 825 1794 ales.-
839 1765 934 1794 Hunc
952 1770 1065 1805 optant
1081 1773 1216 1804 semper,
1229 1762 1307 1804 quia

733 1821 899 1851 nunquam
927 1810 1082 1852 mergitur
1106 1809 1222 1846 undts,·
1242 1809 1307 1840 lau-

732 1855 785 1887 dat
795 1868 904 1887 versus
913 1858 1039 1888 Servius
1046 1868 1086 1887 ex
1093 1849 1304 1900 ὀρνιθογονίᾳ,

731 1905 835 1934 Macri
844 1904 964 1934 scilicet
971 1903 1088 1934 AEmilii
1097 1902 1141 1944 (v.
1146 1901 1305 1933 Brouckh.

731 1950 773 1981 ad
794 1950 914 1981 Tibull.
936 1960 1007 1992 pag.
1024 1950 1102 1988 275,
1119 1960 1159 1979 ex
1181 1948 1305 1978 Isidoro

730 1998 815 2034 XII,
835 2007 850 2034 7
868 1995 890 2037 ).
910 1998 978 2027 Nec
997 2006 1128 2037 prorsus
1149 1995 1271 2025 alienus
1289 2004 1306 2024 a

731 2045 857 2073 Venere
873 2042 935 2072 ales
954 2048 999 2072 est
1021 2052 1159 2083 cycnus;
1176 2052 1249 2072 nam
1274 2046 1306 2071 et

731 2099 830 2119 curru
854 2089 961 2130 cycnis
979 2089 1094 2127 juncto
1117 2088 1219 2118 fertur
1242 2089 1306 2118 Ve-

731 2146 791 2165 nus
803 2146 811 2174 ;
830 2142 866 2164 ut
883 2135 958 2165 alias
969 2135 1125 2165 columbis
1138 2142 1193 2165 aut
1205 2145 1304 2176 passe-

731 2182 831 2212 ribus.
847 2181 1011 2212 Dissident
1027 2189 1135 2212 aucem
1156 2182 1258 2212 olores
1274 2187 1306 2210 ct

731 2229 869 2270 aqut'loe,
888 2235 1017 2259 auctore
1030 2228 1133 2260 Plinio
1147 2231 1190 2267 X,
1204 2234 1243 2268 74
1255 2251 1264 2265 ,
1277 2238 1304 2258 ⁵.

1429 1216 1433 1223 .
1423 1141 1433 1197 ΗΑ]
1416 913 1433 1131 ..μ-ημ--ψ-.Ξὲ-«ᾆ

1419 837 1433 910 Ξ

1424 1468 1431 1493 -Α
1427 1439 1432 1456 -
1423 1307 1433 1426 *unq-*etv
1425 1244 1433 1295 m
