1402 2460
581 71 701 101 LIBER
728 71 769 100 11.

1214 72 1275 107 143

75 133 160 180 Ipse
181 129 313 175 trahit,
333 141 522 177 cursuque
540 141 665 164 amens
682 128 729 164 ad
747 127 873 164 limina
896 127 1025 166 tendit.

77 208 91 221 κ
110 192 197 235 Quo
213 202 272 225 res
288 189 546 233 summaloco,
558 187 852 236 Panthu?quam
865 188 1085 236 prendimus
1101 188 1250 225 arcem?
1264 206 1277 220 »

129 248 203 285 vix
223 261 266 284 ea
285 248 382 285 satus
399 260 520 293 eram,
540 247 682 297 gemitu
699 247 926 296 quunstalia
944 247 1068 284 reddit
1084 262 1092 283 :

77 327 92 342 «ι
111 309 223 346 Venit
240 322 385 345 summa
406 309 485 345 dies
502 316 537 344 et
554 306 797 344 ineluctabile
817 315 963 356 tempus

75 370 297 408 Dardaniae!
315 369 468 406 Fuimus
486 372 622 415 Trocs;
642 368 711 404 suit
732 368 862 412 Ilium,
884 377 920 404 et
939 368 1068 419 ingens

1228 376 1277 401 325

77 431 208 469 Gloria
223 433 470 467 Teucrorum.
490 433 607 466 Ferus
629 428 755 465 onmia
772 429 950 478 Juppiter
965 433 1088 479 Argos

74 491 291 529 Transtulit.
312 494 469 528 Incensa
485 490 607 526 Danai
627 489 871 526 dominantur
888 489 927 525 in
946 489 1052 526 urbe.

76 552 229 590 Arduus
251 561 415 589 armatos
435 551 568 588 mediis
588 551 626 587 in
647 550 835 587 moenibus
851 550 1001 587 adstans

75 614 215 651 Fundit
231 626 368 663 equus,
391 612 589 661 victorque
611 611 728 649 Sinon
749 610 922 647 incendia
942 610 1092 656 miscet,

76 771 130 802 sed
145 772 240 801 semel
256 770 424 801 monenda.
448 769 557 800 Trahit
575 780 647 799 cum

74 818 193 848 dilectu
221 819 360 858 positum
388 827 447 857 pro
475 816 582 846 ducit:
599 814 652 845 'ad

77 864 188 895 limina
201 887 209 901 ‚
229 866 345 893 AEneae.
356 881 402 886 —
415 864 455 893 32
465 874 490 893 1.
505 863 650 892 Cursum-

76 922 137 952 que
158 912 274 940 Moret.
296 920 348 949 qu.
374 917 403 939 et
425 911 468 939 sic
487 909 649 950 legebatur

76 958 177 988 Servii
198 963 299 986 aetate.
323 956 498 997 Cursnsqae
520 957 646 996 Menag.

76 1014 124 1044 pr.
154 1010 185 1033 et
200 1004 292 1033 Witt.
316 1003 434 1032 Eadem
460 1003 594 1031 varietas
619 1009 649 1031 et

77 1049 152 1080 alibi
166 1060 197 1079 v,
217 1050 327 1079 Burm.
346 1051 528 1088 Utrumque
543 1055 648 1078 autem

76 1103 161 1126 recte
180 1096 274 1125 etiam
287 1096 321 1124 in
338 1102 430 1135 poeta
448 1095 581 1131 dicitur,
601 1096 648 1123 11-

77 1142 170 1173 detur
193 1149 298 1171 tamen
322 1152 443 1170 cursum
466 1142 617 1171 remotius
633 1151 650 1170 a

77 1189 199 1230 vulgari
214 1188 398 1219 esse.—-Ad
411 1187 506 1217 litora
525 1189 650 1228 paucis-

78 1237 233 1265 simorum
260 1235 418 1264 librorum
442 1234 570 1264 videtur
586 1244 650 1263 esse

76 1282 190 1318 lecti03
209 1291 311 1311 unum
327 1280 504 1321 Hamburg.
521 1291 569 1321 pr.
584 1280 651 1309 lau-

77 1327 131 1358 dat
154 1328 263 1358 Heius.
278 1328 401 1364 Ceteri,
416 1334 577 1366 quotquot
601 1327 650 1355 in-

77 1375 176 1415 specti
188 1381 279 1411 sunt,
294 1375 388 1403 etiam
403 1385 420 1403 e
436 1375 552 1403 nostris
566 1383 651 1402 unus

76 1421 131 1462 (in
141 1420 268 1450 duobus
278 1420 404 1449 lumina
414 1420 426 1460 )
436 1427 465 1449 et
475 1427 551 1450 vett.
566 1419 649 1456 edd.;

76 1477 174 1508 porro
199 1468 346 1503 Servius,
371 1468 534 1503 Donatus,
557 1469 650 1497 Pom-

77 1514 203 1554 ponius,
215 1513 261 1542 ad
275 1513 390 1543 limina
400 1524 465 1554 prce
478 1524 510 1542 se
524 1513 648 1544 ferunt:

77 1559 166 1600 quod
227 1559 437 1600 adstipulante
486 1559 650 1590 Brunekio

77 1607 193 1646 recepi.
221 1606 367 1636 Alterum
407 1605 489 1635 illud
513 1616 553 1635 ex
585 1606 648 1636 sol-

77 1652 166 1682 lenni
193 1652 283 1692 lapsu
315 1653 350 1682 in
378 1652 410 1682 h.
426 1664 457 1683 v.
476 1659 583 1682 ortum
601 1653 633 1682 vi

78 1698 147 1728 deri
162 1705 285 1738 potest,
303 1705 333 1727 et
352 1698 484 1728 subiisse
507 1700 649 1738 primum

78 1744 230 1775 A-ldinam
241 1755 249 1781 3
262 1743 347 1773 unde
356 1745 390 1773 111
400 1746 419 1774 J
423 1746 545 1779 nmina,
556 1755 651 1784 quam

79 1802 121 1821 ex
138 1790 191 1819 illa
210 1800 387 1830 expressam
404 1791 557 1828 conjicio,
574 1792 652 1820 etin

79 1838 118 1868 al.
139 1847 293 1866 excusum
318 1836 421 1867 video.
448 1838 491 1866 At
510 1847 577 1865 eam
601 1836 654 1866 de-

77 1884 175 1915 servit
190 1883 272 1914 Rob.
290 1883 438 1923 stephan.
455 1883 652 1913 Consensum

77 1930 236 1961 librorum
263 1928 367 1959 firmat
389 1931 455 1970 ipsa
474 1940 582 1959 rerum
603 1939 652 1959 ra-

80 1978 125 2008 tio
144 1983 174 2006 et
190 1975 281 2006 ordo.

83 2021 88 2025 ’
129 2024 205 2054 322.
234 2024 362 2052 Frustra
384 2022 531 2052 laborant
549 2023 582 2052 in
602 2023 651 2052 in-

80 2070 321 2110 terpretatione,
337 2070 393 2109 qui
409 2080 514 2098 arcem
529 2069 568 2098 de
584 2071 653 2099 Per-

81 2125 172 2157 gamo
183 2116 353 2155 accipiunt.
369 2117 535 2156 Optimum
545 2115 630 2145 factu
642 2138 650 2153 ‚

82 2169 120 2192 ut
137 2172 242 2191 arcem
259 2172 317 2201 pro
332 2162 477 2204 perfugio
492 2163 626 2203 accipias
642 2171 651 2193 :

81 2218 147 2249 quo
157 2208 382 2249 confugimus?

752 769 829 804 324.
854 766 1183 809 Ineluctabilefatum
1208 769 1278 798 Μει-

703 815 792 845 eroli.
806 817 847 852 V,
869 825 882 844 1
901 815 1032 851 recitat3
1047 825 1086 844 ex
1099 814 1155 844 lib.
1174 816 1254 844 VIII
1265 838 1274 851 ,

705 862 769 896 334
787 861 969 890 inevitabile
985 868 1106 901 tempus
1120 861 1274 897 ed.Ven.,

703 908 791 948 quod
820 915 849 937 et
876 909 910 937 111
936 908 1029 938 Witt.
1056 907 1134 938 Cod.
1166 917 1277 947 supra-

702 956 868 995 scriptum.
887 971 933 976 --
948 955 1013 988 324
1039 965 1107 994 sqq.
1131 953 1278 983 Admira-

703 1000 775 1030 bilis
795 1002 896 1030 oratio
907 1023 915 1037 ‚
932 1001 1092 1041 gravitatis
1110 1007 1140 1030 et
1158 1000 1278 1030 doloris

702 1047 810 1087 plena,
838 1054 869 1076 et
894 1057 928 1076 ea
952 1046 1081 1087 quidem
1107 1046 1279 1077 sacerdotis

703 1094 880 1134 Apollinis,
899 1100 930 1123 et
947 1094 980 1122 in
1006 1093 1059 1122 tali
1077 1104 1184 1122 rerum
1201 1103 1263 1123 con
1277 1113 1280 1116 -

704 1140 824 1170 ditione
842 1141 849 1170 ἔ
879 1139 1042 1179 Euripidis
1072 1139 1124 1169 illa
1161 1139 1278 1170 Troad.

707 1187 746 1216 58
757 1197 768 1216 1
785 1187 811 1216 si
827 1187 966 1226 respexit
981 1192 1075 1226 poeta
1093 1195 1100 1216 :
1117 1183 1191 1228 Πρίν
1207 1188 1279 1215 ποτ’

703 1229 790 1275 ἦμεν.
835 1229 971 1262 Βέὲακεν
1015 1228 1116 1267 ὃλὲος.
1156 1228 1277 1262 Βέὲακε

703 1277 818 1322 Τροία,
835 1286 992 1319 quantum
1019 1278 1072 1308 ille
1097 1279 1135 1307 de
1151 1289 1210 1308 suo
1233 1286 1278 1308 at-

703 1326 812 1356 tulisse
845 1325 946 1355 videri
969 1324 1078 1354 debet!
1109 1324 1278 1354 Inelucta-

705 1372 766 1402 bile
779 1395 787 1409 ‚
813 1372 904 1401 fatale
922 1371 1132 1412 Euripideum
1147 1382 1155 1409 3
1174 1364 1277 1411 τύχα)

704 1417 787 1459 τύχα
807 1415 1037 1453 δυσπάλαιστος
1055 1416 1124 1451 ἥκει
1136 1440 1144 1456 ‚
1158 1418 1278 1448 Alcest.

707 1466 784 1506 892.
814 1483 860 1489 -—
893 1465 970 1495 326.
1004 1467 1101 1495 Ferus
1134 1464 1275 1504 Jupiter,

704 1519 741 1542 ut
765 1513 839 1542 alias
871 1522 987 1546 seems,
1009 1511 1071 1541 hoc
1090 1519 1135 1541 est
1159 1511 1278 1547 iratus,

705 1558 853 1589 crudelis.
878 1557 999 1588 Omnia
1012 1559 1120 1599 Argos
1142 1565 1280 1587 transtu-

702 1606 755 1642 lit,
777 1606 907 1645 Argivis
930 1605 1097 1634 victoriam
1122 1611 1152 1634 et
1170 1615 1278 1634 rerum

701 1663 854 1683 summam
873 1652 1036 1692 permisit,
1063 1652 1158 1689 Troja
1188 1660 1277 1680 nunc

705 1710 821 1730 eversa.

754 1746 818 1775 328
833 1768 842 1782 ‚
860 1746 936 1784 329.
971 1742 1088 1773 Mediis
1111 1742 1144 1772 in
1166 1741 1277 1772 moeni-

705 1791 777 1827 bus,
796 1792 831 1820 in
843 1790 943 1820 media
958 1789 1053 1826 urbe,
1064 1799 1136 1818 nam
1152 1790 1186 1818 in
1197 1799 1277 1818 aree.

707 1837 746 1868 cf.
775 1837 991 1873 240—252.
1022 1834 1181 1864 lucendia
1207 1834 1279 1864 mis-

706 1891 771 1919 cet,
788 1883 860 1923 plus
869 1893 965 1923 quam
977 1905 985 1920 ‚
999 1882 1180 1922 promiscue
1191 1903 1199 1918 ,
1213 1891 1281 1921 pas-

706 1932 775 1966 sim,
789 1930 874 1960 facit.
886 1932 933 1959 Ita
949 1928 1079 1958 miscere
1093 1927 1277 1959 coedes.Hae-

705 1983 778 2007 rent
795 1977 829 2006 in
844 1976 877 2007 h.
889 1987 920 2008 v.
936 1977 1134 2016 interpretes,

755 2024 831 2063 329.
846 2022 942 2053 Fudit
955 2022 990 2051 in
1004 2020 1168 2052 nonnullis
1182 2019 1275 2057 codd.

706 2071 815 2100 Heius.
833 2076 864 2098 et
878 2070 987 2099 Burm.
999 2091 1007 2106 ‚
1023 2077 1083 2097 nee
1104 2066 1184 2103 male
1201 2065 1276 2100 hoe.

705 2117 831 2147 Servius
852 2115 1012 2156 vulgatam
1026 2114 1098 2144 lect.
1120 2114 1276 2153 interpre-

706 2169 810 2200 tatur3
829 2169 859 2192 et
885 2162 980 2191 habet
991 2159 1106 2203 fhndit
1126 2159 1277 2201 grandius

706 2208 800 2250 quid,
820 2218 915 2250 quam
929 2207 1024 2248 fiadit.
1044 2207 1146 2240 Nimis
1170 2212 1278 2247 argute
