1402 2460
575 77 696 107 LIBER
723 76 780 106 111.
1220 84 1278 112 ψ,-

78 140 275 187 Pergama,
296 135 474 184 reliquias
493 136 665 171 Danaum
687 142 800 183 atque
821 133 975 170 immitis
994 133 1149 169 Achilli!

79 201 202 244 Quem
217 195 434 246 sequimur?
453 208 579 245 quove
599 195 654 231 ire
670 194 805 245 jubes?
826 193 892 230 ubi
912 207 1054 244 ponere
1074 194 1203 231 sedes?

79 261 154 304 Da,
176 265 301 307 pater,
322 256 541 306 augurium3
564 265 676 305 atque
698 255 830 301 animis
851 255 1019 292 inlabere
1039 255 1194 292 nostris!
1216 271 1230 285 »

130 318 204 354 Vix
223 330 268 354 ea
289 316 386 353 fatus
406 329 509 353 eram
525 331 535 363 ;
557 325 719 353 tremere
734 315 861 352 onmia
879 315 960 352 visa
979 324 1152 365 repente,
1254 331 1285 354 (ι’)

79 378 322 427 Liminaque,
342 377 548 426 laurusque
567 376 648 422 dei,
667 385 845 426 totusque
863 376 1009 413 moveri

79 442 191 476 Mons
209 438 374 484 circum,
394 446 431 474 et
450 437 598 487 mugire
617 436 739 486 adytis
759 436 906 473 cortina
925 436 1092 473 reclusis.

81 499 267 538 Submissi
286 498 449 548 petimus
468 506 625 543 terram,
649 505 685 534 et
703 510 781 534 vox
800 498 921 534 fertur
941 497 988 534 ad
1008 498 1108 533 auris
1131 511 1137 531 ε

83 579 96 593 «
115 558 342 597 Dardanidae
362 559 467 604 duri,
488 570 572 607 quae
592 570 659 594 vos
680 570 701 593 a
720 557 837 607 stirpe
858 565 1059 607 parentum

81 621 206 658 Prima
228 620 313 658 tulit
332 620 460 665 tellus,
482 618 612 655 eadem
627 630 694 655 vos
711 617 830 655 ubere
850 618 936 654 laeto
1258 627 1290 658 95

83 681 259 731 Adcipiet
277 679 447 716 reduces.
463 679 669 728 Antiquam
689 677 878 727 exquirite
896 686 1065 715 matrem.

86 831 244 870 Thymbra
258 837 323 860 erat
336 829 469 861 Troadis
484 831 574 859 vicus
585 839 658 859 cum

83 877 243 919 Apollinis
257 877 332 907 luco
347 887 382 906 ac
394 876 522 918 templo.
534 887 565 906 v.
580 879 661 907 Stra-

83 924 127 955 bo
150 925 250 961 XIII,
279 934 310 964 p.
339 924 402 963 598
428 925 478 960 A,
497 924 542 960 B;
561 923 600 953 ef.
622 922 660 952 ad

84 972 143 1001 Ge.
155 972 212 1008 IV,
227 971 304 1007 323;
315 970 355 999 ad
368 972 514 1000 Tzetzam
527 980 559 1010 p.
586 971 660 999 132.

84 1019 123 1048 Et
138 1028 241 1059 genus
260 1017 344 1046 inter
365 1023 467 1046 cetera
485 1026 492 1047 :
512 1016 660 1052 domum,

86 1064 216 1100 moenia,
232 1063 350 1100 urbem,
365 1062 451 1092 aliud
462 1073 526 1092 esse
540 1063 663 1102 nequit,

86 1121 181 1151 quam
196 1110 287 1140 locus
303 1110 412 1151 generi
430 1109 556 1145 futuro,
576 1108 665 1138 sedes

86 1157 192 1197 stirpis
203 1179 211 1193 ‚
241 1166 258 1185 a
290 1166 352 1196 qna
386 1165 469 1185 nova
496 1156 661 1195 posteritas

87 1203 242 1243 originem
255 1201 358 1232 ducat.
369 1201 551 1242 Respondet
564 1202 662 1242 igitur

88 1252 132 1292 τῷ
151 1249 278 1286 domus,
299 1258 370 1289 quae
394 1249 460 1277 sine
483 1254 565 1277 certa
588 1247 662 1276 sede

89 1306 153 1327 esse
174 1302 278 1337 potest
295 1294 392 1324 nulla.
412 1293 578 1334 Reliquias
594 1295 662 1323 Dn-

90 1353 205 1380 naum,
225 1341 265 1372 cf.
285 1352 355 1382 sup.
373 1342 406 1377 1,
431 1342 484 1370 30.
504 1342 665 1380 Dapater

90 1389 276 1431 augurium,
300 1387 447 1428 exemplo
470 1388 586 1418 Priami
603 1388 663 1416 iter

90 1438 124 1466 in
156 1442 256 1466 castra
289 1434 490 1465 Achivorum
507 1435 662 1474 parantis,

90 1482 179 1513 Iliad.
197 1494 220 1512 ω
230 1505 239 1520 ‚
256 1482 273 1512 3
282 1492 321 1511 10
337 1492 404 1522 sqq.
415 1499 462 1504 —
473 1481 526 1520 89.
538 1480 664 1510 Animis

90 1528 221 1560 illabere
239 1527 364 1559 nostris.
380 1528 510 1568 Propm'e
524 1526 664 1558 Phoebus

91 1574 254 1606 descendit
273 1576 308 1604 in
331 1581 470 1604 mentem
493 1574 573 1603 vatis
594 1575 662 1611 sui;

91 1624 232 1652 insinuat
244 1632 276 1651 se
285 1644 293 1658 ,
310 1631 398 1650 suam
412 1622 478 1650 vim
490 1643 498 1657 ‚
517 1621 584 1658 ejus
597 1621 664 1650 ani-

92 1680 161 1706 1n03
174 1668 206 1698 h.
217 1667 239 1698 l.
255 1668 349 1697 etiam
358 1667 420 1696 illis
432 1690 440 1703 ‚
456 1667 574 1706 quibus
584 1666 666 1696 forte

92 1715 162 1745 data
186 1725 253 1744 rem
280 1713 449 1743 obscuram
473 1712 611 1753 explicat
636 1720 667 1742 et

91 1762 244 1797 illustrat,
263 1757 571 1802 capitem-Augurium
593 1769 667 1788 vero

91 1808 124 1839 h.
142 1807 163 1838 l.
179 1817 238 1848 pro
253 1806 399 1842 oraculo,
419 1812 456 1834 ut
470 1805 564 1835 etiam
581 1804 666 1835 alibi.

47 1870 53 1878 e
92 1853 231 1886 Oraculo
253 1859 358 1882 autem
377 1852 506 1893 proprie
531 1858 597 1881 erat
618 1852 667 1881 10-

93 1911 165 1938 cus,
181 1900 281 1929 veteri
296 1909 386 1929 more
397 1920 406 1935 ‚
425 1899 459 1927 in
476 1899 568 1927 novis
586 1897 668 1927 sedi-

94 1947 154 1977 bus
162 1945 352 1988 quaerendis.
363 1944 402 1975 cf.
413 1943 452 1974 de
461 1945 552 1974 Ratio
562 1944 671 1974 locum

92 2004 146 2036 ¹ap.
159 1992 316 2024 Herodot.
330 1998 362 2022 et
378 1991 500 2022 callim.
516 1992 550 2020 in
561 1991 668 2032 Apoll.

97 2040 140 2070 65
159 2050 227 2080 sqq.

145 2086 291 2127 90—93.
309 2085 456 2117 Sollenne
469 2084 587 2115 scilicet
596 2083 674 2121 hoc,-

100 2140 248 2174 tanqnam
266 2133 407 2163 numinis
425 2138 541 2162 sortem
555 2130 672 2161 edituri

98 2179 279 2219 prementia,
297 2186 334 2209 ut
349 2185 414 2209 tota
425 2185 538 2208 natura
551 2188 673 2208 numen

101 2226 213 2256 sentiat
239 2235 246 2256 :
277 2235 446 2256 commune
479 2222 671 2267 insomnia-g

713 829 862 867 deorum,
883 828 976 858 etiam
990 829 1024 857 in
1049 828 1134 857 festis
1149 835 1179 858 et
1194 830 1288 858 sacris

714 887 785 917 quae
800 877 833 905 in
853 885 964 906 eorum
982 875 1138 904 honorem
1153 875 1290 905 celebra-

714 924 843 953 bantur.
856 923 977 953 Notum
991 933 1002 949 x
1013 921 1041 950 el
1054 932 1094 950 ex
1105 922 1289 953 Callimachi

709 972 751 1000 H.
763 971 798 998 in
814 968 922 1009 Apoll.
938 978 988 1008 pr.
1003 974 1034 996 et
1043 968 1160 1008 Spanh.
1173 968 1210 997 ad
1228 980 1254 999 e.
1267 970 1288 999 l.

713 1014 831 1045 Omnia
841 1013 956 1044 deinde
964 1024 1021 1054 per
1030 1016 1148 1054 speeies
1157 1015 1290 1045 reddun-

711 1069 765 1092 tur
785 1070 793 1091 ε
822 1059 1002 1101 liminaque
1021 1060 1203 1102 laurusque.
1221 1062 1287 1092 vid.

711 1110 820 1138 Bnrm.
845 1108 940 1137 Mons
967 1105 1082 1136 circum
1095 1130 1103 1144 ,
1131 1109 1289 1149 Cynthus.

717 1153 849 1184 Cercina
862 1151 970 1195 ἦμες,
986 1154 1175 1194 operculum
1191 1156 1290 1196 tripo-

715 1201 778 1237 dis,
797 1199 914 1241 mugit,
934 1206 1030 1229 vento
1049 1200 1256 1231 subterraneo
1275 1213 1291 1232 e

715 1257 824 1288 specu,
839 1247 892 1276 cui
901 1247 1047 1286 imposita
1058 1254 1104 1276 est
1112 1271 1120 1285 ‚
1131 1255 1290 1288 surgente3

715 1292 872 1333 siquidem
904 1292 1032 1323 credere
1051 1293 1143 1332 licet,
1169 1294 1208 1323 ad
1223 1295 1295 1325 Del-

716 1340 803 1381 phici
826 1339 959 1380 tripodis
983 1340 1083 1369 instar
1106 1342 1174 1371 haec
1198 1341 1293 1371 fuisse

717 1386 911 1416 adumbrata.
937 1385 976 1416 cf.
997 1387 1165 1426 Spauhem.
1189 1388 1227 1418 ad
1251 1389 1292 1418 H.

716 1434 752 1463 in
780 1434 821 1463 D.
854 1444 885 1463 v.
913 1443 968 1472 90.
998 1434 1116 1473 Adstis
1145 1434 1291 1471 reclusis,

717 1481 787 1520 ipso
802 1479 913 1520 templi
928 1481 1081 1520 penetrali
1099 1492 1156 1522 per
1171 1489 1294 1512 motum

718 1534 809 1556 terrae
827 1526 994 1567 patefacto.
1006 1545 1052 1549 —
1063 1529 1118 1567 93.
1144 1528 1298 1558 Submissi

711 1573 854 1614 petimus
869 1579 987 1602 terram
999 1597 1007 1611 ‚
1027 1575 1184 1615 exquisite
1195 1597 1203 1612 ‚
1219 1586 1294 1616 pro-

718 1619 899 1657 volvimur3
925 1621 1115 1650 Lucretiano
1142 1621 1295 1662 loquendi

718 1677 817 1696 more.

749 1719 811 1752 ,94
827 1730 872 1735 —-
889 1713 943 1753 98.
970 1714 1144 1744 Graculum
1156 1737 1164 1751 ‚
1184 1725 1296 1756 magna

722 1769 794 1788 cnm
808 1765 872 1788 arte
883 1759 988 1788 verbis
1000 1762 1226 1801 sententiisque
1237 1772 1296 1791 am-

721 1805 828 1845 biguis
855 1812 886 1834 et
913 1804 1057 1835 obscuris
1084 1814 1272 1848 conceptum
1286 1831 1295 1847 ,

721 1852 842 1881 Italiam
852 1873 861 1888 ‚
871 1851 957 1881 unde
966 1852 1133 1883 Dardanus
1143 1855 1297 1895 originem

721 1897 838 1927 habere
862 1897 1041 1935 ferebatur,
1061 1901 1207 1940 respicit,
1230 1900 1295 1932 vid.

721 1944 780 1974 inf.
797 1954 808 1973 x
816 1944 857 1973 63
870 1954 876 1974 :
888 1951 981 1984 atque
990 1944 1066 1975 hinc
1075 1945 1294 1984 Dardanidas,

724 2001 791 2021 non
820 1991 953 2020 Teucros
975 1997 1030 2021 aut
1056 1992 1118 2021 ah'o
1145 1994 1276 2024 nomine
1287 2018 1295 2032 ‚

724 2047 813 2067 nunc
834 2037 1006 2078 appellatos
1022 2037 1094 2067 vult
1110 2039 1255 2070 Macrob.
1283 2042 1298 2070 1

724 2084 759 2114 in
787 2085 838 2114 So.
856 2085 939 2124 Scip.
958 2095 988 2122 7,
1006 2090 1037 2114 et
1059 2086 1145 2116 Serv.
1163 2085 1202 2115 ad
1217 2085 1249 2116 h.
1273 2087 1295 2118 1.

727 2129 823 2167 Duri,
841 2129 966 2160 labores
979 2136 1029 2160 tot
1044 2132 1180 2172 experti,
1201 2136 1296 2163 πολυ-

725 2174 882 2219 viius-eg.
899 2176 982 2207 Uber
995 2183 1087 2208 terrae
1104 2178 1234 2220 antiqua
1251 2180 1299 2210 lo-

725 2222 846 2265 quendi
869 2223 969 2254 forma
986 2224 1022 2255 in
1044 2231 1194 2256 ornatum
1212 2237 1299 2258 versa

1075 2277 1144 2325 17*
