<?xml version="1.0" encoding="UTF-8"?>
<!DOCTYPE html PUBLIC "-//W3C//DTD XHTML 1.0 Transitional//EN"
    "http://www.w3.org/TR/xhtml1/DTD/xhtml1-transitional.dtd">
<html xmlns="http://www.w3.org/1999/xhtml" xml:lang="en" lang="en">
 <head>
  <title>
</title>
<meta http-equiv="Content-Type" content="text/html;charset=utf-8" />
  <meta name='ocr-system' content='tesseract 3.04.00' />
  <meta name='ocr-capabilities' content='ocr_page ocr_carea ocr_par ocr_line ocrx_word'/>
</head>
<body>
  <div class='ocr_page' id='page_1' title='image "./operahey02virguoft_0076.png"; bbox 0 0 1433 2460; ppageno 0'>
   <div class='ocr_carea' id='block_1_1' title="bbox 123 95 1326 564">
    <p class='ocr_par' dir='ltr' id='par_1_1' title="bbox 128 95 825 134">
     <span class='ocr_line' id='line_1_1' title="bbox 128 95 825 134; baseline -0.004 -8"><span class='ocrx_word' id='word_1_1' title='bbox 128 102 170 134; x_wconf 61' lang='lat' dir='ltr'>cu.</span> <span class='ocrx_word' id='word_1_2' title='bbox 635 95 825 124; x_wconf 62' lang='lat' dir='ltr'>Alezmos</span> 
     </span>
    </p>

    <p class='ocr_par' dir='ltr' id='par_1_2' title="bbox 130 150 1110 203">
     <span class='ocr_line' id='line_1_2' title="bbox 130 150 1110 203; baseline -0.006 -11"><span class='ocrx_word' id='word_1_3' title='bbox 130 156 330 203; x_wconf 74' lang='lat' dir='ltr'>Moiirique</span> <span class='ocrx_word' id='word_1_4' title='bbox 347 164 488 197; x_wconf 82' lang='lat' dir='ltr'>arcem,</span> <span class='ocrx_word' id='word_1_5' title='bbox 507 159 544 187; x_wconf 86' lang='lat' dir='ltr'>et</span> <span class='ocrx_word' id='word_1_6' title='bbox 563 150 735 188; x_wconf 82' lang='lat' dir='ltr'>manibus</span> <span class='ocrx_word' id='word_1_7' title='bbox 756 150 981 187; x_wconf 72' lang='lat' dir='ltr'>subvolvere</span> <span class='ocrx_word' id='word_1_8' title='bbox 1002 164 1110 198; x_wconf 70' lang='lat' dir='ltr'>saxa3</span> 
     </span>
    </p>

    <p class='ocr_par' dir='ltr' id='par_1_3' title="bbox 126 211 1324 323">
     <span class='ocr_line' id='line_1_3' title="bbox 128 211 1324 264; baseline -0.008 -10"><span class='ocrx_word' id='word_1_9' title='bbox 128 220 217 254; x_wconf 79' lang='lat' dir='ltr'>Pars</span> <span class='ocrx_word' id='word_1_10' title='bbox 235 225 366 264; x_wconf 77' lang='lat' dir='ltr'>optare</span> <span class='ocrx_word' id='word_1_11' title='bbox 387 213 510 249; x_wconf 84' lang='lat' dir='ltr'>locum</span> <span class='ocrx_word' id='word_1_12' title='bbox 531 220 648 258; x_wconf 82' lang='lat' dir='ltr'>tecto,</span> <span class='ocrx_word' id='word_1_13' title='bbox 670 220 706 249; x_wconf 85' lang='lat' dir='ltr'>et</span> <span class='ocrx_word' id='word_1_14' title='bbox 723 211 950 248; x_wconf 80' lang='lat' dir='ltr'>concludere</span> <span class='ocrx_word' id='word_1_15' title='bbox 970 213 1085 248; x_wconf 75' lang='lat' dir='ltr'>sulco.</span> <span class='ocrx_word' id='word_1_16' title='bbox 1275 221 1324 251; x_wconf 63' lang='lat'>425</span> 
     </span>
     <span class='ocr_line' id='line_1_4' title="bbox 126 271 1218 323; baseline -0.006 -10"><span class='ocrx_word' id='word_1_17' title='bbox 126 279 234 313; x_wconf 75' lang='lat' dir='ltr'>&#39;jura</span> <span class='ocrx_word' id='word_1_18' title='bbox 252 273 563 323; x_wconf 73' lang='lat' dir='ltr'>magistratusque</span> <span class='ocrx_word' id='word_1_19' title='bbox 584 272 729 322; x_wconf 79' lang='lat' dir='ltr'>legunt,</span> <span class='ocrx_word' id='word_1_20' title='bbox 749 281 994 322; x_wconf 82' lang='lat' dir='ltr'>sanctumque</span> <span class='ocrx_word' id='word_1_21' title='bbox 1015 271 1218 309; x_wconf 52' lang='lat' dir='ltr'>senatuum*</span> 
     </span>
    </p>

    <p class='ocr_par' dir='ltr' id='par_1_4' title="bbox 128 331 1010 385">
     <span class='ocr_line' id='line_1_5' title="bbox 128 331 1010 385; baseline -0.006 -11"><span class='ocrx_word' id='word_1_22' title='bbox 128 338 200 374; x_wconf 75' lang='lat' dir='ltr'>llic</span> <span class='ocrx_word' id='word_1_23' title='bbox 220 344 351 385; x_wconf 80' lang='lat' dir='ltr'>portus</span> <span class='ocrx_word' id='word_1_24' title='bbox 373 333 436 370; x_wconf 86' lang='lat' dir='ltr'>alii</span> <span class='ocrx_word' id='word_1_25' title='bbox 454 332 663 379; x_wconf 79' lang='lat' dir='ltr'>efsodiunt3</span> <span class='ocrx_word' id='word_1_26' title='bbox 686 332 747 369; x_wconf 92' lang='lat' dir='ltr'>hic</span> <span class='ocrx_word' id='word_1_27' title='bbox 763 332 836 369; x_wconf 82' lang='lat' dir='ltr'>alta</span> <span class='ocrx_word' id='word_1_28' title='bbox 855 331 1010 369; x_wconf 78' lang='lat' dir='ltr'>tiu-atris</span> 
     </span>
    </p>

    <p class='ocr_par' dir='ltr' id='par_1_5' title="bbox 126 393 1106 443">
     <span class='ocr_line' id='line_1_6' title="bbox 126 393 1106 443; baseline -0.004 -10"><span class='ocrx_word' id='word_1_29' title='bbox 126 396 382 434; x_wconf 80' lang='lat' dir='ltr'>Fundamenta</span> <span class='ocrx_word' id='word_1_30' title='bbox 403 394 526 430; x_wconf 83' lang='lat' dir='ltr'>locant</span> <span class='ocrx_word' id='word_1_31' title='bbox 546 393 626 439; x_wconf 87' lang='lat' dir='ltr'>alii,</span> <span class='ocrx_word' id='word_1_32' title='bbox 648 393 894 443; x_wconf 84' lang='lat' dir='ltr'>immanisque</span> <span class='ocrx_word' id='word_1_33' title='bbox 915 394 1106 430; x_wconf 71' lang='lat' dir='ltr'>columnas·</span> 
     </span>
    </p>

    <p class='ocr_par' dir='ltr' id='par_1_6' title="bbox 123 443 1066 504">
     <span class='ocr_line' id='line_1_7' title="bbox 123 443 1066 504; baseline -0.004 -12"><span class='ocrx_word' id='word_1_34' title='bbox 123 455 296 504; x_wconf 82' lang='lat' dir='ltr'><strong>Rupibus</strong></span> <span class='ocrx_word' id='word_1_35' title='bbox 312 443 515 500; x_wconf 67' lang='lat' dir='ltr'>excidunt,</span> <span class='ocrx_word' id='word_1_36' title='bbox 531 452 650 490; x_wconf 86' lang='lat' dir='ltr'>scenis</span> <span class='ocrx_word' id='word_1_37' title='bbox 667 452 806 489; x_wconf 84' lang='lat' dir='ltr'>decora</span> <span class='ocrx_word' id='word_1_38' title='bbox 823 453 896 489; x_wconf 84' lang='lat' dir='ltr'>alta</span> <span class='ocrx_word' id='word_1_39' title='bbox 917 453 1066 490; x_wconf 85' lang='lat' dir='ltr'>suturis.</span> 
     </span>
    </p>

    <p class='ocr_par' dir='ltr' id='par_1_7' title="bbox 127 513 1326 564">
     <span class='ocr_line' id='line_1_8' title="bbox 127 513 1326 564; baseline -0.007 -12"><span class='ocrx_word' id='word_1_40' title='bbox 127 516 256 562; x_wconf 85' lang='lat' dir='ltr'>Qualis</span> <span class='ocrx_word' id='word_1_41' title='bbox 278 528 366 564; x_wconf 85' lang='lat' dir='ltr'>apes</span> <span class='ocrx_word' id='word_1_42' title='bbox 386 522 513 552; x_wconf 87' lang='lat' dir='ltr'>aestate</span> <span class='ocrx_word' id='word_1_43' title='bbox 534 526 632 550; x_wconf 76' lang='lat' dir='ltr'>nova</span> <span class='ocrx_word' id='word_1_44' title='bbox 649 526 717 564; x_wconf 87' lang='lat' dir='ltr'>per</span> <span class='ocrx_word' id='word_1_45' title='bbox 738 513 854 549; x_wconf 78' lang='lat' dir='ltr'>florea</span> <span class='ocrx_word' id='word_1_46' title='bbox 871 526 960 549; x_wconf 87' lang='lat' dir='ltr'>rura</span> <span class='ocrx_word' id='word_1_47' title='bbox 1279 523 1326 550; x_wconf 55' lang='grc' dir='ltr'>,μη</span> 
     </span>
    </p>
   </div>
   <div class='ocr_carea' id='block_1_2' title="bbox 122 659 705 2258">
    <p class='ocr_par' dir='ltr' id='par_1_8' title="bbox 122 659 699 932">
     <span class='ocr_line' id='line_1_9' title="bbox 124 659 695 701; baseline -0.002 -11"><span class='ocrx_word' id='word_1_48' title='bbox 124 663 180 696; x_wconf 86' lang='grc' dir='ltr'><strong>ΙΙΙ,</strong></span> <span class='ocrx_word' id='word_1_49' title='bbox 200 671 259 701; x_wconf 88' lang='lat'>109</span> <span class='ocrx_word' id='word_1_50' title='bbox 272 683 279 697; x_wconf 91' lang='lat'>‚</span> <span class='ocrx_word' id='word_1_51' title='bbox 293 660 325 691; x_wconf 89' lang='lat' dir='ltr'>h.</span> <span class='ocrx_word' id='word_1_52' title='bbox 341 659 361 690; x_wconf 84' lang='grc' dir='ltr'>Ι.</span> <span class='ocrx_word' id='word_1_53' title='bbox 380 666 425 689; x_wconf 83' lang='lat' dir='ltr'>est</span> <span class='ocrx_word' id='word_1_54' title='bbox 438 659 562 700; x_wconf 80' lang='lat' dir='ltr'>eligere.</span> <span class='ocrx_word' id='word_1_55' title='bbox 579 670 608 689; x_wconf 86' lang='grc' dir='ltr'>ν.</span> <span class='ocrx_word' id='word_1_56' title='bbox 622 660 695 689; x_wconf 86' lang='lat' dir='ltr'>Cer-</span> 
     </span>
     <span class='ocr_line' id='line_1_10' title="bbox 122 705 694 741; baseline -0.005 -4"><span class='ocrx_word' id='word_1_57' title='bbox 122 708 193 737; x_wconf 82' lang='lat' dir='ltr'>dam</span> <span class='ocrx_word' id='word_1_58' title='bbox 206 714 236 737; x_wconf 84' lang='lat' dir='ltr'>et</span> <span class='ocrx_word' id='word_1_59' title='bbox 252 707 290 736; x_wconf 86' lang='lat' dir='ltr'>al.</span> <span class='ocrx_word' id='word_1_60' title='bbox 308 706 503 736; x_wconf 78' lang='lat' dir='ltr'>Concludere</span> <span class='ocrx_word' id='word_1_61' title='bbox 517 705 619 741; x_wconf 80' lang='lat' dir='ltr'>sulco,</span> <span class='ocrx_word' id='word_1_62' title='bbox 635 706 694 735; x_wconf 89' lang='lat' dir='ltr'>fos-</span> 
     </span>
     <span class='ocr_line' id='line_1_11' title="bbox 124 750 695 789; baseline -0.005 -6"><span class='ocrx_word' id='word_1_63' title='bbox 124 764 188 783; x_wconf 90' lang='lat' dir='ltr'>sam</span> <span class='ocrx_word' id='word_1_64' title='bbox 202 752 334 789; x_wconf 84' lang='lat' dir='ltr'>ducere,</span> <span class='ocrx_word' id='word_1_65' title='bbox 362 750 495 781; x_wconf 84' lang='lat' dir='ltr'>definire</span> <span class='ocrx_word' id='word_1_66' title='bbox 525 751 640 781; x_wconf 74' lang='lat' dir='ltr'>:edium</span> <span class='ocrx_word' id='word_1_67' title='bbox 658 753 695 781; x_wconf 84' lang='lat' dir='ltr'>si-</span> 
     </span>
     <span class='ocr_line' id='line_1_12' title="bbox 125 798 698 837; baseline -0.003 -8"><span class='ocrx_word' id='word_1_68' title='bbox 125 807 193 829; x_wconf 89' lang='lat' dir='ltr'>tum</span> <span class='ocrx_word' id='word_1_69' title='bbox 207 809 240 828; x_wconf 90' lang='lat' dir='ltr'>ac</span> <span class='ocrx_word' id='word_1_70' title='bbox 249 799 357 828; x_wconf 88' lang='lat' dir='ltr'>locum</span> <span class='ocrx_word' id='word_1_71' title='bbox 368 799 447 828; x_wconf 80' lang='lat' dir='ltr'>fossa</span> <span class='ocrx_word' id='word_1_72' title='bbox 460 798 550 833; x_wconf 78' lang='lat' dir='ltr'>facta,</span> <span class='ocrx_word' id='word_1_73' title='bbox 561 799 593 827; x_wconf 90' lang='lat' dir='ltr'>in</span> <span class='ocrx_word' id='word_1_74' title='bbox 604 808 698 837; x_wconf 77' lang='lat' dir='ltr'>quem</span> 
     </span>
     <span class='ocr_line' id='line_1_13' title="bbox 128 845 699 875; baseline -0.005 0"><span class='ocrx_word' id='word_1_75' title='bbox 128 845 370 875; x_wconf 78' lang='lat' dir='ltr'>fundamentum</span> <span class='ocrx_word' id='word_1_76' title='bbox 415 845 604 873; x_wconf 78' lang='lat' dir='ltr'>immittatur</span> <span class='ocrx_word' id='word_1_77' title='bbox 644 854 699 873; x_wconf 84' lang='lat' dir='ltr'>seu</span> 
     </span>
     <span class='ocr_line' id='line_1_14' title="bbox 131 889 698 932; baseline -0.002 -11"><span class='ocrx_word' id='word_1_78' title='bbox 131 891 271 932; x_wconf 86' lang='lat' dir='ltr'>crepido.</span> <span class='ocrx_word' id='word_1_79' title='bbox 283 891 366 920; x_wconf 80' lang='lat' dir='ltr'>Male</span> <span class='ocrx_word' id='word_1_80' title='bbox 380 889 418 919; x_wconf 91' lang='lat' dir='ltr'>de</span> <span class='ocrx_word' id='word_1_81' title='bbox 433 897 534 919; x_wconf 81' lang='lat' dir='ltr'>aratro</span> <span class='ocrx_word' id='word_1_82' title='bbox 549 891 698 930; x_wconf 84' lang='lat' dir='ltr'>cogitant.</span> 
     </span>
    </p>

    <p class='ocr_par' dir='ltr' id='par_1_9' title="bbox 123 935 705 2258">
     <span class='ocr_line' id='line_1_15' title="bbox 174 935 700 973; baseline -0.004 -6"><span class='ocrx_word' id='word_1_83' title='bbox 174 938 251 973; x_wconf 75' lang='lat'>426.</span> <span class='ocrx_word' id='word_1_84' title='bbox 267 939 385 967; x_wconf 81' lang='lat' dir='ltr'>Versus</span> <span class='ocrx_word' id='word_1_85' title='bbox 398 947 414 965; x_wconf 85' lang='lat' dir='ltr'>a</span> <span class='ocrx_word' id='word_1_86' title='bbox 424 936 494 966; x_wconf 91' lang='lat' dir='ltr'>loco</span> <span class='ocrx_word' id='word_1_87' title='bbox 509 936 629 966; x_wconf 83' lang='lat' dir='ltr'>alienus</span> <span class='ocrx_word' id='word_1_88' title='bbox 643 945 650 966; x_wconf 88' lang='lat'>:</span> <span class='ocrx_word' id='word_1_89' title='bbox 662 935 700 965; x_wconf 78' lang='lat' dir='ltr'>de</span> 
     </span>
     <span class='ocr_line' id='line_1_16' title="bbox 130 981 702 1024; baseline -0.005 -11"><span class='ocrx_word' id='word_1_90' title='bbox 130 994 195 1024; x_wconf 89' lang='lat' dir='ltr'>quo</span> <span class='ocrx_word' id='word_1_91' title='bbox 217 982 364 1013; x_wconf 90' lang='lat' dir='ltr'>secundis</span> <span class='ocrx_word' id='word_1_92' title='bbox 389 983 473 1011; x_wconf 90' lang='lat' dir='ltr'>curis</span> <span class='ocrx_word' id='word_1_93' title='bbox 499 981 702 1011; x_wconf 87' lang='lat' dir='ltr'>statuendum</span> 
     </span>
     <span class='ocr_line' id='line_1_17' title="bbox 128 1026 701 1060; baseline -0.003 -1"><span class='ocrx_word' id='word_1_94' title='bbox 128 1030 235 1060; x_wconf 83' lang='lat' dir='ltr'>fuisset</span> <span class='ocrx_word' id='word_1_95' title='bbox 245 1040 261 1058; x_wconf 84' lang='lat' dir='ltr'>a</span> <span class='ocrx_word' id='word_1_96' title='bbox 270 1030 413 1059; x_wconf 82' lang='lat' dir='ltr'>Marone.</span> <span class='ocrx_word' id='word_1_97' title='bbox 426 1029 493 1058; x_wconf 84' lang='lat' dir='ltr'>Nisi</span> <span class='ocrx_word' id='word_1_98' title='bbox 503 1026 658 1058; x_wconf 83' lang='lat' dir='ltr'>confictus</span> <span class='ocrx_word' id='word_1_99' title='bbox 667 1028 701 1057; x_wconf 81' lang='lat' dir='ltr'>il-</span> 
     </span>
     <span class='ocr_line' id='line_1_18' title="bbox 126 1074 702 1112; baseline -0.003 -7"><span class='ocrx_word' id='word_1_100' title='bbox 126 1076 156 1105; x_wconf 84' lang='lat' dir='ltr'>le</span> <span class='ocrx_word' id='word_1_101' title='bbox 164 1075 289 1106; x_wconf 84' lang='lat' dir='ltr'>fuitalia</span> <span class='ocrx_word' id='word_1_102' title='bbox 299 1085 406 1110; x_wconf 82' lang='lat' dir='ltr'>manu,</span> <span class='ocrx_word' id='word_1_103' title='bbox 418 1085 458 1103; x_wconf 83' lang='lat' dir='ltr'>ex</span> <span class='ocrx_word' id='word_1_104' title='bbox 467 1074 606 1112; x_wconf 85' lang='lat' dir='ltr'>507,ubi</span> <span class='ocrx_word' id='word_1_105' title='bbox 616 1074 702 1104; x_wconf 89' lang='lat' dir='ltr'>Dido</span> 
     </span>
     <span class='ocr_line' id='line_1_19' title="bbox 127 1119 702 1161; baseline -0.002 -11"><span class='ocrx_word' id='word_1_106' title='bbox 127 1123 207 1151; x_wconf 79' lang='lat' dir='ltr'>Iura</span> <span class='ocrx_word' id='word_1_107' title='bbox 232 1121 332 1150; x_wconf 80' lang='lat' dir='ltr'>dabat</span> <span class='ocrx_word' id='word_1_108' title='bbox 343 1121 491 1161; x_wconf 80' lang='lat' dir='ltr'>legesque</span> <span class='ocrx_word' id='word_1_109' title='bbox 503 1119 599 1157; x_wconf 73' lang='lat' dir='ltr'>viris,</span> <span class='ocrx_word' id='word_1_110' title='bbox 617 1126 648 1149; x_wconf 88' lang='lat' dir='ltr'>et</span> <span class='ocrx_word' id='word_1_111' title='bbox 662 1130 702 1150; x_wconf 80' lang='lat' dir='ltr'>ex</span> 
     </span>
     <span class='ocr_line' id='line_1_20' title="bbox 130 1165 705 1207; baseline -0.003 -10"><span class='ocrx_word' id='word_1_112' title='bbox 130 1170 201 1197; x_wconf 85' lang='lat' dir='ltr'>AEn.</span> <span class='ocrx_word' id='word_1_113' title='bbox 210 1169 252 1204; x_wconf 86' lang='lat' dir='ltr'>V,</span> <span class='ocrx_word' id='word_1_114' title='bbox 271 1167 334 1205; x_wconf 85' lang='lat'>758</span> <span class='ocrx_word' id='word_1_115' title='bbox 356 1165 654 1207; x_wconf 77' lang='lat' dir='ltr'>Indicitqnesbrum</span> <span class='ocrx_word' id='word_1_116' title='bbox 673 1173 705 1195; x_wconf 79' lang='lat' dir='ltr'>et</span> 
     </span>
     <span class='ocr_line' id='line_1_21' title="bbox 124 1211 704 1254; baseline -0.002 -12"><span class='ocrx_word' id='word_1_117' title='bbox 124 1213 270 1254; x_wconf 75' lang='lat' dir='ltr'>patribus</span> <span class='ocrx_word' id='word_1_118' title='bbox 285 1212 424 1253; x_wconf 77' lang='lat' dir='ltr'>datjura</span> <span class='ocrx_word' id='word_1_119' title='bbox 436 1211 572 1242; x_wconf 77' lang='lat' dir='ltr'>vocatis.</span> <span class='ocrx_word' id='word_1_120' title='bbox 588 1229 635 1235; x_wconf 88' lang='lat'>—</span> <span class='ocrx_word' id='word_1_121' title='bbox 650 1214 704 1241; x_wconf 79' lang='lat' dir='ltr'>Ju-</span> 
     </span>
     <span class='ocr_line' id='line_1_22' title="bbox 132 1258 699 1297; baseline -0.004 -8"><span class='ocrx_word' id='word_1_122' title='bbox 132 1270 170 1289; x_wconf 84' lang='lat' dir='ltr'>ra</span> <span class='ocrx_word' id='word_1_123' title='bbox 199 1266 274 1288; x_wconf 88' lang='lat' dir='ltr'>sunt</span> <span class='ocrx_word' id='word_1_124' title='bbox 299 1259 419 1297; x_wconf 81' lang='lat' dir='ltr'>judicia</span> <span class='ocrx_word' id='word_1_125' title='bbox 431 1281 439 1295; x_wconf 90' lang='lat'><strong><em>‚</em></strong></span> <span class='ocrx_word' id='word_1_126' title='bbox 468 1269 528 1288; x_wconf 88' lang='lat' dir='ltr'>usu</span> <span class='ocrx_word' id='word_1_127' title='bbox 544 1258 699 1295; x_wconf 86' lang='lat' dir='ltr'>sollenni,</span> 
     </span>
     <span class='ocr_line' id='line_1_23' title="bbox 131 1304 702 1345; baseline -0.004 -10"><span class='ocrx_word' id='word_1_128' title='bbox 131 1304 273 1345; x_wconf 82' lang='lat' dir='ltr'>adeoque</span> <span class='ocrx_word' id='word_1_129' title='bbox 300 1305 332 1335; x_wconf 91' lang='lat' dir='ltr'>h.</span> <span class='ocrx_word' id='word_1_130' title='bbox 359 1304 379 1334; x_wconf 91' lang='lat' dir='ltr'>l.</span> <span class='ocrx_word' id='word_1_131' title='bbox 406 1305 467 1344; x_wconf 86' lang='lat' dir='ltr'>ipsi</span> <span class='ocrx_word' id='word_1_132' title='bbox 489 1304 620 1342; x_wconf 83' lang='lat' dir='ltr'>judices.</span> <span class='ocrx_word' id='word_1_133' title='bbox 640 1306 702 1334; x_wconf 87' lang='lat' dir='ltr'>Ha-</span> 
     </span>
     <span class='ocr_line' id='line_1_24' title="bbox 130 1349 703 1391; baseline -0.003 -10"><span class='ocrx_word' id='word_1_134' title='bbox 130 1351 247 1381; x_wconf 85' lang='lat' dir='ltr'>bentur</span> <span class='ocrx_word' id='word_1_135' title='bbox 269 1351 366 1391; x_wconf 83' lang='lat' dir='ltr'>igitur</span> <span class='ocrx_word' id='word_1_136' title='bbox 392 1349 524 1380; x_wconf 78' lang='lat' dir='ltr'>comicia</span> <span class='ocrx_word' id='word_1_137' title='bbox 554 1349 703 1380; x_wconf 74' lang='lat' dir='ltr'>creandis</span> 
     </span>
     <span class='ocr_line' id='line_1_25' title="bbox 123 1395 701 1438; baseline -0.002 -12"><span class='ocrx_word' id='word_1_138' title='bbox 123 1395 298 1438; x_wconf 82' lang='lat' dir='ltr'>judicibus,</span> <span class='ocrx_word' id='word_1_139' title='bbox 319 1395 554 1436; x_wconf 76' lang='lat' dir='ltr'>magistratibus</span> <span class='ocrx_word' id='word_1_140' title='bbox 567 1403 599 1426; x_wconf 87' lang='lat' dir='ltr'>ec</span> <span class='ocrx_word' id='word_1_141' title='bbox 610 1406 701 1426; x_wconf 80' lang='lat' dir='ltr'>sena-</span> 
     </span>
     <span class='ocr_line' id='line_1_26' title="bbox 130 1437 700 1482; baseline 0.004 -12"><span class='ocrx_word' id='word_1_142' title='bbox 130 1437 255 1471; x_wconf 63' lang='lat' dir='ltr'>toribus.</span> <span class='ocrx_word' id='word_1_143' title='bbox 270 1443 317 1470; x_wconf 88' lang='lat' dir='ltr'>Ita</span> <span class='ocrx_word' id='word_1_144' title='bbox 335 1439 482 1481; x_wconf 84' lang='lat' dir='ltr'>equidem</span> <span class='ocrx_word' id='word_1_145' title='bbox 498 1441 700 1482; x_wconf 88' lang='lat' dir='ltr'>interpretor.</span> 
     </span>
     <span class='ocr_line' id='line_1_27' title="bbox 131 1487 702 1528; baseline -0.002 -10"><span class='ocrx_word' id='word_1_146' title='bbox 131 1489 210 1519; x_wconf 89' lang='lat' dir='ltr'>Nam</span> <span class='ocrx_word' id='word_1_147' title='bbox 237 1488 264 1516; x_wconf 87' lang='lat' dir='ltr'>si</span> <span class='ocrx_word' id='word_1_148' title='bbox 285 1487 364 1528; x_wconf 75' lang='lat' dir='ltr'>jura</span> <span class='ocrx_word' id='word_1_149' title='bbox 391 1487 461 1517; x_wconf 88' lang='lat' dir='ltr'>loca</span> <span class='ocrx_word' id='word_1_150' title='bbox 483 1488 562 1523; x_wconf 86' lang='lat' dir='ltr'>sint,</span> <span class='ocrx_word' id='word_1_151' title='bbox 578 1487 635 1517; x_wconf 87' lang='lat' dir='ltr'>ubi</span> <span class='ocrx_word' id='word_1_152' title='bbox 651 1489 702 1526; x_wconf 85' lang='lat' dir='ltr'>jus</span> 
     </span>
     <span class='ocr_line' id='line_1_28' title="bbox 131 1533 702 1574; baseline -0.004 -10"><span class='ocrx_word' id='word_1_153' title='bbox 131 1533 247 1564; x_wconf 87' lang='lat' dir='ltr'>dicitur</span> <span class='ocrx_word' id='word_1_154' title='bbox 257 1556 265 1570; x_wconf 89' lang='lat'>‚</span> <span class='ocrx_word' id='word_1_155' title='bbox 282 1533 400 1562; x_wconf 89' lang='lat' dir='ltr'>durum</span> <span class='ocrx_word' id='word_1_156' title='bbox 413 1535 456 1564; x_wconf 90' lang='lat' dir='ltr'>sic</span> <span class='ocrx_word' id='word_1_157' title='bbox 467 1556 475 1570; x_wconf 88' lang='lat'>‚</span> <span class='ocrx_word' id='word_1_158' title='bbox 489 1533 595 1574; x_wconf 74' lang='lat' dir='ltr'>legere</span> <span class='ocrx_word' id='word_1_159' title='bbox 602 1533 679 1574; x_wconf 83' lang='lat' dir='ltr'>jura</span> <span class='ocrx_word' id='word_1_160' title='bbox 689 1546 702 1569; x_wconf 83' lang='lat'>‚-</span> 
     </span>
     <span class='ocr_line' id='line_1_29' title="bbox 130 1579 703 1620; baseline -0.002 -10"><span class='ocrx_word' id='word_1_161' title='bbox 130 1587 161 1610; x_wconf 88' lang='lat' dir='ltr'>et</span> <span class='ocrx_word' id='word_1_162' title='bbox 173 1579 251 1620; x_wconf 89' lang='lat' dir='ltr'>quid</span> <span class='ocrx_word' id='word_1_163' title='bbox 262 1586 330 1608; x_wconf 91' lang='lat' dir='ltr'>tum</span> <span class='ocrx_word' id='word_1_164' title='bbox 341 1602 349 1615; x_wconf 93' lang='lat'>‚</span> <span class='ocrx_word' id='word_1_165' title='bbox 360 1579 466 1619; x_wconf 76' lang='lat' dir='ltr'>legere</span> <span class='ocrx_word' id='word_1_166' title='bbox 479 1579 703 1620; x_wconf 69' lang='lat' dir='ltr'>magistratus?</span> 
     </span>
     <span class='ocr_line' id='line_1_30' title="bbox 130 1625 703 1656; baseline 0.002 -1"><span class='ocrx_word' id='word_1_167' title='bbox 130 1633 276 1655; x_wconf 79' lang='lat' dir='ltr'>senatum</span> <span class='ocrx_word' id='word_1_168' title='bbox 286 1629 304 1654; x_wconf 70' lang='lat'>.³</span> <span class='ocrx_word' id='word_1_169' title='bbox 329 1625 500 1656; x_wconf 86' lang='lat' dir='ltr'>Debebunt</span> <span class='ocrx_word' id='word_1_170' title='bbox 524 1626 645 1655; x_wconf 83' lang='lat' dir='ltr'>seilicet</span> <span class='ocrx_word' id='word_1_171' title='bbox 672 1632 703 1656; x_wconf 89' lang='lat' dir='ltr'>et</span> 
     </span>
     <span class='ocr_line' id='line_1_31' title="bbox 128 1671 700 1713; baseline 0.002 -12"><span class='ocrx_word' id='word_1_172' title='bbox 128 1671 163 1701; x_wconf 81' lang='lat' dir='ltr'>hi</span> <span class='ocrx_word' id='word_1_173' title='bbox 186 1681 245 1712; x_wconf 86' lang='lat' dir='ltr'>pro</span> <span class='ocrx_word' id='word_1_174' title='bbox 268 1671 361 1702; x_wconf 80' lang='lat' dir='ltr'>curiis</span> <span class='ocrx_word' id='word_1_175' title='bbox 381 1673 477 1711; x_wconf 87' lang='lat' dir='ltr'>positi</span> <span class='ocrx_word' id='word_1_176' title='bbox 496 1672 646 1713; x_wconf 83' lang='lat' dir='ltr'>intelligi,</span> <span class='ocrx_word' id='word_1_177' title='bbox 668 1672 700 1702; x_wconf 87' lang='lat' dir='ltr'>h.</span> 
     </span>
     <span class='ocr_line' id='line_1_32' title="bbox 130 1717 700 1758; baseline 0 -11"><span class='ocrx_word' id='word_1_178' title='bbox 130 1728 157 1748; x_wconf 85' lang='lat' dir='ltr'>e.</span> <span class='ocrx_word' id='word_1_179' title='bbox 172 1728 231 1758; x_wconf 88' lang='lat' dir='ltr'>pro</span> <span class='ocrx_word' id='word_1_180' title='bbox 254 1717 330 1747; x_wconf 90' lang='lat' dir='ltr'>locis</span> <span class='ocrx_word' id='word_1_181' title='bbox 355 1718 411 1748; x_wconf 89' lang='lat' dir='ltr'>ubi</span> <span class='ocrx_word' id='word_1_182' title='bbox 430 1718 477 1747; x_wconf 88' lang='lat' dir='ltr'>illi</span> <span class='ocrx_word' id='word_1_183' title='bbox 499 1718 700 1748; x_wconf 85' lang='lat' dir='ltr'>conveniant.</span> 
     </span>
     <span class='ocr_line' id='line_1_33' title="bbox 130 1763 701 1805; baseline 0.002 -13"><span class='ocrx_word' id='word_1_184' title='bbox 130 1765 332 1793; x_wconf 84' lang='lat' dir='ltr'>Burmannus</span> <span class='ocrx_word' id='word_1_185' title='bbox 341 1764 418 1804; x_wconf 82' lang='lat' dir='ltr'>jura</span> <span class='ocrx_word' id='word_1_186' title='bbox 435 1763 701 1805; x_wconf 74' lang='lat' dir='ltr'>magistratusque</span> 
     </span>
     <span class='ocr_line' id='line_1_34' title="bbox 129 1809 703 1850; baseline 0.002 -12"><span class='ocrx_word' id='word_1_187' title='bbox 129 1811 326 1850; x_wconf 80' lang='lat' dir='ltr'>magistratus</span> <span class='ocrx_word' id='word_1_188' title='bbox 341 1809 493 1847; x_wconf 79' lang='lat' dir='ltr'>juridicos</span> <span class='ocrx_word' id='word_1_189' title='bbox 504 1832 512 1847; x_wconf 89' lang='lat'>‚</span> <span class='ocrx_word' id='word_1_190' title='bbox 526 1811 582 1850; x_wconf 87' lang='lat' dir='ltr'>qui</span> <span class='ocrx_word' id='word_1_191' title='bbox 592 1812 643 1848; x_wconf 90' lang='lat' dir='ltr'>jus</span> <span class='ocrx_word' id='word_1_192' title='bbox 659 1811 703 1840; x_wconf 87' lang='lat' dir='ltr'>di-</span> 
     </span>
     <span class='ocr_line' id='line_1_35' title="bbox 130 1855 702 1897; baseline 0.003 -13"><span class='ocrx_word' id='word_1_193' title='bbox 130 1863 220 1892; x_wconf 83' lang='lat' dir='ltr'>cant,</span> <span class='ocrx_word' id='word_1_194' title='bbox 236 1855 383 1896; x_wconf 78' lang='lat' dir='ltr'>explicat.</span> <span class='ocrx_word' id='word_1_195' title='bbox 410 1855 471 1887; x_wconf 87' lang='lat' dir='ltr'>Sed</span> <span class='ocrx_word' id='word_1_196' title='bbox 496 1857 702 1897; x_wconf 85' lang='lat' dir='ltr'>cogitandum</span> 
     </span>
     <span class='ocr_line' id='line_1_36' title="bbox 130 1902 703 1943; baseline 0.003 -13"><span class='ocrx_word' id='word_1_197' title='bbox 130 1908 194 1930; x_wconf 84' lang='lat' dir='ltr'>erat</span> <span class='ocrx_word' id='word_1_198' title='bbox 205 1924 213 1937; x_wconf 91' lang='lat'>‚</span> <span class='ocrx_word' id='word_1_199' title='bbox 228 1903 358 1931; x_wconf 80' lang='lat' dir='ltr'>AEneam</span> <span class='ocrx_word' id='word_1_200' title='bbox 384 1902 422 1932; x_wconf 87' lang='lat' dir='ltr'>de</span> <span class='ocrx_word' id='word_1_201' title='bbox 449 1909 558 1932; x_wconf 88' lang='lat' dir='ltr'>monte</span> <span class='ocrx_word' id='word_1_202' title='bbox 582 1904 703 1943; x_wconf 87' lang='lat' dir='ltr'>prospi-</span> 
     </span>
     <span class='ocr_line' id='line_1_37' title="bbox 130 1948 702 1989; baseline 0.005 -13"><span class='ocrx_word' id='word_1_203' title='bbox 130 1948 264 1976; x_wconf 86' lang='lat' dir='ltr'>cientem</span> <span class='ocrx_word' id='word_1_204' title='bbox 290 1958 324 1977; x_wconf 89' lang='lat' dir='ltr'>ea</span> <span class='ocrx_word' id='word_1_205' title='bbox 342 1949 464 1985; x_wconf 76' lang='lat' dir='ltr'>omnia,</span> <span class='ocrx_word' id='word_1_206' title='bbox 482 1959 552 1988; x_wconf 80' lang='lat' dir='ltr'>quae</span> <span class='ocrx_word' id='word_1_207' title='bbox 574 1948 626 1978; x_wconf 84' lang='lat' dir='ltr'>hic</span> <span class='ocrx_word' id='word_1_208' title='bbox 645 1960 702 1989; x_wconf 89' lang='lat' dir='ltr'>po-</span> 
     </span>
     <span class='ocr_line' id='line_1_38' title="bbox 133 1994 701 2035; baseline 0.005 -14"><span class='ocrx_word' id='word_1_209' title='bbox 133 2000 269 2029; x_wconf 86' lang='lat' dir='ltr'>nuntur,</span> <span class='ocrx_word' id='word_1_210' title='bbox 293 1994 394 2023; x_wconf 85' lang='lat' dir='ltr'>oculis</span> <span class='ocrx_word' id='word_1_211' title='bbox 412 1995 477 2023; x_wconf 90' lang='lat' dir='ltr'>suis</span> <span class='ocrx_word' id='word_1_212' title='bbox 502 2004 701 2035; x_wconf 84' lang='lat' dir='ltr'>cognoscere.</span> 
     </span>
     <span class='ocr_line' id='line_1_39' title="bbox 134 2037 702 2081; baseline 0.007 -15"><span class='ocrx_word' id='word_1_213' title='bbox 134 2037 225 2067; x_wconf 89' lang='lat' dir='ltr'>Unde</span> <span class='ocrx_word' id='word_1_214' title='bbox 239 2039 335 2078; x_wconf 85' lang='lat' dir='ltr'>igitur</span> <span class='ocrx_word' id='word_1_215' title='bbox 351 2040 525 2081; x_wconf 68' lang='lat' dir='ltr'>intelligere</span> <span class='ocrx_word' id='word_1_216' title='bbox 543 2051 559 2070; x_wconf 92' lang='lat' dir='ltr'>e</span> <span class='ocrx_word' id='word_1_217' title='bbox 574 2040 702 2081; x_wconf 83' lang='lat' dir='ltr'>longin-</span> 
     </span>
     <span class='ocr_line' id='line_1_40' title="bbox 132 2086 700 2126; baseline 0.009 -15"><span class='ocrx_word' id='word_1_218' title='bbox 132 2093 197 2122; x_wconf 90' lang='lat' dir='ltr'>quo</span> <span class='ocrx_word' id='word_1_219' title='bbox 211 2091 351 2123; x_wconf 83' lang='lat' dir='ltr'>poterat,</span> <span class='ocrx_word' id='word_1_220' title='bbox 374 2087 573 2126; x_wconf 82' lang='lat' dir='ltr'>magistratus</span> <span class='ocrx_word' id='word_1_221' title='bbox 588 2086 700 2125; x_wconf 86' lang='lat' dir='ltr'>juridi-</span> 
     </span>
     <span class='ocr_line' id='line_1_41' title="bbox 133 2131 700 2169; baseline 0.009 -12"><span class='ocrx_word' id='word_1_222' title='bbox 133 2139 185 2157; x_wconf 84' lang='lat' dir='ltr'>cos</span> <span class='ocrx_word' id='word_1_223' title='bbox 208 2139 295 2158; x_wconf 89' lang='lat' dir='ltr'>nune</span> <span class='ocrx_word' id='word_1_224' title='bbox 313 2131 372 2169; x_wconf 79' lang='lat' dir='ltr'>legi</span> <span class='ocrx_word' id='word_1_225' title='bbox 384 2133 397 2160; x_wconf 74' lang='lat' dir='ltr'><em>P</em></span> <span class='ocrx_word' id='word_1_226' title='bbox 413 2134 444 2163; x_wconf 88' lang='lat' dir='ltr'>Si</span> <span class='ocrx_word' id='word_1_227' title='bbox 458 2143 584 2162; x_wconf 89' lang='lat' dir='ltr'>mecum</span> <span class='ocrx_word' id='word_1_228' title='bbox 598 2134 700 2162; x_wconf 91' lang='lat' dir='ltr'>omni-</span> 
     </span>
     <span class='ocr_line' id='line_1_42' title="bbox 132 2174 699 2218; baseline 0.011 -15"><span class='ocrx_word' id='word_1_229' title='bbox 132 2185 175 2204; x_wconf 86' lang='lat' dir='ltr'>no</span> <span class='ocrx_word' id='word_1_230' title='bbox 206 2174 243 2204; x_wconf 87' lang='lat' dir='ltr'>ad</span> <span class='ocrx_word' id='word_1_231' title='bbox 268 2177 398 2206; x_wconf 72' lang='lat' dir='ltr'>comitia</span> <span class='ocrx_word' id='word_1_232' title='bbox 412 2201 419 2214; x_wconf 92' lang='lat'>‚</span> <span class='ocrx_word' id='word_1_233' title='bbox 435 2189 507 2218; x_wconf 81' lang='lat' dir='ltr'>quae</span> <span class='ocrx_word' id='word_1_234' title='bbox 521 2179 680 2208; x_wconf 84' lang='lat' dir='ltr'>habentur</span> <span class='ocrx_word' id='word_1_235' title='bbox 691 2201 699 2215; x_wconf 90' lang='lat'>,</span> 
     </span>
     <span class='ocr_line' id='line_1_43' title="bbox 134 2220 701 2258; baseline 0.012 -10"><span class='ocrx_word' id='word_1_236' title='bbox 134 2220 262 2258; x_wconf 82' lang='lat' dir='ltr'>referas,</span> <span class='ocrx_word' id='word_1_237' title='bbox 279 2222 448 2253; x_wconf 81' lang='lat' dir='ltr'>tolerabilis</span> <span class='ocrx_word' id='word_1_238' title='bbox 467 2225 575 2255; x_wconf 86' lang='lat' dir='ltr'>saltem</span> <span class='ocrx_word' id='word_1_239' title='bbox 589 2232 635 2255; x_wconf 83' lang='lat' dir='ltr'>est</span> <span class='ocrx_word' id='word_1_240' title='bbox 655 2235 701 2254; x_wconf 80' lang='lat' dir='ltr'>ra-</span> 
     </span>
    </p>
   </div>
   <div class='ocr_carea' id='block_1_3' title="bbox 748 657 1328 791">
    <p class='ocr_par' dir='ltr' id='par_1_10' title="bbox 748 657 1328 791">
     <span class='ocr_line' id='line_1_44' title="bbox 749 657 1328 688; baseline 0 0"><span class='ocrx_word' id='word_1_241' title='bbox 749 659 805 688; x_wconf 85' lang='lat' dir='ltr'>tio.</span> <span class='ocrx_word' id='word_1_242' title='bbox 824 658 884 688; x_wconf 85' lang='lat' dir='ltr'>Sed</span> <span class='ocrx_word' id='word_1_243' title='bbox 900 658 949 688; x_wconf 89' lang='lat' dir='ltr'>vel</span> <span class='ocrx_word' id='word_1_244' title='bbox 971 659 1015 687; x_wconf 86' lang='lat' dir='ltr'>sic</span> <span class='ocrx_word' id='word_1_245' title='bbox 1036 657 1089 687; x_wconf 85' lang='lat' dir='ltr'>hic</span> <span class='ocrx_word' id='word_1_246' title='bbox 1120 668 1227 687; x_wconf 77' lang='lat' dir='ltr'>versus</span> <span class='ocrx_word' id='word_1_247' title='bbox 1245 660 1328 688; x_wconf 84' lang='lat' dir='ltr'>inter</span> 
     </span>
     <span class='ocr_line' id='line_1_45' title="bbox 749 704 1328 745; baseline -0.002 -10"><span class='ocrx_word' id='word_1_248' title='bbox 749 705 888 744; x_wconf 83' lang='lat' dir='ltr'>reliquos</span> <span class='ocrx_word' id='word_1_249' title='bbox 908 705 996 744; x_wconf 78' lang='lat' dir='ltr'>quasi</span> <span class='ocrx_word' id='word_1_250' title='bbox 1017 704 1189 745; x_wconf 73' lang='lat' dir='ltr'>alienigena</span> <span class='ocrx_word' id='word_1_251' title='bbox 1214 705 1328 744; x_wconf 78' lang='lat' dir='ltr'>aliquis</span> 
     </span>
     <span class='ocr_line' id='line_1_46' title="bbox 748 751 1328 791; baseline 0 -11"><span class='ocrx_word' id='word_1_252' title='bbox 748 751 887 787; x_wconf 77' lang='lat' dir='ltr'>habitat,</span> <span class='ocrx_word' id='word_1_253' title='bbox 925 751 1187 791; x_wconf 81' lang='lat' dir='ltr'>quandoquidem</span> <span class='ocrx_word' id='word_1_254' title='bbox 1223 761 1328 791; x_wconf 86' lang='lat' dir='ltr'>neque</span> 
     </span>
    </p>
   </div>
   <div class='ocr_carea' id='block_1_4' title="bbox 752 797 1331 2267">
    <p class='ocr_par' dir='ltr' id='par_1_11' title="bbox 752 797 1328 1022">
     <span class='ocr_line' id='line_1_47' title="bbox 752 797 1326 838; baseline 0.002 -13"><span class='ocrx_word' id='word_1_255' title='bbox 752 797 955 838; x_wconf 81' lang='lat' dir='ltr'>grammatico</span> <span class='ocrx_word' id='word_1_256' title='bbox 972 797 1078 837; x_wconf 77' lang='lat' dir='ltr'>aliquo</span> <span class='ocrx_word' id='word_1_257' title='bbox 1098 797 1227 826; x_wconf 85' lang='lat' dir='ltr'>vinculo</span> <span class='ocrx_word' id='word_1_258' title='bbox 1245 804 1326 827; x_wconf 89' lang='lat' dir='ltr'>cete-</span> 
     </span>
     <span class='ocr_line' id='line_1_48' title="bbox 754 843 1327 883; baseline 0 -11"><span class='ocrx_word' id='word_1_259' title='bbox 754 844 795 872; x_wconf 80' lang='lat' dir='ltr'>ris</span> <span class='ocrx_word' id='word_1_260' title='bbox 810 843 988 872; x_wconf 80' lang='lat' dir='ltr'>adnectitur</span> <span class='ocrx_word' id='word_1_261' title='bbox 998 866 1006 879; x_wconf 95' lang='lat'>‚</span> <span class='ocrx_word' id='word_1_262' title='bbox 1022 853 1079 873; x_wconf 88' lang='lat' dir='ltr'>nec</span> <span class='ocrx_word' id='word_1_263' title='bbox 1092 844 1245 881; x_wconf 74' lang='lat' dir='ltr'>sententia</span> <span class='ocrx_word' id='word_1_264' title='bbox 1260 844 1327 883; x_wconf 81' lang='lat' dir='ltr'>ipsa</span> 
     </span>
     <span class='ocr_line' id='line_1_49' title="bbox 754 889 1328 929; baseline 0 -11"><span class='ocrx_word' id='word_1_265' title='bbox 754 889 934 929; x_wconf 58' lang='lat' dir='ltr'>colligatum</span> <span class='ocrx_word' id='word_1_266' title='bbox 964 900 1035 918; x_wconf 88' lang='lat' dir='ltr'>nam</span> <span class='ocrx_word' id='word_1_267' title='bbox 1072 889 1191 929; x_wconf 83' lang='lat' dir='ltr'>reliqua</span> <span class='ocrx_word' id='word_1_268' title='bbox 1221 890 1328 918; x_wconf 85' lang='lat' dir='ltr'>omnia</span> 
     </span>
     <span class='ocr_line' id='line_1_50' title="bbox 754 934 1328 976; baseline -0.002 -11"><span class='ocrx_word' id='word_1_269' title='bbox 754 935 792 965; x_wconf 86' lang='lat' dir='ltr'>ad</span> <span class='ocrx_word' id='word_1_270' title='bbox 802 934 934 965; x_wconf 76' lang='lat' dir='ltr'>aedificia</span> <span class='ocrx_word' id='word_1_271' title='bbox 946 946 1038 973; x_wconf 84' lang='lat' dir='ltr'>nova,</span> <span class='ocrx_word' id='word_1_272' title='bbox 1049 945 1120 976; x_wconf 82' lang='lat' dir='ltr'>quae</span> <span class='ocrx_word' id='word_1_273' title='bbox 1136 936 1328 972; x_wconf 78' lang='lat' dir='ltr'>excitantur,</span> 
     </span>
     <span class='ocr_line' id='line_1_51' title="bbox 754 988 906 1022; baseline 0 -11"><span class='ocrx_word' id='word_1_274' title='bbox 754 988 906 1022; x_wconf 86' lang='lat' dir='ltr'>spectant.</span> 
     </span>
    </p>

    <p class='ocr_par' dir='ltr' id='par_1_12' title="bbox 754 1027 1331 2219">
     <span class='ocr_line' id='line_1_52' title="bbox 803 1027 1328 1066; baseline -0.002 -9"><span class='ocrx_word' id='word_1_275' title='bbox 803 1033 879 1066; x_wconf 73' lang='lat'>427.</span> <span class='ocrx_word' id='word_1_276' title='bbox 897 1027 981 1057; x_wconf 75' lang='lat' dir='ltr'>Hinc</span> <span class='ocrx_word' id='word_1_277' title='bbox 999 1038 1060 1058; x_wconf 87' lang='lat' dir='ltr'>sec.</span> <span class='ocrx_word' id='word_1_278' title='bbox 1083 1027 1198 1058; x_wconf 80' lang='lat' dir='ltr'>Hamb.</span> <span class='ocrx_word' id='word_1_279' title='bbox 1214 1029 1328 1057; x_wconf 83' lang='lat' dir='ltr'>Portas</span> 
     </span>
     <span class='ocr_line' id='line_1_53' title="bbox 754 1073 1326 1104; baseline -0.002 0"><span class='ocrx_word' id='word_1_280' title='bbox 754 1073 912 1104; x_wconf 88' lang='lat' dir='ltr'>Montalb.</span> <span class='ocrx_word' id='word_1_281' title='bbox 931 1081 961 1103; x_wconf 90' lang='lat' dir='ltr'>et</span> <span class='ocrx_word' id='word_1_282' title='bbox 979 1073 1064 1104; x_wconf 85' lang='lat' dir='ltr'>Leid.</span> <span class='ocrx_word' id='word_1_283' title='bbox 1081 1084 1154 1103; x_wconf 92' lang='lat' dir='ltr'>cum</span> <span class='ocrx_word' id='word_1_284' title='bbox 1173 1074 1212 1104; x_wconf 88' lang='lat' dir='ltr'>al.</span> <span class='ocrx_word' id='word_1_285' title='bbox 1233 1074 1326 1103; x_wconf 84' lang='lat' dir='ltr'>etiam</span> 
     </span>
     <span class='ocr_line' id='line_1_54' title="bbox 756 1119 1325 1161; baseline 0 -12"><span class='ocrx_word' id='word_1_286' title='bbox 756 1131 805 1161; x_wconf 87' lang='lat' dir='ltr'>ap.</span> <span class='ocrx_word' id='word_1_287' title='bbox 824 1121 904 1150; x_wconf 87' lang='lat' dir='ltr'>Pier.</span> <span class='ocrx_word' id='word_1_288' title='bbox 919 1119 978 1150; x_wconf 86' lang='lat' dir='ltr'>Sed</span> <span class='ocrx_word' id='word_1_289' title='bbox 1001 1120 1039 1149; x_wconf 87' lang='lat' dir='ltr'>de</span> <span class='ocrx_word' id='word_1_290' title='bbox 1054 1119 1102 1150; x_wconf 84' lang='lat' dir='ltr'>his</span> <span class='ocrx_word' id='word_1_291' title='bbox 1118 1121 1181 1158; x_wconf 86' lang='lat' dir='ltr'>jam</span> <span class='ocrx_word' id='word_1_292' title='bbox 1196 1130 1224 1150; x_wconf 92' lang='lat' dir='ltr'>v.</span> <span class='ocrx_word' id='word_1_293' title='bbox 1248 1126 1325 1155; x_wconf 79' lang='lat'><strong>422.</strong></span> 
     </span>
     <span class='ocr_line' id='line_1_55' title="bbox 756 1165 1325 1206; baseline 0 -10"><span class='ocrx_word' id='word_1_294' title='bbox 756 1165 897 1196; x_wconf 70' lang='lat' dir='ltr'>Fodinae</span> <span class='ocrx_word' id='word_1_295' title='bbox 909 1177 963 1206; x_wconf 90' lang='lat' dir='ltr'>qu.</span> <span class='ocrx_word' id='word_1_296' title='bbox 977 1167 1093 1196; x_wconf 89' lang='lat' dir='ltr'>Moret.</span> <span class='ocrx_word' id='word_1_297' title='bbox 1115 1167 1198 1195; x_wconf 75' lang='lat' dir='ltr'>Lata</span> <span class='ocrx_word' id='word_1_298' title='bbox 1216 1165 1325 1206; x_wconf 80' lang='lat' dir='ltr'>fragm.</span> 
     </span>
     <span class='ocr_line' id='line_1_56' title="bbox 754 1211 1327 1252; baseline 0 -11"><span class='ocrx_word' id='word_1_299' title='bbox 754 1213 899 1242; x_wconf 87' lang='lat' dir='ltr'>Vatican.</span> <span class='ocrx_word' id='word_1_300' title='bbox 928 1212 1080 1243; x_wconf 86' lang='lat' dir='ltr'>Desidero</span> <span class='ocrx_word' id='word_1_301' title='bbox 1106 1213 1217 1252; x_wconf 84' lang='lat' dir='ltr'>utique</span> <span class='ocrx_word' id='word_1_302' title='bbox 1243 1211 1327 1241; x_wconf 89' lang='lat' dir='ltr'>aliud</span> 
     </span>
     <span class='ocr_line' id='line_1_57' title="bbox 755 1258 1328 1299; baseline -0.002 -11"><span class='ocrx_word' id='word_1_303' title='bbox 755 1258 919 1299; x_wconf 84' lang='lat' dir='ltr'>epitheton</span> <span class='ocrx_word' id='word_1_304' title='bbox 944 1269 1003 1299; x_wconf 92' lang='lat' dir='ltr'>pro</span> <span class='ocrx_word' id='word_1_305' title='bbox 1030 1258 1118 1295; x_wconf 83' lang='lat' dir='ltr'>alta,</span> <span class='ocrx_word' id='word_1_306' title='bbox 1141 1268 1206 1299; x_wconf 84' lang='lat' dir='ltr'>quo</span> <span class='ocrx_word' id='word_1_307' title='bbox 1233 1259 1328 1288; x_wconf 86' lang='lat' dir='ltr'>tertio</span> 
     </span>
     <span class='ocr_line' id='line_1_58' title="bbox 754 1303 1328 1345; baseline 0 -12"><span class='ocrx_word' id='word_1_308' title='bbox 754 1315 848 1334; x_wconf 83' lang='lat' dir='ltr'>versu</span> <span class='ocrx_word' id='word_1_309' title='bbox 863 1305 976 1334; x_wconf 86' lang='lat' dir='ltr'>iterum</span> <span class='ocrx_word' id='word_1_310' title='bbox 991 1305 1106 1345; x_wconf 82' lang='lat' dir='ltr'>legitur</span> <span class='ocrx_word' id='word_1_311' title='bbox 1120 1313 1128 1334; x_wconf 89' lang='lat'><strong>:</strong></span> <span class='ocrx_word' id='word_1_312' title='bbox 1146 1305 1181 1333; x_wconf 91' lang='lat' dir='ltr'>in</span> <span class='ocrx_word' id='word_1_313' title='bbox 1201 1314 1267 1344; x_wconf 89' lang='lat' dir='ltr'>quo</span> <span class='ocrx_word' id='word_1_314' title='bbox 1282 1303 1328 1333; x_wconf 90' lang='lat' dir='ltr'>of-</span> 
     </span>
     <span class='ocr_line' id='line_1_59' title="bbox 756 1349 1329 1391; baseline 0.002 -12"><span class='ocrx_word' id='word_1_315' title='bbox 756 1350 944 1380; x_wconf 88' lang='lat' dir='ltr'>fendebatur</span> <span class='ocrx_word' id='word_1_316' title='bbox 968 1360 1097 1391; x_wconf 87' lang='lat' dir='ltr'>quoque</span> <span class='ocrx_word' id='word_1_317' title='bbox 1125 1351 1157 1381; x_wconf 88' lang='lat' dir='ltr'>J.</span> <span class='ocrx_word' id='word_1_318' title='bbox 1180 1349 1329 1380; x_wconf 82' lang='lat' dir='ltr'>Schrade-</span> 
     </span>
     <span class='ocr_line' id='line_1_60' title="bbox 755 1395 1328 1436; baseline -0.002 -10"><span class='ocrx_word' id='word_1_319' title='bbox 755 1407 818 1426; x_wconf 77' lang='lat' dir='ltr'>ruS.</span> <span class='ocrx_word' id='word_1_320' title='bbox 839 1395 983 1426; x_wconf 80' lang='lat' dir='ltr'>leeacris</span> <span class='ocrx_word' id='word_1_321' title='bbox 998 1397 1093 1426; x_wconf 87' lang='lat' dir='ltr'>lectio</span> <span class='ocrx_word' id='word_1_322' title='bbox 1106 1402 1152 1424; x_wconf 85' lang='lat' dir='ltr'>est</span> <span class='ocrx_word' id='word_1_323' title='bbox 1162 1395 1328 1436; x_wconf 83' lang='lat' dir='ltr'>fragmenti</span> 
     </span>
     <span class='ocr_line' id='line_1_61' title="bbox 755 1440 1328 1482; baseline -0.003 -10"><span class='ocrx_word' id='word_1_324' title='bbox 755 1443 918 1479; x_wconf 83' lang='lat' dir='ltr'>Vaticani3</span> <span class='ocrx_word' id='word_1_325' title='bbox 934 1452 1032 1482; x_wconf 86' lang='lat' dir='ltr'>porro</span> <span class='ocrx_word' id='word_1_326' title='bbox 1055 1440 1171 1471; x_wconf 85' lang='lat' dir='ltr'>codicis</span> <span class='ocrx_word' id='word_1_327' title='bbox 1193 1443 1328 1472; x_wconf 81' lang='lat' dir='ltr'>Romani</span> 
     </span>
     <span class='ocr_line' id='line_1_62' title="bbox 755 1488 1329 1528; baseline -0.002 -11"><span class='ocrx_word' id='word_1_328' title='bbox 755 1498 827 1517; x_wconf 75' lang='lat' dir='ltr'>cuin</span> <span class='ocrx_word' id='word_1_329' title='bbox 842 1494 906 1517; x_wconf 84' lang='lat' dir='ltr'>tota</span> <span class='ocrx_word' id='word_1_330' title='bbox 922 1488 1037 1517; x_wconf 83' lang='lat' dir='ltr'>familia</span> <span class='ocrx_word' id='word_1_331' title='bbox 1052 1498 1123 1528; x_wconf 84' lang='lat' dir='ltr'>quae</span> <span class='ocrx_word' id='word_1_332' title='bbox 1136 1497 1209 1517; x_wconf 87' lang='lat' dir='ltr'>eum</span> <span class='ocrx_word' id='word_1_333' title='bbox 1225 1488 1329 1528; x_wconf 89' lang='lat' dir='ltr'>sequi-</span> 
     </span>
     <span class='ocr_line' id='line_1_63' title="bbox 756 1533 1327 1573; baseline -0.002 -10"><span class='ocrx_word' id='word_1_334' title='bbox 756 1541 826 1570; x_wconf 91' lang='lat' dir='ltr'>tur;</span> <span class='ocrx_word' id='word_1_335' title='bbox 842 1540 872 1563; x_wconf 85' lang='lat' dir='ltr'>et</span> <span class='ocrx_word' id='word_1_336' title='bbox 896 1533 958 1563; x_wconf 89' lang='lat' dir='ltr'>hoc</span> <span class='ocrx_word' id='word_1_337' title='bbox 972 1534 1080 1563; x_wconf 83' lang='lat' dir='ltr'>Heius.</span> <span class='ocrx_word' id='word_1_338' title='bbox 1099 1533 1248 1573; x_wconf 65' lang='lat' dir='ltr'>praetulit.</span> <span class='ocrx_word' id='word_1_339' title='bbox 1269 1533 1327 1563; x_wconf 86' lang='lat' dir='ltr'>Al-</span> 
     </span>
     <span class='ocr_line' id='line_1_64' title="bbox 756 1578 1325 1616; baseline -0.002 -7"><span class='ocrx_word' id='word_1_340' title='bbox 756 1585 854 1609; x_wconf 87' lang='lat' dir='ltr'>teram</span> <span class='ocrx_word' id='word_1_341' title='bbox 877 1579 966 1609; x_wconf 85' lang='lat' dir='ltr'>ducit</span> <span class='ocrx_word' id='word_1_342' title='bbox 986 1579 1168 1616; x_wconf 85' lang='lat' dir='ltr'>Mediceus,</span> <span class='ocrx_word' id='word_1_343' title='bbox 1191 1578 1325 1614; x_wconf 74' lang='lat' dir='ltr'>theatri,</span> 
     </span>
     <span class='ocr_line' id='line_1_65' title="bbox 756 1625 1325 1665; baseline 0.002 -11"><span class='ocrx_word' id='word_1_344' title='bbox 756 1625 844 1665; x_wconf 87' lang='lat' dir='ltr'>quod</span> <span class='ocrx_word' id='word_1_345' title='bbox 870 1627 978 1656; x_wconf 85' lang='lat' dir='ltr'>Burm.</span> <span class='ocrx_word' id='word_1_346' title='bbox 1010 1626 1179 1655; x_wconf 83' lang='lat' dir='ltr'>revocavit.</span> <span class='ocrx_word' id='word_1_347' title='bbox 1198 1642 1244 1648; x_wconf 81' lang='lat'>——-</span> <span class='ocrx_word' id='word_1_348' title='bbox 1262 1631 1325 1663; x_wconf 75' lang='lat'>427</span> 
     </span>
     <span class='ocr_line' id='line_1_66' title="bbox 754 1670 1328 1711; baseline -0.002 -9"><span class='ocrx_word' id='word_1_349' title='bbox 754 1678 886 1711; x_wconf 73' lang='lat'>——429.</span> <span class='ocrx_word' id='word_1_350' title='bbox 913 1673 965 1702; x_wconf 89' lang='lat' dir='ltr'>An</span> <span class='ocrx_word' id='word_1_351' title='bbox 996 1670 1108 1701; x_wconf 81' lang='lat' dir='ltr'>theatri</span> <span class='ocrx_word' id='word_1_352' title='bbox 1137 1678 1328 1701; x_wconf 83' lang='lat' dir='ltr'>structuram</span> 
     </span>
     <span class='ocr_line' id='line_1_67' title="bbox 756 1717 1328 1758; baseline 0 -10"><span class='ocrx_word' id='word_1_353' title='bbox 756 1717 957 1749; x_wconf 84' lang='lat' dir='ltr'>Phoenicibus</span> <span class='ocrx_word' id='word_1_354' title='bbox 976 1725 1076 1754; x_wconf 85' lang='lat' dir='ltr'>recte,</span> <span class='ocrx_word' id='word_1_355' title='bbox 1091 1724 1184 1758; x_wconf 81' lang='lat' dir='ltr'>atque</span> <span class='ocrx_word' id='word_1_356' title='bbox 1199 1717 1278 1748; x_wconf 87' lang='lat' dir='ltr'>adeo</span> <span class='ocrx_word' id='word_1_357' title='bbox 1294 1719 1328 1748; x_wconf 89' lang='lat' dir='ltr'>in</span> 
     </span>
     <span class='ocr_line' id='line_1_68' title="bbox 754 1763 1330 1804; baseline 0.002 -11"><span class='ocrx_word' id='word_1_358' title='bbox 754 1765 824 1804; x_wconf 86' lang='lat' dir='ltr'>ipso</span> <span class='ocrx_word' id='word_1_359' title='bbox 838 1775 944 1793; x_wconf 84' lang='lat' dir='ltr'>rerum</span> <span class='ocrx_word' id='word_1_360' title='bbox 962 1765 1053 1793; x_wconf 88' lang='lat' dir='ltr'>initio</span> <span class='ocrx_word' id='word_1_361' title='bbox 1065 1786 1073 1800; x_wconf 91' lang='lat'><strong><em>‚</em></strong></span> <span class='ocrx_word' id='word_1_362' title='bbox 1093 1763 1231 1801; x_wconf 82' lang='lat' dir='ltr'>dederit,</span> <span class='ocrx_word' id='word_1_363' title='bbox 1246 1763 1330 1794; x_wconf 86' lang='lat' dir='ltr'>vide-</span> 
     </span>
     <span class='ocr_line' id='line_1_69' title="bbox 756 1811 1329 1851; baseline 0.002 -12"><span class='ocrx_word' id='word_1_364' title='bbox 756 1812 796 1839; x_wconf 86' lang='lat' dir='ltr'>rit</span> <span class='ocrx_word' id='word_1_365' title='bbox 810 1817 902 1851; x_wconf 84' lang='lat' dir='ltr'>poeta</span> <span class='ocrx_word' id='word_1_366' title='bbox 914 1821 922 1848; x_wconf 90' lang='lat'>;</span> <span class='ocrx_word' id='word_1_367' title='bbox 938 1811 1119 1840; x_wconf 83' lang='lat' dir='ltr'>Graecarum</span> <span class='ocrx_word' id='word_1_368' title='bbox 1133 1820 1205 1840; x_wconf 87' lang='lat' dir='ltr'>sane</span> <span class='ocrx_word' id='word_1_369' title='bbox 1219 1811 1329 1840; x_wconf 88' lang='lat' dir='ltr'>civita-</span> 
     </span>
     <span class='ocr_line' id='line_1_70' title="bbox 757 1856 1328 1887; baseline 0 -1"><span class='ocrx_word' id='word_1_370' title='bbox 757 1864 826 1886; x_wconf 86' lang='lat' dir='ltr'>tum</span> <span class='ocrx_word' id='word_1_371' title='bbox 836 1857 969 1887; x_wconf 69' lang='lat' dir='ltr'>coloniis</span> <span class='ocrx_word' id='word_1_372' title='bbox 978 1857 1042 1886; x_wconf 89' lang='lat' dir='ltr'>hoc</span> <span class='ocrx_word' id='word_1_373' title='bbox 1051 1856 1328 1886; x_wconf 76' lang='lat' dir='ltr'>accommodatius.</span> 
     </span>
     <span class='ocr_line' id='line_1_71' title="bbox 756 1902 1330 1943; baseline -0.003 -10"><span class='ocrx_word' id='word_1_374' title='bbox 756 1902 815 1933; x_wconf 86' lang='lat' dir='ltr'>Sed</span> <span class='ocrx_word' id='word_1_375' title='bbox 832 1913 880 1933; x_wconf 81' lang='lat' dir='ltr'>res</span> <span class='ocrx_word' id='word_1_376' title='bbox 894 1903 1043 1943; x_wconf 76' lang='lat' dir='ltr'>praeclare</span> <span class='ocrx_word' id='word_1_377' title='bbox 1058 1903 1100 1932; x_wconf 90' lang='lat' dir='ltr'>ob</span> <span class='ocrx_word' id='word_1_378' title='bbox 1117 1902 1229 1932; x_wconf 88' lang='lat' dir='ltr'>oculos</span> <span class='ocrx_word' id='word_1_379' title='bbox 1247 1902 1330 1942; x_wconf 89' lang='lat' dir='ltr'>posi-</span> 
     </span>
     <span class='ocr_line' id='line_1_72' title="bbox 756 1948 1329 1988; baseline -0.003 -9"><span class='ocrx_word' id='word_1_380' title='bbox 756 1956 797 1979; x_wconf 83' lang='lat' dir='ltr'>ta.</span> <span class='ocrx_word' id='word_1_381' title='bbox 814 1951 927 1979; x_wconf 89' lang='lat' dir='ltr'>Portus</span> <span class='ocrx_word' id='word_1_382' title='bbox 946 1948 1058 1979; x_wconf 75' lang='lat' dir='ltr'>cochon</span> <span class='ocrx_word' id='word_1_383' title='bbox 1079 1948 1182 1978; x_wconf 89' lang='lat' dir='ltr'>dictus</span> <span class='ocrx_word' id='word_1_384' title='bbox 1197 1949 1329 1988; x_wconf 86' lang='lat' dir='ltr'>proprio</span> 
     </span>
     <span class='ocr_line' id='line_1_73' title="bbox 756 1994 1330 2035; baseline 0 -11"><span class='ocrx_word' id='word_1_385' title='bbox 756 1996 885 2025; x_wconf 86' lang='lat' dir='ltr'>nomine</span> <span class='ocrx_word' id='word_1_386' title='bbox 898 2004 949 2035; x_wconf 82' lang='lat' dir='ltr'>ap.</span> <span class='ocrx_word' id='word_1_387' title='bbox 961 1996 1028 2025; x_wconf 85' lang='lat' dir='ltr'>Liv.</span> <span class='ocrx_word' id='word_1_388' title='bbox 1048 2002 1079 2024; x_wconf 91' lang='lat' dir='ltr'>et</span> <span class='ocrx_word' id='word_1_389' title='bbox 1094 1994 1133 2024; x_wconf 89' lang='lat' dir='ltr'>al.</span> <span class='ocrx_word' id='word_1_390' title='bbox 1145 2005 1176 2024; x_wconf 82' lang='grc' dir='ltr'>ν.</span> <span class='ocrx_word' id='word_1_391' title='bbox 1193 1995 1330 2024; x_wconf 87' lang='lat' dir='ltr'>Bochart</span> 
     </span>
     <span class='ocr_line' id='line_1_74' title="bbox 756 2041 1331 2077; baseline 0 -6"><span class='ocrx_word' id='word_1_392' title='bbox 756 2041 853 2071; x_wconf 83' lang='lat' dir='ltr'>Chan.</span> <span class='ocrx_word' id='word_1_393' title='bbox 870 2043 903 2077; x_wconf 89' lang='grc' dir='ltr'>Ι,</span> <span class='ocrx_word' id='word_1_394' title='bbox 920 2046 1022 2076; x_wconf 74' lang='lat'><strong>24.—</strong></span> <span class='ocrx_word' id='word_1_395' title='bbox 1035 2041 1112 2076; x_wconf 76' lang='lat'><strong>428.</strong></span> <span class='ocrx_word' id='word_1_396' title='bbox 1129 2041 1331 2071; x_wconf 77' lang='lat' dir='ltr'>Fundamen-</span> 
     </span>
     <span class='ocr_line' id='line_1_75' title="bbox 755 2087 1329 2127; baseline 0.002 -11"><span class='ocrx_word' id='word_1_397' title='bbox 755 2094 789 2116; x_wconf 76' lang='lat' dir='ltr'>ta</span> <span class='ocrx_word' id='word_1_398' title='bbox 812 2092 928 2126; x_wconf 75' lang='lat' dir='ltr'>petunt</span> <span class='ocrx_word' id='word_1_399' title='bbox 957 2087 1010 2116; x_wconf 84' lang='lat' dir='ltr'>alii</span> <span class='ocrx_word' id='word_1_400' title='bbox 1039 2097 1088 2127; x_wconf 87' lang='lat' dir='ltr'>ap.</span> <span class='ocrx_word' id='word_1_401' title='bbox 1120 2087 1200 2117; x_wconf 89' lang='lat' dir='ltr'>Pier.</span> <span class='ocrx_word' id='word_1_402' title='bbox 1236 2088 1329 2117; x_wconf 86' lang='lat' dir='ltr'>etiam</span> 
     </span>
     <span class='ocr_line' id='line_1_76' title="bbox 754 2132 1330 2173; baseline 0.003 -12"><span class='ocrx_word' id='word_1_403' title='bbox 754 2132 864 2173; x_wconf 83' lang='lat' dir='ltr'>fragm.</span> <span class='ocrx_word' id='word_1_404' title='bbox 888 2133 1011 2170; x_wconf 59' lang='lat' dir='ltr'>Vatic„</span> <span class='ocrx_word' id='word_1_405' title='bbox 1033 2143 1104 2173; x_wconf 83' lang='lat' dir='ltr'>quae</span> <span class='ocrx_word' id='word_1_406' title='bbox 1130 2133 1264 2164; x_wconf 83' lang='lat' dir='ltr'>alterum</span> <span class='ocrx_word' id='word_1_407' title='bbox 1294 2135 1330 2163; x_wconf 90' lang='lat' dir='ltr'>iu</span> 
     </span>
     <span class='ocr_line' id='line_1_77' title="bbox 755 2178 973 2219; baseline 0.005 -11"><span class='ocrx_word' id='word_1_408' title='bbox 755 2189 851 2219; x_wconf 77' lang='lat' dir='ltr'>marg.</span> <span class='ocrx_word' id='word_1_409' title='bbox 867 2178 973 2209; x_wconf 79' lang='lat' dir='ltr'>habet.</span> 
     </span>
    </p>

    <p class='ocr_par' dir='ltr' id='par_1_13' title="bbox 803 2226 1329 2267">
     <span class='ocr_line' id='line_1_78' title="bbox 803 2226 1329 2267; baseline 0.002 -12"><span class='ocrx_word' id='word_1_410' title='bbox 803 2227 937 2261; x_wconf 63' lang='lat'>430—-4</span> <span class='ocrx_word' id='word_1_411' title='bbox 945 2226 1154 2266; x_wconf 79' lang='lat' dir='ltr'>3G.Expressa</span> <span class='ocrx_word' id='word_1_412' title='bbox 1164 2237 1205 2256; x_wconf 81' lang='lat' dir='ltr'>ex</span> <span class='ocrx_word' id='word_1_413' title='bbox 1213 2226 1329 2267; x_wconf 82' lang='lat' dir='ltr'>Georg.</span> 
     </span>
    </p>
   </div>
  </div>
 </body>
</html>
