1402 2460
558 128 679 161 LIBER
705 131 761 159 IV.

61 189 309 239 Difficilisque
330 189 475 235 obitus,
496 189 587 225 Irim
605 188 754 225 demisit
771 187 955 238 Olympo,

62 252 157 295 Quae
178 250 380 286 luctantem
401 249 562 286 animam
580 261 771 297 nexosque
788 249 993 286 resolveret
1012 258 1125 287 artus.

1208 260 1257 291 69]

60 312 176 355 Nam,
196 310 285 359 quia
304 324 373 347 nec
394 311 488 357 fato,
508 310 642 346 merita
663 322 731 345 nec
753 319 875 346 morte
897 310 1061 360 peribat,

60 369 136 406 Sed
152 369 288 407 misera
309 380 394 407 ante
412 371 530 416 diem,
550 370 754 419 subitoque
771 369 931 407 adcensa
953 371 1098 417 surore,

58 429 238 466 Nondum
257 430 311 467 illi
330 431 470 467 flavum
490 431 716 480 Proserpina
735 431 879 466 vertice
900 430 1042 466 crinem

58 489 295 538 Abstulerat,
314 492 522 542 Stygioque
543 501 657 541 caput
673 491 917 528 damnaverat
933 494 1047 528 Orco.

58 551 159 601 Ergo
180 551 274 598 Iris,
291 552 434 589 croceis
454 566 522 602 per
538 552 673 589 coelum
694 552 844 590 roscida
862 552 1013 602 pennis,
1209 569 1257 593 700

57 611 164 647 Mille
183 612 334 649 trahens
354 613 480 649 varios
501 612 662 649 adverso
683 613 761 650 sole
782 612 947 657 colores,

56 671 238 717 Devolat‚
256 682 293 709 et
309 686 425 722 supra
445 682 559 722 caput
579 673 724 709 adstitit
743 688 751 709 :
774 689 789 705 α
806 675 918 708 Hunc
936 684 1005 721 ego
1020 672 1099 709 Diti

58 731 216 767 Sacrum
229 732 333 781 jussa
351 732 450 779 fero,
469 742 582 782 teque
599 733 671 769 isto
688 744 849 781 corpore
869 731 987 768 solvo.
1010 748 1025 764 υ

56 789 121 826 Sic
138 790 208 837 ait,
230 800 266 828 ct
285 791 419 828 dextra
436 792 578 828 crinem
598 801 720 837 secat;
740 791 860 827 omnis
879 799 915 826 et
935 803 1010 826 una

56 849 232 900 Dilapsus
252 853 374 898 calor,
391 861 503 901 atque
522 852 561 887 in
580 860 712 888 ventos
730 851 809 887 vita
827 849 992 885 recessit.
1209 859 1256 890 705

55 995 268 1035 expiationem
281 995 428 1034 Umbrae,
445 1003 514 1027 tum
530 996 569 1026 ad
585 1003 627 1026 ta-

54 1040 163 1071 bulam
189 1042 224 1072 in
246 1043 325 1072 atrio
345 1043 489 1073 Plutonis
507 1054 626 1084 propo-

53 1088 162 1124 sitam,
190 1098 251 1129 qua
290 1089 542 1119 inscriberentur
575 1089 628 1119 de-

54 1132 168 1164 functi.

33 1217 40 1221 ⁴
101 1180 166 1219 693
179 1179 313 1219 —695.
342 1180 512 1215 Dolorem,
543 1178 628 1224 ἀγω-

53 1223 131 1256 νίαν.
147 1228 244 1256 Arcus
257 1236 376 1262 nexos,
394 1227 538 1267 corporis
553 1237 627 1256 cum

53 1273 155 1301 anima
183 1282 320 1310 nexum,
350 1272 433 1302 bene
459 1272 558 1303 Cerda
578 1274 625 1302 ri-

53 1318 119 1355 dit,
139 1328 155 1346 a
174 1318 317 1358 palaestra
333 1325 364 1348 et
380 1319 466 1348 lucta
486 1330 550 1348 esse
574 1329 626 1359 pe-

51 1365 158 1394 titum.
178 1364 304 1405 Corpus
322 1365 411 1405 quasi
434 1365 577 1405 implicat
595 1372 627 1394 et

51 1411 301 1451 circumstringit
314 1412 468 1448 animam,
487 1421 528 1441 ne
542 1411 623 1441 eIabi

50 1457 104 1487 illa
130 1458 368 1498 possit—694.
386 1457 625 1500 Difficilemque

52 1503 170 1533 obitum
201 1503 324 1534 Zulich.
362 1503 498 1533 Dimisit
527 1505 625 1545 vulgo

52 1551 216 1590 scriptum.
238 1549 371 1580 dimittit
390 1552 414 1580 F
416 1560 501 1580 rane.
518 1551 624 1580 remit-

52 1596 92 1626 tit
120 1596 262 1626 Parrhas.
295 1596 346 1626 Ab
382 1597 449 1626 alto
480 1598 623 1638 quinque

51 1642 135 1683 apud
154 1644 328 1673 Burmann.

98 1689 165 1730 696
183 1706 231 1711 —
245 1689 325 1729 699.
344 1688 418 1719 Vid.
437 1689 476 1719 ad
494 1701 524 1720 v.
544 1690 622 1729 693.

51 1735 169 1766 hierita
192 1746 251 1764 nec
273 1742 390 1772 morte,
413 1736 503 1766 nullo
518 1737 623 1765 imma-

49 1783 84 1811 m*
100 1783 231 1812 crimine
246 1783 424 1812 commisso.
443 1784 530 1813 Serv,
547 1793 622 1823 opp.

49 1827 150 1858 subito
181 1839 319 1858 accensa
334 1828 472 1870 ficrore;
487 1830 534 1858 uti
558 1840 623 1858 non

39 1874 118 1916 saco
153 1882 185 1905 et
215 1883 292 1905 ante
321 1875 405 1905 diem
417 1899 425 1913 ‚
457 1874 620 1918 ὑπέρμορα

51 1921 139 1951 Iliad.
157 1919 195 1959 β,
214 1922 276 1952 155
288 1944 296 1958 ,
312 1920 388 1964 ὑπὲρ
405 1921 513 1964 μοῖραν
530 1922 618 1952 Iliad.

50 1965 84 2006 ζ,
113 1967 196 2005 4883
216 1978 253 2006 υ,
281 1969 347 1999 336
368 1969 406 1999 cf.
433 1968 537 1998 Guell.
559 1971 621 1998 Ac-

50 2014 215 2044 cendimnr
228 2022 332 2044 autem
346 2026 412 2045 non
433 2014 528 2045 modo
548 2015 615 2051 ira,

51 2059 104 2088 sed
119 2067 149 2090 et
163 2060 291 2099 dolore,
312 2068 342 2091 et
357 2061 490 2103 fitrore,
511 2072 549 2091 e·:
572 2063 619 2090 in-

50 2105 231 2147 dignatione
253 2115 284 2137 et
304 2109 349 2138 ira
367 2115 449 2139 orto.
467 2109 537 2138 Not.
556 2109 619 2137 ium

52 2160 147 2192 caput
172 2153 385 2184 damnaverat
409 2156 508 2191 Orco,
530 2154 563 2184 h.
589 2166 616 2185 e.

52 2198 196 2228 nondum
219 2201 316 2230 vitam
337 2202 422 2240 ejus,
448 2202 498 2232 vel
520 2203 619 2242 ipsam

51 2247 146 2275 morti
165 2245 345 2279 devoverat.
372 2248 411 2278 cf.
437 2248 476 2278 ad
491 2259 521 2279 v.
540 2249 617 2288 693.

731 1005 795 1034 700
810 1013 857 1020 -—
873 996 950 1033 703.
977 995 1040 1028 Στῆ
1070 990 1160 1036 ὃ’ἅρ’
1179 992 1255 1037 ὑπὲρ

681 1045 831 1083 κεφαλῆς.
850 1041 940 1072 Iliad.
958 1039 999 1079 β,
1020 1050 1062 1070 20
1082 1040 1120 1070 de
1136 1042 1256 1071 Somno

684 1088 782 1130 (adde
796 1088 910 1129 OdySS.
927 1086 963 1125 ζ,
982 1098 999 1117 2
1009 1085 1056 1127 1),
1071 1097 1180 1116 omnes
1193 1086 1258 1116 lau-

681 1134 767 1165 dant.
795 1135 856 1165 Sed
884 1134 955 1164 talia
979 1134 1137 1163 delectant
1154 1133 1255 1169 forte,

681 1188 711 1210 at
730 1181 810 1209 nihil
825 1181 996 1210 illustrant.
1006 1197 1053 1202 ——
1065 1189 1142 1217 701.
1157 1180 1256 1209 Aver-

681 1237 714 1256 so
732 1228 834 1267 Bigot.
847 1249 856 1263 ‚
871 1232 908 1255 ut
925 1237 1048 1266 semper
1064 1226 1205 1255 variatur
1222 1227 1256 1256 in

680 1272 728 1302 his
748 1273 893 1302 vocibus.
914 1273 1058 1301 Adversa
1077 1272 1146 1301 luce
1161 1272 1257 1302 multi

680 1320 815 1348 Pieriani
825 1342 834 1356 ,
854 1325 916 1348 tres
930 1320 1038 1349 Burm.
1050 1328 1123 1348 cum
1139 1318 1254 1349 Hamb.

678 1375 753 1401 sec.‚
779 1366 836 1404 qui
861 1375 878 1394 a
901 1375 943 1395 m.
965 1375 1027 1395 sec.
1056 1363 1257 1404 habet:per-

678 1422 767 1441 cusso
788 1411 864 1442 sole.
881 1427 929 1434 —-
949 1421 1026 1449 702.
1046 1409 1190 1441 Advolat
1206 1413 1256 1441 Bi-

678 1464 743 1499 got.
770 1459 878 1498 Atque
906 1468 1001 1498 super
1027 1457 1106 1487 alter
1137 1457 1253 1490 Hamb.

679 1504 763 1534 Huic
788 1511 819 1534 et
845 1504 930 1534 Hinc
955 1504 1104 1534 aberratt.
1128 1502 1254 1536 librarr.

678 1552 774 1581 Hunc
792 1561 851 1592 ego
868 1552 949 1580 Orco
965 1552 1044 1581 Exe.
1058 1552 1169 1580 Burm.

727 1603 802 1635 704.
835 1597 963 1628 Crinem
1000 1597 1072 1627 tulit
1108 1598 1254 1639 Longob.

678 1645 759 1675 Pier.
773 1661 820 1666 —
832 1649 897 1682 704
909 1667 918 1681 ,
933 1644 1009 1682 705.
1027 1645 1107 1674 Sane
1127 1643 1185 1674 Ge.
1197 1646 1255 1680 IV,

680 1691 744 1720 223
759 1701 806 1730 sq.
831 1690 869 1720 de
892 1691 994 1719 anima
1006 1689 1120 1719 mundi
1134 1710 1143 1724 ‚
1159 1702 1175 1721 e
1193 1701 1255 1730 qua

677 1737 741 1766 vita
752 1737 872 1777 petitur
882 1747 890 1773 3
902 1742 934 1765 et
948 1746 955 1767 :
975 1736 1101 1765 Scilicet
1110 1733 1171 1766 huc
1184 1737 1255 1766 red-

678 1782 714 1811 di
745 1782 861 1812 deinde
897 1793 937 1811 ac
971 1783 1110 1812 resoluta
1142 1783 1255 1825 referri

681 1829 811 1859 Omnia.
842 1830 938 1859 Nunc
972 1835 1076 1858 tamen
1114 1832 1171 1860 vix
1198 1830 1251 1859 illa

678 1874 822 1906 doctrina
846 1875 955 1905 locum
978 1874 1092 1913 habet3
1115 1878 1251 1916 exspira-

676 1928 728 1951 tur
744 1923 847 1951 anima
861 1921 1003 1962 adeoque
1013 1923 1046 1952 in
1061 1933 1163 1953 aerem
1172 1922 1248 1953 abit.

721 2016 808 2045 Libri
843 2015 940 2054 hujus
972 2014 1145 2046 artificium
1177 2019 1248 2058 quis
1273 2054 1281 2058 -

673 2072 741 2091 non
766 2063 885 2092 sensit?
911 2062 981 2102 quis
1006 2073 1073 2092 non
1097 2062 1246 2094 laudibus

672 2108 879 2148 praedicavit?
905 2110 959 2138 Est
986 2109 1070 2138 enim
1094 2109 1133 2139 ad
1161 2121 1246 2140 com-

672 2166 801 2185 munem
816 2155 983 2185 hominum
1000 2155 1146 2186 affectum
1164 2167 1246 2187 com-

673 2209 776 2242 parata
806 2213 872 2239 res,
901 2212 987 2232 amor
1019 2202 1178 2232 infaustus
1213 2211 1245 2232 et

672 2258 819 2279 successu
835 2259 953 2279 carens.
973 2249 1004 2279 Si
1021 2247 1061 2278 de
1085 2249 1123 2278 iis
1147 2251 1243 2290 parti-

1066 2314 1083 2328 *

1016 2327 1063 2362 29
