1433 2460
125 152 132 178 ξ
148 149 167 169 0
633 131 827 163 AENmnos

126 197 265 244 ligium
286 204 433 237 tauros,
450 202 674 240 magnorum
693 190 889 227 horrentia
909 199 1059 226 conmm

123 259 245 304 Terga
261 266 369 290 suum
382 280 390 296 ,
412 250 562 301 pinguis
582 259 733 288 centum
749 264 835 287 cum
853 249 1038 287 matribus
1055 260 1171 299 agnos
1184 277 1193 294 ,
1287 258 1337 281 ⁶35

129 320 289 353 Munera
307 312 553 362 lretitiamque
569 311 633 348 dii.

130 380 176 412 At
198 375 332 410 (lomus
355 371 514 409 interior
535 371 651 421 regali
672 370 869 421 splendida
889 371 981 407 luxu

130 434 349 478 Iusti-uitur,
369 431 580 480 mediisque
598 439 733 480 parant
749 430 925 467 convivia
945 430 1051 467 tectis
1068 445 1075 467 :

131 497 223 529 Arte
241 492 423 528 laboratae
439 501 561 528 vestes
572 518 582 536 ,
599 500 781 539 ostroque
798 489 986 539 supcrbo;

130 557 268 603 Ingens
286 560 486 602 argentum
507 551 665 597 mensis,
683 551 890 600 caelataquc
911 550 949 586 in
970 563 1064 586 auro
1293 558 1344 585 6⁴¹0

180 679 258 714 634.
279 678 452 708 Horrenlia
467 679 540 708 setis
553 689 609 707 seu
625 678 710 718 pilis,

134 731 163 755 et
180 732 270 766 terga
283 735 370 753 snum
389 736 448 765 pro
469 725 593 755 suibus.
608 726 646 754 In
666 732 712 754 to-

134 779 166 801 to
183 772 256 800 loco
271 778 344 800 aute
359 772 470 801 oculos
490 778 583 811 porta
599 771 714 800 habuit

136 818 251 858 Odyss.
270 818 301 853 0,
323 818 364 857 59
388 829 515 858 sqq.-—
529 818 607 847 636.
628 817 711 847 Gell.

138 865 202 900 IX,
231 870 265 899 14
290 864 322 892 in
346 864 401 892 illo
429 875 524 893 ‘versu
547 863 629 892 nihil
657 863 714 892 dn-

138 910 222 939 binm
241 918 304 945 est,
321 910 398 950 quin
417 910 462 939 ‹lii
480 909 639 950 scripserit
654 921 716 950 pro

139 956 219 986 diei:
246 958 383 986 Munera
424 957 629 996 laetitiamque
660 956 715 986 dii.

144 1003 239 1043 Quod
259 1002 487 1043 imperitiores,
513 1002 583 1039 dei,
607 1003 719 1043 legunt

141 1050 182 1078 ab
199 1049 373 1079 insolentia
395 1049 515 1078 scilicet
524 1048 614 1078 vocis
631 1049 719 1078 istius

142 1095 359 1126 abhorrentes.
376 1095 427 1125 Sic
452 1104 570 1137 autem,
584 1095 650 1125 dies
675 1095 720 1124 dii

143 1153 165 1172 α
183 1142 343 1172 ‘veteribus
370 1142 570 1172 declinatum
594 1149 659 1179 est,
684 1147 722 1171 ut

143 1189 239 1218 fames
251 1189 336 1226 fami,
349 1188 459 1230 (igitur
470 1188 718 1230 veteresfames,

135 1234 293 1276 sarnei.³)
309 1237 467 1276 pernicies
481 1237 634 1276 pernicii,
651 1246 723 1276 pro·

144 1282 251 1321 geuies
267 1283 431 1322 progenii‚
450 1282 612 1319 luxuries,
630 1282 724 1311 luxu-

144 1329 194 1357 rii.
233 1329 280 1356 Ita
317 1335 348 1357 ct
387 1328 510 1368 legebat
524 1350 532 1364 ‚
573 1334 723 1357 monente

144 1375 298 1410 Heinsio,
316 1373 422 1404 Julius
444 1376 608 1404 Romanus
629 1374 663 1402 iu
687 1373 724 1402 li-

146 1420 234 1450 bello
256 1419 295 1449 de
312 1421 468 1460 Analogia
479 1442 488 1455 ,
504 1426 580 1449 teste
602 1421 726 1460 Sosipa-

147 1474 208 1497 tro.
223 1467 383 1497 N.}1eins.
393 1489 401 1503 ‚
417 1473 453 1495 ut
462 1466 543 1495 hauc
553 1466 724 1496 lectionem

147 1513 313 1554 probaret,
330 1524 348 1542 a
361 1524 392 1542 se
402 1514 570 1553 impetrare
586 1523 653 1542 non
668 1523 725 1553 po-

148 1566 238 1589 terat.
250 1559 334 1590 Mihi
356 1567 460 1589 tamen
479 1560 572 1588 unice
588 1570 662 1588 vera
680 1560 725 1588 vi-

149 1605 245 1636 detur
264 1616 271 1636 :
294 1607 434 1646 primum
465 1605 614 1646 quidem,
636 1605 725 1645 quod

150 1653 340 1693 exquisitior
365 1653 418 1682 illa
438 1653 534 1682 lectio
560 1659 590 1681 ct
617 1652 725 1682 eadem

150 1700 376 1739 antiquissimae
407 1700 605 1728 auctoritatis
619 1709 627 1736 ;
657 1704 725 1728 tum

150 1751 277 1781 autem,
310 1745 396 1785 quod
422 1745 526 1775 lenius
557 1745 699 1775 decurrit
717 1755 725 1775 ζ

151 1791 252 1820 mittit
262 1799 385 1828 tauros,
398 1803 485 1828 sues,
494 1792 650 1831 pecudes,
663 1802 728 1820 mu-

153 1848 232 1867 nera
263 1837 473 1879 Iaetitiamqne
504 1837 584 1874 diei,
607 1838 726 1878 quibus

152 1884 237 1913 diem
257 1892 319 1914 tam
335 1885 474 1914 faustum
489 1895 525 1914 ac
541 1885 655 1914 festum
675 1895 727 1914 ex-

151 1929 324 1960 hilararent
334 1954 342 1968 ,
358 1938 393 1960 ut
407 1931 617 1972 hospitalibus
634 1930 726 1961 donis

152 1974 223 2005 fieri
236 1987 303 2007 mos
320 1984 402 2014 erat,
422 1988 515 2018 quam
527 1978 622 2007 altera
638 1987 645 2007 :
662 1989 727 2007 mu-

153 2032 231 2050 nera
256 2023 466 2064 laetitiamque
488 2023 542 2054 dei
554 2035 565 2053 .·
580 2034 727 2064 quocun-

153 2078 215 2107 que
231 2069 357 2099 taudem
368 2070 464 2100 modo
476 2071 562 2100 illam
573 2080 724 2110 exponas,

152 2115 289 2143 Munera
303 2116 512 2158 loecitiamque
526 2116 640 2146 deialii
650 2117 724 2155 jun-

152 2167 251 2199 gunt,
272 2168 307 2190 ut
322 2163 433 2193 vinum
450 2174 567 2193 munus
582 2169 614 2193 et
629 2160 723 2207 γάνος

153 2206 311 2243 Δισνύσευ,
324 2206 434 2251 χάρμα.
453 2208 578 2250 Βάκχου
600 2209 723 2239 dictum

149 2253 206 2297 sit5
219 2260 313 2294 atque
323 2253 384 2285 hoc
394 2263 474 2295 puto
487 2257 642 2287 leniorem
657 2266 723 2287 ora-

767 677 886 706 tionem
898 673 1083 705 effice1·e.At
1093 674 1146 705 alii
1155 685 1227 704 cum
1237 676 1345 705 Heius.

769 733 903 752 munera
932 733 1005 752 cum
1034 721 1254 762 superioribus
1273 722 1347 759 jun—

769 777 849 810 gunt
867 780 875 800 2
907 768 1002 799 mittit
1019 785 1066 791 —-
1079 779 1213 799 munera
1226 791 1234 806 ‚
1251 768 1345 798 simul

770 827 842 845 cum
863 815 930 851 his,
949 813 1095 844 lez-titiam
1115 815 1185 850 dei,
1200 814 1232 845 h.
1255 826 1282 845 (·.
1303 816 1348 844 vi-

769 873 848 891 num
880 861 1056 891 laetificum.
1090 862 1197 892 Nolim
1216 861 1348 901 quidem

770 919 865 937 seusu
888 907 1069 944 abundare3
1094 907 1173 937 (lure
1196 914 1301 938 tamen
1318 914 1349 937 et

770 955 871 996 lyrica
903 955 1010 995 potius
1036 954 1167 984 audacia
1196 954 1276 984 mihi
1306 955 1348 984 ita

772 1002 896 1031 dictum
918 1000 1044 1030 sidetur
1062 1000 1176 1030 la’titia
1194 1001 1270 1038 clei;
1286 1000 1348 1031 fer—

773 1058 839 1078 rem
856 1046 1002 1077 Iaeticiam
1014 1047 1144 1078 Bacchi.
1156 1047 1260 1078 Aliter
1274 1058 1351 1088 quo-

774 1105 835 1134 que
846 1092 940 1138 γσίνος
951 1092 1088 1136 βοτρύων
1099 1116 1108 1132 ,
1122 1091 1276 1136 ἀμπέλου.
1287 1094 1351 1125 Ali-

776 1147 823 1170 ter
853 1141 947 1170 etiam
975 1141 1082 1170 infra:
1107 1140 1205 1170 Adsit
1229 1140 1350 1171 Iaetitioe

776 1186 923 1217 Bacchus
938 1187 1050 1224 dator,
1068 1197 1097 1217 v,
1119 1188 1196 1225 734.
1218 1188 1269 1217 Ex
1286 1198 1351 1228 quo

776 1233 871 1263 Silius
888 1232 1007 1263 Bacchi
1020 1233 1109 1262 dona
1122 1233 1251 1264 duxisse
1265 1233 1351 1264 vide-

777 1286 840 1309 tur.
852 1281 984 1320 Recepit
998 1290 1129 1320 quoque
1146 1280 1195 1310 dii
1207 1279 1349 1311 Brunck.

776 1326 934 1356 -Mittit
949 1326 1033 1356 Dido
1049 1326 1188 1367 pecudes
1204 1337 1276 1367 quae
1290 1338 1350 1368 pro

778 1383 910 1401 munere,
929 1375 992 1402 sint
1007 1395 1016 1410 ,
1037 1380 1068 1402 et
1092 1383 1227 1413 quarum
1249 1374 1352 1414 epulis

778 1417 844 1447 dies
861 1418 1003 1449 hilariter
1019 1421 1183 1461 exigatur:
1204 1419 1351 1450 laetieiam

778 1464 854 1496 diei.
871 1465 981 1495 Solent
1010 1467 1055 1495 sic
1076 1466 1201 1507 gandia
1228 1466 1293 1497 dici
1313 1466 1353 1497 de

778 1512 874 1541 rebus
895 1523 966 1552 quae
995 1513 1136 1550 faciunt,
1160 1520 1191 1543 et
1211 1513 1282 1544 Val.
1303 1513 1350 1544 Fl.

778 1559 826 1587 IV
836 1580 845 1595 ,
874 1559 939 1594 534
961 1558 1098 1589 Phineus
1122 1570 1204 1589 nova
1222 1559 1356 1590 miratur·

775 1604 901 1646 gandia
917 1616 1046 1636 mensa’.

827 1651 906 1689 635.
949 1654 1020 1682 Jam
1054 1652 1198 1683 Catullus
1229 1652 1354 1684 dixerat

779 1699 851 1727 LXI
864 1720 871 1734 ,
903 1698 945 1734 46
973 1709 1166 1740 quacunque
1201 1700 1354 1740 opulenta

780 1744 909 1774 recessit
916 1745 1066 1786 Regia—
1071 1748 1151 1775 Tota
1159 1745 1271 1776 domus
1275 1757 1354 1788 gau-

781 1791 836 1819 det
863 1791 969 1833 regali
993 1792 1166 1832 splendida
1187 1803 1292 1834 gaza.
1311 1794 1353 1826 cf.

779 1837 910 1878 reliqua.
929 1840 1023 1868 Luxu
1047 1839 1198 1879 praeclare
1222 1850 1282 1880 pro
1301 1850 1354 1881 ap-

778 1891 891 1924 paratu
904 1885 1010 1925 regali.
1024 1886 1160 1926 —639.
1175 1887 1354 1924 Brevitatis‚

779 1937 890 1971 utpote
905 1931 940 1961 in
953 1934 1133 1962 narratione
1143 1955 1152 1969 ‚
1171 1939 1203 1961 et
1219 1934 1354 1972 poeticae

779 1977 941 2017 elegantiae
968 1978 1112 2008 studium
1149 1979 1354 2010 omissionem

779 2024 870 2053 verbi
882 2025 1022 2063 peperit,
1034 2030 1108 2053 sunt
1116 2046 1125 2061 ‚
1134 2025 1186 2054 vel
1199 2024 1356 2056 instruun-

779 2077 838 2100 tur.
857 2070 950 2101 Intel.
967 2078 1072 2101 autem
1086 2077 1186 2101 vestes
1201 2073 1354 2114 stragulas

776 2126 954 2156 purpureas
960 2127 1071 2158 magna
1081 2127 1154 2147 cum
1163 2125 1230 2148 arte
1240 2125 1352 2151 textas.

780 2163 907 2191 Oserum
919 2163 1084 2204 superbum
1098 2187 1107 2201 ‚
1126 2164 1348 2205 splendidum;

776 2209 833 2238 inf.
853 2209 917 2249 697
939 2217 970 2240 et
997 2221 1062 2249 70⁰
1085 2211 1194 2241 aulaea
1216 2212 1351 2253 superba

776 2262 807 2286 et
823 2263 938 2287 ostrum
955 2264 1157 2290 stratum.-—-
1169 2259 1248 2295 640.
1267 2261 1350 2290 Vasa
