1402 2460
575 89 697 118 LIBER
722 89 780 117 111.
1220 87 1280 115 1115

69 154 184 189 Sacra
204 150 298 187 mari
319 148 456 185 colitur
476 146 602 184 medio
625 147 834 197 gratissima
856 146 966 183 tellus

68 210 276 249 Nereidum
298 209 410 246 matri
429 218 466 245 et
485 210 665 258 Neptuno
685 209 833 259 AEgaeo,

68 276 192 318 Quam
213 272 297 321 pius
314 270 555 316 Arcitenens,
578 281 663 305 oras
683 277 720 305 ct
742 268 854 305 litora
876 269 1019 304 circuni
1254 278 1282 309 ς’»

69 336 286 379 Errantem,
306 335 435 381 Gyaro
454 331 552 367 celsa
572 332 816 380 Myconoque
834 329 1020 375 revinxit,

68 397 347 443 Immotamque
367 392 441 429 coli
460 391 581 436 dedit,
602 399 639 427 ct
658 400 902 427 contemnere
924 398 1068 426 ventos.

66 456 152 491 Huc
174 453 294 499 scror;
316 453 396 489 haec
417 452 534 489 fessos
554 459 637 488 tuto
656 451 911 501 placidissima
931 459 1045 500 portu

67 514 232 564 Adcipit.
255 513 404 563 Egressi
424 525 654 549 veneramur
673 511 862 562 Apollinis
882 510 1030 547 urbem.

68 577 150 612 Rex
170 575 309 621 Anius,
331 587 395 611 rex
418 573 519 611 idem
539 572 739 613 hominum
756 572 967 622 Phoebique
988 571 1185 618 sacerdos,
1252 584 1282 603 ει»

66 701 206 731 insolens
232 712 296 731 esse
326 712 392 731 non
412 700 549 730 videtur.
579 702 645 731 Jos.

66 747 231 779 Schrader.
256 754 361 777 tamen
384 748 419 776 iu
445 745 569 776 schedis
597 748 645 775 in-

66 795 193 836 geniose
210 795 293 831 conj.
315 794 386 823 lene
403 792 612 832 increpitans.

116 841 169 877 73.
190 839 300 869 Medio
324 838 440 869 colitur
461 838 547 869 Gud.
571 849 646 868 cum

67 887 175 917 multis
191 885 268 916 aliis.
287 888 387 916 Porro
401 886 510 915 Burm.
528 885 560 915 h.
577 885 599 915 l.
615 892 646 915 et

65 934 127 972 jani
141 932 180 962 ad
190 931 285 963 ovid.
297 934 376 962 Fast.
389 934 446 968 VI,
466 942 526 970 177
543 943 647 962 emen-

67 979 119 1010 dat
140 978 328 1021 gratissima
348 978 464 1016 Delus,
487 979 646 1019 probante

66 1027 249 1056 Bunnauno
276 1024 424 1056 Secundo
453 1025 491 1054 ad
511 1025 645 1056 Anthol.

67 1075 154 1103 Poet.
166 1074 232 1102 Lat.
248 1083 280 1113 p.
294 1073 371 1109 460,
382 1071 468 1101 addit
480 1071 645 1102 Schrader.

68 1118 246 1149 Emendatt.
267 1129 294 1149 e.
317 1119 334 1148 3
347 1141 355 1154 ‚
373 1129 404 1158 p.
422 1119 480 1158 393
494 1118 584 1158 quod
602 1120 647 1149 sic

68 1176 196 1205 quoque
223 1165 256 1194 in
281 1166 346 1195 Ciri
368 1176 400 1195 V.
426 1166 491 1203 473
519 1165 644 1205 legitur.

68 1213 107 1242 Et
125 1211 220 1241 habet
243 1222 317 1241 sane
342 1222 406 1252 quo
430 1211 562 1252 placeat.
588 1213 646 1241 Vi-

70 1257 200 1288 deamus
227 1265 332 1288 tamen
346 1281 354 1296 ‚
386 1268 494 1288 annon
523 1259 648 1299 poetica

69 1305 190 1333 ratione
203 1305 392 1343 exquisitius
406 1310 545 1344 ponatur
558 1314 648 1344 gene-

69 1351 171 1380 ricum
194 1360 332 1387 nomen,
361 1349 464 1380 tellus.
491 1352 591 1380 Porro
612 1351 648 1380 in

70 1397 124 1427 tali
142 1397 268 1437 positu,
289 1403 326 1426 ut
344 1396 396 1425 hic
415 1396 512 1426 verba
531 1396 619 1426 vides
639 1406 647 1427 ε

72 1444 173 1472 Sacra
190 1442 432 1485 —gratissima
460 1442 554 1472 tellus
581 1444 647 1473 Ne-

70 1489 191 1519 reidum
209 1489 320 1526 matri,
337 1495 442 1530 potest
456 1489 537 1519 forte
556 1490 650 1519 tellus

71 1537 168 1577 magis
182 1536 316 1577 placere.
341 1536 447 1566 Tellus
466 1543 568 1566 autem
588 1547 648 1577 pro

70 1582 173 1612 insula
183 1593 249 1613 uon
263 1582 340 1613 adeo
354 1582 526 1612 abhorrere
539 1583 578 1612 ab
588 1594 649 1613 usu

69 1635 237 1669 poetarum
245 1629 450 1667 videtur.—7
460 1631 544 1667 3-—7
553 1640 582 1667 7.
591 1631 651 1659 De-

70 1674 132 1712 lus,
149 1675 226 1705 olim
236 1677 314 1705 mari
325 1686 412 1716 vaga,
428 1675 555 1705 tandem
569 1677 652 1705 inter

71 1721 216 1762 Gyarum
224 1724 477 1763 Myconumque,
489 1721 650 1763 Cyclades,

72 1768 227 1805 consedit,
246 1766 434 1810 ἐστήρικται,
448 1767 513 1797 fixa
527 1775 582 1799 est.
592 1769 650 1799 Ni-

71 1814 117 1844 hil
133 1815 278 1855 amplius.
293 1814 382 1845 fllari
393 1814 498 1844 medio
511 1825 564 1844 seu
576 1815 651 1855 quia

72 1861 250 1902 Cycladum
267 1861 369 1891 media
381 1861 489 1891 habita
504 1860 651 1902 dictaque

71 1907 230 1946 Straboni,
244 1908 349 1939 Plinio
359 1915 389 1938 et
399 1908 519 1939 Solino.
534 1920 562 1939 v.
580 1909 651 1939 Cer-

73 1952 130 1991 da,
153 1961 184 1985 et
200 1954 280 1985 adde
299 1955 421 1986 Gallim.
445 1956 480 1984 in
499 1956 539 1985 D.
564 1956 648 1992 300,

73 2001 180 2042 Steph.
197 2003 330 2043 Byzant.
350 2002 382 2031 in
406 2003 501 2036 Δῆλες
513 2024 521 2039 ,
539 2002 650 2042 ibique

73 2047 201 2088 Intpp.,
217 2059 273 2078 seu
291 2048 492 2089 simpliciter,
513 2049 547 2078 in
567 2048 650 2085 alt03

73 2093 170 2124 modo
185 2093 339 2136 loquendi
349 2096 521 2125 Homerico
531 2095 648 2136 Odyss.

77 2135 116 2176 δ,
134 2141 211 2178 844,
228 2147 263 2171 ut
280 2141 408 2172 moxde
418 2142 510 2173 Creta
524 2152 555 2172 v.
576 2148 650 2178 104.

76 2186 249 2217 Nereidum
264 2188 376 2226 macri,
392 2188 518 2226 Doridi,
529 2195 560 2217 et
571 2190 654 2228 Nep-

77 2240 151 2264 tuno
173 2232 311 2276 (AEgaeo
337 2234 440 2274 dicto,
471 2234 560 2277 quod
586 2236 653 2274 ejus

701 700 808 730 sedem
833 700 866 728 in
883 701 988 740 AEgaeo
1013 699 1093 727 mari
1117 705 1281 737 poetarum

702 747 840 775 narratio
869 745 1087 781 consecravit,
1111 751 1147 772 ut
1170 744 1222 774 vel
1244 756 1282 773 ex

701 794 844 822 Homero
877 798 1008 827 notum,
1035 801 1066 821 v,
1096 790 1203 821 Guell.
1233 791 1281 819 vel

702 838 829 880 Ccrd.).
849 837 1042 868 Gratissima
1058 838 1097 866 iis
1116 837 1216 866 Delus
1227 848 1284 874 ,ex

700 887 830 926 antiqua
842 884 1026 922 fabula.—7
1035 884 1065 914 5.
1080 883 1171 913 Prius
1189 884 1283 913 inter-

699 939 842 973 pretatur
849 934 1004 972 Pompon.
1017 930 1087 961 Sab.
1099 937 1129 960 et
1138 937 1282 960 notatum

700 989 760 1019 pro
772 989 836 1010 var.
853 978 926 1009 lect.
940 979 975 1007 iu
986 977 1142 1008 Servianis
1154 988 1161 1013 3
1173 978 1283 1017 sicque

701 1025 823 1066 aliquot
859 1026 956 1055 Pierii
987 1031 1112 1064 tresque
1146 1025 1254 1054 Burm.
1274 1048 1281 1063 ,

701 1071 790 1112 quod
813 1072 875 1109 jam
897 1070 1041 1102 Broukh.
1067 1069 1234 1110 probarat,
1253 1078 1285 1100 et

702 1119 795 1149 docte
806 1118 976 1148 illustravit
983 1118 1156 1147 Burmann.
1168 1119 1284 1147 Secun-

703 1166 762 1195 dus
778 1165 818 1195 ad
837 1164 970 1195 Anthol.
990 1163 1012 1194 l.
1036 1174 1064 1194 c.
1085 1174 1117 1203 p.
1137 1163 1222 1200 460,
1247 1171 1285 1192 ut

702 1214 743 1242 sit
755 1212 846 1253 prius
864 1217 1036 1242 errantem.
1058 1209 1112 1240 Ad
1127 1217 1219 1240 terrae
1238 1216 1282 1238 ta-

703 1269 777 1288 men
805 1265 928 1288 motum
962 1257 1022 1286 sub
1056 1257 1204 1297 Augusto
1221 1279 1229 1293 ,
1259 1257 1285 1284 si

703 1304 904 1335 Tertulliano
934 1302 1014 1334 fides
1038 1301 1183 1332 habenda
1195 1325 1203 1340 ,
1219 1302 1282 1331 fac-

704 1358 771 1381 tum
796 1350 906 1380 referri
930 1349 983 1379 hic
1002 1349 1083 1378 nihil
1106 1356 1222 1389 potest.
1238 1366 1284 1371 -—

703 1397 796 1435 Pius,
813 1403 919 1438 gratus
933 1406 1006 1438 erga
1024 1395 1176 1433 insulam,
1194 1393 1283 1437 φίλην

703 1441 843 1481 uerno-nm
866 1444 901 1473 iu
926 1453 988 1483 qua
1009 1449 1074 1472 erat
1097 1449 1201 1472 natus,
1222 1444 1284 1473 Res

703 1490 755 1520 vel
768 1501 809 1521 ex
823 1489 1008 1521 Callimachi
1024 1491 1157 1530 Hymno
1171 1490 1206 1519 in
1221 1490 1284 1519 De-

703 1537 771 1567 lum
796 1543 883 1568 nota.
914 1536 1103 1566 Arcitenens
1129 1546 1196 1566 vox
1221 1536 1284 1574 jam

703 1585 816 1615 Naevio
829 1584 960 1623 aliisque
978 1583 1080 1624 poetis
1097 1589 1169 1612 ante
1182 1583 1287 1623 Virgi-

704 1630 783 1660 lium
798 1630 1006 1671 frequentata.
1022 1641 1054 1659 v.
1068 1629 1138 1658 loca
1155 1639 1204 1668 ap.
1220 1630 1286 1658 Ma-

706 1677 795 1707 crob.
810 1678 873 1714 Vl,
893 1676 912 1705 5
930 1683 960 1706 et
974 1677 1139 1706 Ursinum.
1160 1676 1242 1703 Oras
1256 1683 1287 1704 et

706 1723 802 1753 litora
813 1723 928 1752 circum
941 1723 1114 1751 Errantem
1125 1721 1287 1750 illustrant

705 1769 758 1799 illa
778 1769 863 1809 apud
888 1768 1070 1800 callimach.
1096 1768 1118 1797 l.
1139 1778 1165 1798 e.
1190 1778 1220 1798 v.
1243 1773 1282 1803 41

706 1826 773 1856 sqq.
793 1814 953 1852 Βενὶηπῐῑ,
968 1814 1051 1850 fixit,
1068 1816 1103 1844 in
1117 1812 1222 1843 medio
1236 1815 1286 1843 in-

706 1869 754 1891 ter
782 1863 962 1902 Myconum
984 1867 1015 1891 et
1039 1861 1205 1901 Gyarum3
1229 1862 1287 1890 etsi

704 1908 773 1938 haec
795 1908 905 1949 paullo
928 1908 1081 1937 remotior
1104 1907 1207 1937 videri
1229 1917 1287 1948 po-

705 1962 775 1986 test.
794 1973 841 1978 --
862 1954 916 1992 76.
943 1953 1032 1986 Ordo
1053 1953 1225 1984 verborum
1244 1953 1284 1983 ab

705 2003 814 2032 Heius.
825 2001 965 2032 Medicei
972 2001 1180 2040 aliorumque,
1190 2001 1284 2030 etiam

705 2050 924 2079 Pieriauorum
963 2046 1055 2077 codd.
1100 2048 1284 2077 auctoritate

705 2102 751 2124 est
776 2096 952 2124 restitutus.
971 2093 1079 2134 Vulgo
1100 2094 1135 2123 in
1158 2095 1284 2134 seriptis

708 2149 737 2171 et
754 2141 845 2172 editis
863 2141 923 2182 leg.
943 2142 1082 2180 ,Mycone
1096 2140 1182 2170 celsa
1199 2141 1285 2179 Gya-

707 2199 814 2228 roque.
849 2187 909 2219 Sed
925 2210 933 2225 ,
968 2188 1105 2226 Mycone
1134 2188 1286 2217 vitiosum

708 2246 790 2273 esse,
811 2242 840 2265 et
855 2235 976 2266 Pierius
991 2233 1071 2265 vidit
1084 2241 1114 2265 et
1129 2234 1220 2265 facile
1235 2245 1285 2275 ap-
