1433 2460
158 122 174 130 s
182 117 415 130 ιιςιςιιιςιπς
421 113 1361 127 :us§22xsuzsvstssmzstsummmmtssm

437 306 982 374 EXCURSUS
1051 307 1082 372 I

519 507 603 549 AD
640 506 876 549 LIBRUM
910 505 990 548 IV.

265 678 337 718 De
362 673 564 727 Didone,
585 673 775 736 ejusque
794 671 1030 718 amoribus
1049 682 1095 717 et
1110 681 1261 718 aetace.

201 833 277 862 Cum
290 853 298 867 ‚
327 831 352 859 si
376 830 560 859 historicam
587 828 684 859 fidem
712 830 870 870 sequaris,
898 828 1034 859 Didonis
1063 835 1136 859 aetas
1163 829 1236 869 plns
1263 838 1358 870 quam

155 887 234 918 ‹JCC
247 886 337 915 annis
353 895 369 913 a
388 885 492 923 Trojae
509 883 634 913 excidio
650 885 819 924 AEneaeque
839 883 1002 914 erroribus
1021 883 1156 914 abfuisse
1174 883 1272 925 vulgo
1286 894 1358 914 nar-

154 948 242 971 retur
263 939 372 981 (quod
386 940 451 978 jam
473 949 489 968 a
506 939 615 969 Servio
631 937 835 967 observatum
857 938 964 968 videas
980 938 1018 968 ad
1034 950 1064 969 v.
1087 938 1194 980 459),
1209 938 1307 969 modo
1323 939 1359 968 in

153 994 332 1026 accusando
346 993 443 1024 modo
458 994 493 1023 in
509 992 692 1023 excusando
705 1000 813 1033 poeta,
828 994 885 1034 qui
900 993 1037 1023 Didonis
1051 993 1215 1024 amoribus
1230 995 1361 1024 AEneam

154 1050 331 1092 implicuit,
357 1048 451 1078 multi
477 1047 565 1078 docti
589 1048 651 1077 viri
677 1049 793 1089 passim
820 1058 949 1088 operam
973 1059 1062 1078 suam
1085 1056 1273 1089 posuerunt.
1299 1047 1360 1079 Sed

154 1106 235 1135 hanc
259 1104 508 1145 disputationem
527 1110 697 1143 antequam
718 1103 928 1143 attingamus,
954 1103 1027 1141 alia,
1043 1113 1141 1144 eaque
1159 1110 1271 1134 nostro
1287 1104 1358 1145 qui-

154 1160 227 1189 dem
249 1157 373 1198 judicio
392 1159 530 1200 gravior,
554 1157 687 1199 quaestio
711 1164 758 1187 est
778 1157 991 1198 expedienda,
1013 1168 1109 1199 quam
1127 1159 1276 1189 intactam
1295 1159 1359 1189 fere

154 1214 293 1255 relinqui
306 1213 428 1251 videas,
445 1212 522 1254 quid
544 1212 671 1243 tandem
689 1219 816 1254 poetam
833 1212 874 1243 ad
888 1212 971 1243 hanc
993 1214 1218 1255 cogitationem
1232 1224 1267 1244 ac
1281 1224 1358 1244 con-

154 1270 259 1299 filium
275 1267 444 1298 adduxisse
459 1267 561 1298 videri
578 1268 692 1308 possit,
716 1274 753 1297 ut
775 1268 913 1298 Didonis
927 1278 1048 1298 amores
1066 1269 1101 1298 in
1119 1278 1246 1299 carmen
1263 1279 1358 1299 suum

150 1324 306 1354 inferret?
329 1333 444 1353 casune
468 1332 509 1352 an
526 1323 648 1352 ratione
675 1331 715 1351 an
738 1322 886 1363 exemplo
907 1321 969 1353 hoc
990 1323 1190 1363 potissimum
1214 1322 1358 1363 episodio

153 1387 228 1407 usus
252 1378 311 1415 sit,
329 1387 403 1406 cum
418 1375 478 1406 alia
491 1375 572 1406 forte
591 1386 665 1405 cum
683 1382 864 1416 temporum
882 1377 1003 1406 ratione
1025 1377 1123 1416 magis
1147 1382 1358 1406 consentanea

154 1431 191 1462 ad
207 1442 337 1462 manum
351 1432 472 1462 essent?

199 1488 272 1518 Jam
289 1485 368 1527 quid
383 1492 477 1527 poeta
495 1485 530 1515 in
547 1491 610 1516 tota
625 1484 684 1515 hac
700 1486 822 1516 ratione
843 1492 997 1527 sequutus
1009 1484 1066 1525 sit,
1079 1484 1157 1517 dum
1173 1488 1301 1517 AEneam
1318 1487 1359 1517 ad

152 1541 271 1571 Africae
286 1540 362 1570 litus
378 1546 564 1581 tempestate
585 1541 777 1570 atrocissima
792 1545 898 1569 actum
920 1539 1077 1577 admovit,
1092 1546 1123 1570 et
1138 1550 1233 1580 supra
1246 1548 1290 1571 est
1305 1552 1360 1571 ex-

153 1595 309 1636 positum,
323 1601 354 1624 et
368 1595 406 1624 iis
427 1595 484 1634 qui
497 1593 671 1635 Odysseam
689 1595 795 1624 animo
811 1600 937 1631 tenent,
954 1594 1131 1624 obscurum
1149 1605 1214 1624 esse
1234 1596 1358 1636 nequit.

154 1650 235 1679 Cum
249 1649 334 1678 enim
350 1648 473 1689 Ulyssis
492 1658 614 1678 errores
630 1659 705 1678 cum
720 1659 761 1678 ex
777 1648 845 1678 aliis
859 1648 1010 1688 periculis
1023 1658 1060 1678 ac
1076 1649 1201 1680 casibus
1212 1671 1220 1686 ,
1233 1656 1303 1679 tum
1319 1660 1359 1679 ex

153 1702 318 1744 naufragio
337 1703 474 1732 maxime
492 1709 523 1732 et
542 1703 696 1741 ejectione
719 1701 843 1743 Ulyssis
862 1702 896 1731 in
912 1702 1054 1742 ignotam
1070 1709 1204 1741 terram,
1222 1703 1359 1733 multum
1394 1730 1397 1734 .

154 1756 270 1786 habere
288 1757 450 1786 suavitatis
462 1779 470 1795 ,
492 1757 670 1797 variariqne
687 1756 900 1786 narrationem
919 1755 1054 1794 videret,
1071 1766 1145 1786 cum
1167 1757 1194 1786 is
1215 1756 1274 1786 alia
1290 1757 1360 1787 loca

156 1818 279 1841 tantum
305 1812 461 1853 attigisse,
481 1811 550 1841 aliis
575 1810 771 1852 aliquamdiu
796 1810 984 1840 immoratus
1011 1821 1076 1841 esse
1097 1810 1273 1849 diceretur;
1297 1812 1358 1842 nisi

151 1866 294 1904 jejunam
313 1872 345 1895 et
363 1875 478 1906 parum
494 1875 624 1894 suavem
648 1875 738 1894 suam
753 1863 848 1893 vellet
869 1874 934 1894 esse
954 1864 1167 1895 narrationem
1190 1863 1229 1894 de
1251 1866 1359 1895 AEneae

154 1919 371 1961 navigatione,
388 1919 450 1949 hoc
472 1918 557 1949 idem
573 1918 634 1948 sibi
646 1917 728 1948 vidit
745 1928 811 1947 esse
826 1917 1022 1958 sequendum
1032 1941 1040 1956 ,
1056 1924 1094 1948 nt
1108 1920 1237 1949 AEneam
1256 1920 1358 1949 ventis

153 1985 188 2004 ac
209 1973 360 2015 procellis
379 1983 395 2003 a
416 1984 514 2004 cursu
531 1973 693 2012 dejectum
708 1973 743 2003 in
761 1979 916 2003 remotam
940 1980 1070 2013 terram,
1088 1973 1128 2004 de
1146 1984 1208 2014 qna
1221 1983 1304 2004 nova
1320 1985 1356 2004 ac

153 2030 231 2058 mira
244 2028 391 2070 quaedam
405 2030 527 2059 narrari
539 2034 684 2070 possent,
700 2028 882 2069 expelleret.
898 2029 980 2060 Cum
993 2035 1096 2059 autem
1111 2029 1147 2058 in
1159 2029 1238 2058 mari
1254 2029 1358 2060 Medi·-

154 2091 298 2114 terraneo
308 2108 316 2122 ‚
334 2094 351 2113 a
366 2083 489 2114 Troade
503 2094 612 2114 versus
627 2083 766 2121 Italiam,
785 2084 944 2125 navigatio
958 2081 1066 2120 fieret,
1085 2083 1111 2113 si
1128 2093 1238 2114 omnes
1251 2085 1356 2115 animo

152 2137 289 2167 litorales
313 2138 418 2179 plagas
441 2148 644 2178 percenseas,
669 2137 757 2168 nulla
774 2136 865 2167 facile
883 2137 1097 2177 opportunior
1124 2143 1205 2166 terra
1225 2139 1356 2180 cogitari

153 2197 272 2231 potest,
297 2202 408 2232 quam,
435 2202 497 2233 qua
519 2202 595 2222 usus
621 2198 667 2221 est
692 2197 800 2232 poeta,
828 2190 1102 2231 Carthaginiensis,
1127 2191 1200 2221 Jam
1215 2192 1355 2231 primum

153 2245 242 2287 quod
258 2246 391 2277 australe
407 2248 607 2287 potissimum
622 2246 698 2277 litus
719 2245 804 2278 adire
827 2251 991 2286 tempestas
1006 2246 1111 2285 coegit
1132 2247 1278 2285 AEneam,
1293 2246 1355 2276 fac-
