1433 2460
114 141 178 183 390
582 138 802 170 lixtithsrs
830 140 858 169 ΙΙ

113 203 187 242 ling.
206 203 292 232 Non.
314 201 386 230 Non
401 198 486 229 enim
501 199 559 229 nisi
576 199 682 229 eadent
699 200 762 228 sore
778 205 900 228 recocta
915 199 1028 239 passim
1044 197 1158 228 videas.
1177 199 1231 228 Est
1242 207 1316 228 sane

113 257 202 286 tertia
221 255 288 285 lia-c
306 254 426 295 epocha
438 278 446 292 ,
469 254 575 295 paullo
600 255 752 283 maturius
770 254 850 283 forte
868 260 898 284 et
919 254 971 283 illa
988 252 1224 291 constituenda,
1241 263 1316 283 vern

110 311 246 342 Didonis
269 316 358 347 artas,
375 311 401 339 si
417 308 546 350 quidem
571 307 622 336 illa
646 307 860 347 Pygmalionis
875 308 936 337 suit
950 318 1057 345 soror,
1075 308 1241 350 Mutgonis
1259 318 1315 337 seu

108 365 239 396 Memini
264 363 340 394 filia.
372 365 476 393 Fuisse
506 369 610 391 tamen
638 370 841 390 communem
870 367 1012 391 veterum
1039 372 1196 399 errorem,
1223 368 1259 391 ut
1278 360 1316 391 ad

108 418 269 448 Didonem
285 419 385 458 prima
402 415 598 455 Carthaginis
614 413 744 444 exordia
759 414 928 452 referrent,
944 425 1009 446 non
1023 415 1119 446 modo
1133 427 1174 446 ex
1189 416 1244 453 iis,
1259 417 1315 456 qui

109 473 298 502 vetustiores
311 473 521 512 exscripsere‚
537 469 682 500 Cedreno
697 480 728 510 p.
749 474 822 506 140,
840 476 870 499 et
894 471 947 500 Jo.
963 469 1065 499 Malea
1079 480 1110 510 p.
1127 470 1189 508 683
1203 480 1315 500 verum

108 528 200 556 otiam
230 538 270 556 rx
295 528 444 568 Appiano
467 526 579 556 Punic.
605 536 653 565 pr.
681 530 820 562 constat,
844 525 916 565 qni,
937 531 1109 555 memorata
1131 525 1189 554 ista
1213 526 1314 566 prima

109 582 197 611 urbis
211 582 334 622 origine
350 584 372 611 L
388 588 460 612 ante
484 581 515 611 b.
533 581 620 618 'l‘r0j.
637 577 844 623 a‘nuisuaddit
859 589 865 609 :
883 594 897 605 ιι
913 579 1102 611 Conditores
1114 580 1201 610 fuere
1215 581 1315 610 Zorus

106 643 136 666 ct
162 636 369 675 Carchedon3
393 644 430 666 ut
455 647 530 666 vero
550 636 685 666 Romani
703 641 734 665 et
751 634 812 675 ipsi
829 634 1102 676 Carthaginienses
1123 634 1315 676 opinantur,

106 691 206 728 Dido,
232 691 346 721 mulier
364 691 472 732 Tyria.
498 705 512 716 υ
538 692 576 719 In
593 695 682 719 tanto
699 690 805 729 itaque
829 690 1021 730 scriptorum
1037 691 1233 730 optimorum
1254 688 1317 719 dis-

107 755 216 781 sensu,
236 752 384 786 tantaque
404 747 448 774 rei
473 744 685 781 obscuritate,
704 745 777 784 quis
800 743 863 773 hoc
883 754 898 773 a
917 751 1010 785 poeta
1028 743 1169 785 postulet
1187 744 1237 774 vel
1260 755 1316 774 ex-

106 807 242 840 spectet,
268 807 303 830 ut
321 807 501 841 temporum
527 801 664 830 rationes
682 798 846 837 subtilius,
869 809 964 840 quarn
982 800 1043 840 ipsi
1060 798 1219 837 historici,
1239 798 1314 829 sub-

106 853 224 883 ducere
243 855 415 884 sustineat?
431 853 633 884 Monendum
651 860 681 882 et
703 852 786 882 illud
809 864 955 894 quoque,
975 854 1040 892 jam
1054 859 1127 883 ante
1140 853 1313 895 Virgilium

104 917 226 937 amores
251 907 387 938 Didonis
408 915 439 937 et
463 910 569 938 AEueae
587 906 687 936 videri
704 907 880 937 celebratos
899 907 992 938 fuisse
1009 907 1049 938 ab
1071 907 1231 938 historicis
1250 909 1312 938 Ro-

103 971 188 991 man.
214 961 341 991 Nullam
360 963 457 1003 igitur
475 963 509 992 in
531 962 660 992 Didone
680 961 717 991 ad
736 963 842 992 AEneae
858 969 980 993 aetatem
996 962 1189 1001 revocanda,
1204 973 1311 1003 repre-

103 1016 265 1045 hensionis
282 1018 442 1047 materiam
460 1017 604 1054 subesse,
629 1028 670 1046 ex
688 1018 741 1055 iis,
758 1028 829 1057 quae
853 1017 1010 1058 disputata
1027 1025 1117 1057 sunt,
1135 1019 1207 1048 satis
1220 1018 1312 1049 iutel-

103 1070 156 1110 ligi
174 1078 264 1111 puto.

455 1351 555 1404 EX
564 1352 842 1406 CURSUS
882 1351 944 1404 ΙΙ.

314 1537 545 1600 Apollinis
579 1555 785 1584 accessus
810 1539 878 1583 ad
911 1537 1091 1583 Delam.

145 1681 191 1709 lv
204 1703 212 1716 ,
232 1681 412 1721 143—149
432 1680 563 1722 Qualis,
588 1681 641 1711 ubi
652 1680 821 1712 hibernam
842 1681 971 1721 Lyciam
987 1679 1171 1722 Xanthique
1175 1681 1308 1725 fluenta

98 1733 244 1771 Deserit,
265 1745 306 1764 ac
321 1735 438 1765 Delum
455 1743 636 1766 maternam
648 1735 759 1766 ‘invisit
773 1736 892 1777 Apollo
902 1759 911 1772 ,
931 1738 1160 1777 Instauratque
1175 1735 1305 1773 choros,

98 1788 256 1830 mixtique
277 1789 399 1819 altaria
425 1790 543 1820 circam
576 1790 744 1832 Cretesque
769 1793 977 1832 Dryopesque
991 1790 1143 1833 fremunt
1162 1790 1308 1833 pictique

96 1844 284 1885 Agathyrsi.
311 1846 384 1885 Ipse
404 1844 492 1887 jugis
512 1845 627 1885 Cynthi
644 1845 814 1888 graditur,
844 1846 998 1888 mollique
1002 1847 1165 1890 fluentem
1181 1847 1309 1877 Fronde

92 1898 213 1937 premit
226 1899 348 1929 crinem
353 1899 490 1942 fingens
501 1924 511 1937 ,
531 1908 628 1942 atque
643 1901 790 1942 implicat
805 1912 883 1931 auro
893 1914 906 1938 ;
925 1902 1005 1932 Tela
1024 1909 1144 1932 sonant
1155 1901 1304 1933 humeris.

94 1954 232 1994 Insignis
248 1954 505 1995 phantasmatum
521 1962 552 1985 et
568 1956 743 1986 verborum
757 1956 909 1998 dignitate
929 1957 1020 1988 locus
1032 1980 1040 1995 ,
1071 1958 1163 1996 cujus
1179 1967 1251 1998 pars
1267 1968 1308 1987 ex

94 2007 292 2046 Apollonio,
314 2008 369 2039 sed
394 2009 533 2039 multum
551 2011 715 2049 ornatius,
741 2011 947 2048 adumbrata,
970 2011 1027 2041 lib.
1048 2013 1081 2048 I,
1111 2011 1306 2051 307—-309

93 2053 165 2095 Οἷός
181 2058 211 2090 δ’
227 2061 261 2092 ἐν.
275 2062 355 2096 νηοῖο
374 2060 506 2099 θυώδεος
522 2059 592 2095 εἶσιν
607 2055 757 2096 Ᾱπόλλων
769 2089 778 2104 ,
799 2068 893 2100 Δῆλον
915 2064 963 2096 ἀν’
975 2064 1112 2109 ἠγαθέην
1127 2063 1162 2098 ἠὲ
1181 2067 1304 2109 Κλάρον

93 2114 112 2147 ἦ
130 2113 184 2159 ’ἂγε
203 2116 292 2147 Πυθὼ
305 2141 313 2155 ,
343 2110 369 2148 fi
385 2116 498 2152 Λυκίην
515 2117 632 2162 εὐρεῖαν
650 2117 700 2150 ἐπὶ
718 2118 840 2150 Ξάνθοιο
860 2118 943 2164 ῥοτζσι
966 2119 1097 2161 (confer
1113 2121 1206 2150 etiam
1233 2132 1303 2151 ver-

92 2180 146 2200 sus
163 2170 220 2200 lib.
245 2172 280 2209 1,
304 2172 507 2213 {wo—539,
528 2180 559 2204 et
575 2173 631 2205 lib.
649 2175 700 2211 ΙΙ,
721 2174 784 2213 677
803 2185 870 2215 sqq.
888 2187 896 2212 ;
916 2176 992 2204 item
1010 2174 1131 2205 Gallim.
1153 2175 1187 2205 in
1205 2176 1300 2206 Dian.

94 2229 156 2259 241
187 2235 254 2265 sqq.
267 2225 300 2266 );
319 2226 437 2267 reliqna
458 2228 539 2258 forte
561 2239 602 2258 ex
627 2228 688 2259 alio
711 2229 824 2259 Graeco
840 2236 944 2270 poeta.
962 2230 1048 2260 Ante
1066 2229 1178 2260 oculos
1191 2230 1301 2260 locum

90 2279 232 2310 Maronis
250 2279 363 2311 habuit
387 2283 531 2313 Avienus
555 2283 634 2314 Orb.
657 2285 746 2315 Terr.
774 2285 838 2322 705
860 2295 905 2326 sq.
924 2284 980 2315 ubi
1002 2295 1148 2327 compara
1167 2287 1297 2317 Werns-
