1433 2460
116 151 178 180 36ss
568 151 788 181 Excl'RSIJS
815 151 860 179 ΠΙ

115 219 187 237 vum
204 208 268 237 suis
288 207 456 238 Dardaniis
478 218 510 238 se
532 210 650 249 recepit
668 210 699 238 in
719 219 822 238 arcem
841 210 1024 249 Pergamum
1037 229 1045 241 ,
1070 205 1097 237 ἐν
1123 201 1143 248 ἦ
1171 205 1224 238 καὶ
1247 206 1313 251 ἱερὰ

115 260 154 292 τὰ
178 265 313 304 πατρῷα
335 262 396 297 τοῖς
413 259 530 305 Τρωσὶν
546 259 581 297 ἦν
594 286 602 299 ,
628 273 759 304 eamque
781 262 932 293 defendit.
952 263 1032 293 Cum
1057 269 1159 293 tamen
1176 262 1316 301 videret,

114 318 252 347 hostium
270 317 422 357 impetum
437 317 492 347 diu
511 319 658 347 sustineri
673 327 739 347 non
753 327 843 357 posse
853 339 861 354 ,
876 317 1042 347 hominum
1059 327 1194 358 corpora
1211 314 1265 348 καὶ
1279 315 1319 348 τὰ

115 370 180 414 ἱερὰ
193 369 231 401 τὰ
243 374 378 415 πατρῷα
393 379 423 403 et
437 382 512 412 opes
527 382 650 401 servare
660 371 765 401 studet
777 383 786 409 ς
805 377 883 408 tum,
894 370 1018 402 infirma
1028 372 1233 402 multitudine
1243 381 1320 414 prm-

114 428 203 455 missa
216 449 224 463 ,
243 428 310 468 ipse
323 437 396 456 cum
413 427 586 465 juvenibus
600 426 633 456 in
648 425 711 456 Idae
725 426 897 456 munitiora
910 426 980 455 loca
993 425 1151 464 discessit,
1166 425 1318 471 ἀγόμενος

115 478 166 510 ἐπὶ
181 481 246 516 ταῖς
264 479 404 524 συνωρίσι
429 478 479 511 τόν
503 491 535 511 τε
559 480 686 524 πατέρα
709 477 763 512 καὶ
788 478 857 516 τοὺς
879 479 963 516 θεοὺς
984 480 1159 524 πατρῴους.
1180 482 1316 513 Indein-

114 536 217 565 duciis
234 546 307 565 cum
322 535 468 566 hostibus
485 536 590 575 factis,
612 536 773 574 discessit,
789 531 987 578 παραλαὲὼν
1002 533 1053 565 τὸν
1067 534 1192 579 πατέρα
1209 533 1263 567 καὶ
1277 534 1318 566 τὰ

114 587 168 622 ἕδη
185 592 245 620 τῶν
263 591 338 621 θεῶν
367 590 398 621 h.
422 602 449 622 e.
476 591 653 621 simulacra.
669 593 709 621 Et
723 601 797 631 agro
815 592 970 620 Laurente
999 596 1092 631 capto
1117 600 1144 621 c.
1170 590 1211 620 55
1229 590 1250 621 f.
1267 591 1320 622 alii

113 644 145 672 in
167 643 273 673 locum
298 643 457 673 indictum
483 646 613 674 Penates
633 640 700 684 (τὰ
721 639 775 676 ἕδη
790 645 850 673 τῶν
866 642 964 683 θεῶν)
982 653 999 673 e
1015 643 1150 673 navibus
1164 643 1319 682 efferunt,

112 698 163 728 alii
183 709 259 729 vero
276 698 364 728 bases
387 696 536 741 (βάθρα)
555 706 585 728 et
601 709 667 729 aras
685 699 761 740 ipsis
773 704 916 728 statuunt
927 720 935 735 ,
961 698 1111 729 mulieres
1127 705 1231 729 autem
1246 709 1320 729 cnm

112 751 237 782 ululatu
256 759 286 782 et
303 752 428 782 choreis
441 763 526 782 sacra
546 760 802 794 prosequuntur,
828 759 859 782 et
873 762 900 782 c.
919 752 958 790 57
976 748 1115 795 ἱδρύεται
1130 749 1170 783 τὰ
1187 749 1242 785 ἕδη
1258 755 1318 783 τῶν

111 805 186 835 θεῶν
213 805 241 836 ἐν
264 809 308 848 τῷ
331 804 500 849 κρατίστῳ.
523 807 620 836 Vides
643 807 801 837 Hellanici
824 806 920 836 verba
942 807 1080 836 maxime
1095 812 1198 847 poetae
1213 806 1319 837 animo

110 860 278 897 insedisse,
297 868 327 890 et
352 862 486 902 viguisse
517 862 649 891 omnino
675 861 789 891 famam
811 862 973 901 antiquam
998 860 1037 891 de
1059 862 1189 891 servatis
1216 861 1320 900 Trojae

110 913 287 944 simulacris
303 921 456 944 vetustate
473 925 529 945 sua
546 915 735 945 venerandis
746 937 754 952 ‚
771 925 843 956 quae
853 915 979 946 excidio
993 915 1082 946 urbis
1096 914 1179 946 facto
1189 937 1197 952 ,
1211 925 1318 945 secum

113 967 285 998 abduxerit
306 971 428 1000 AEneas.

158 1023 264 1052 Fuisse
293 1029 399 1052 autem
428 1030 557 1064 penates
584 1022 752 1053 simulacra
781 1023 937 1061 deorum,
954 1029 986 1053 et
1010 1022 1159 1063 quidem,
1183 1032 1256 1052 cum
1279 1023 1317 1052 ab

110 1077 208 1105 AEnea
232 1077 354 1116 portari
377 1084 526 1117 possent,
542 1077 661 1118 lignea,
681 1075 847 1117 formaque
875 1076 1009 1107 deornm
1032 1076 1143 1113 solita,
1161 1077 1248 1106 vittis
1265 1087 1318 1107 co-

110 1135 240 1166 ronata,
260 1140 301 1160 ex
319 1130 397 1160 locis
414 1141 500 1171 seqq.
528 1141 679 1172 apparere
699 1129 827 1160 videtur
844 1139 852 1160 :
872 1131 920 1160 ΙΙΙ
936 1132 1008 1161 AEn.
1032 1130 1094 1166 148
1115 1129 1250 1172 Effigies
1268 1140 1318 1160 sa-

109 1192 171 1211 crae
186 1182 291 1212 divum
309 1182 507 1225 Phrygiique
524 1187 683 1222 Penates,
702 1194 781 1226 quos
797 1194 920 1214 mecum
936 1193 958 1212 a
976 1183 1074 1225 Troja
1087 1183 1262 1224 mediisque
1276 1192 1319 1213 εκ

110 1235 236 1276 ignibus
251 1237 336 1267 urbis
361 1239 575 1276 Extuleram,
598 1239 666 1269 visi
689 1247 766 1269 ante
786 1239 895 1269 oculos
922 1238 1052 1269 adstare
1062 1238 1222 1280 jacentis,
1242 1245 1273 1269 et
1286 1249 1318 1271 v.

114 1292 175 1330 173
192 1303 301 1322 coram
317 1303 510 1334 cognoscere
531 1295 641 1324 vulcus
664 1294 859 1335 Velatasque
876 1303 986 1323 comas
1003 1293 1112 1335 (vittis
1127 1300 1205 1334 puta
1223 1300 1256 1323 et
1269 1294 1318 1322 in-

109 1344 205 1385 fulis)
219 1345 364 1386 religatas
372 1346 611 1388 praesentiaque
631 1357 688 1376 ora
706 1346 854 1376 videbar.
875 1347 1003 1377 Servius
1017 1345 1056 1376 ad
1079 1347 1143 1383 111,
1165 1346 1226 1381 148
1249 1345 1317 1376 haec

107 1398 203 1429 habet
218 1409 225 1430 :
241 1414 256 1425 «
277 1401 379 1429 Varro
396 1410 470 1430 sane
489 1402 604 1430 Rerum
628 1401 854 1430 Humanarum
876 1400 1016 1430 secundo
1032 1400 1075 1430 ait
1094 1401 1223 1430 AEneam
1241 1399 1316 1430 deos

107 1456 239 1484 Penates
261 1455 295 1485 in
322 1454 444 1485 Italiam
473 1454 637 1485 reduxisse
652 1453 781 1497 (hocset
796 1455 942 1485 Macrob.
958 1456 1008 1486 III
1019 1477 1027 1492 ,
1045 1461 1063 1491 4
1080 1454 1215 1496 repetit)
1230 1465 1316 1496 quae-

108 1508 180 1538 dam
197 1509 301 1550 lignea
316 1509 367 1539 vel
386 1509 508 1550 lapidea
527 1509 643 1550 sigilla,
663 1508 751 1550 quod
780 1508 944 1540 evidenter
972 1510 1127 1550 exprimit
1154 1508 1291 1539 dicendo
1309 1520 1316 1539 :

111 1562 244 1605 Effigies
262 1573 362 1593 sac-ree
377 1563 482 1594 divum
496 1563 691 1605 Phrygiique
706 1566 847 1594 Penates
857 1575 870 1600 ;
887 1565 1032 1604 quamvis
1054 1563 1116 1594 alio
1138 1564 1211 1595 loco
1243 1563 1317 1593 alias

109 1618 277 1658 opiniones
295 1624 448 1658 sequutus
475 1618 598 1648 diversa
618 1618 745 1649 dixerit.
758 1633 774 1645 n
789 1621 923 1650 Romam
935 1642 944 1656 ,
963 1625 1001 1648 ut
1021 1629 1098 1649 mox
1117 1619 1295 1650 videbimus
1307 1643 1315 1657 ‚

108 1670 239 1701 deducti
258 1681 370 1701 arcana
386 1672 528 1712 primum
539 1672 692 1713 religione
700 1671 829 1710 haberi,
841 1683 919 1703 mox
931 1678 1036 1703 tamen
1051 1673 1222 1704 hominnm
1239 1684 1316 1704 con-

111 1727 235 1766 spectui
244 1726 360 1764 subjici
371 1736 407 1755 ac
418 1726 543 1768 vulgari
553 1733 731 1767 coeperunt.
741 1727 823 1758 Nam
833 1728 969 1769 Dionys.
987 1727 1089 1759 Halic.
1104 1729 1119 1758 I
1131 1750 1140 1764 ,
1153 1727 1196 1758 68
1206 1730 1317 1760 Romae

108 1780 143 1808 in
162 1778 228 1809 aede
244 1778 340 1809 deum
357 1780 523 1809 Penatium
541 1779 602 1809 sub
611 1779 712 1809 Veliis
729 1779 781 1821 (v.
800 1780 911 1820 paullo
929 1779 1029 1822 inf.)‚
1049 1780 1115 1811 duo
1129 1781 1248 1812 Genios
1261 1792 1316 1812 seu

109 1833 336 1871 adolescentes,
351 1833 530 1864 sedentium
546 1833 662 1864 habitu
677 1841 709 1864 et
727 1834 848 1864 hastam
865 1845 963 1866 manu
980 1836 1160 1866 tenentium
1178 1835 1316 1872 viderat,

112 1897 212 1927 eoque
233 1888 345 1918 Timaei
366 1887 464 1918 fidem
489 1889 609 1927 elevat,
633 1890 688 1930 qni
711 1899 797 1919 mera
814 1888 982 1932 κηρύκεια,
999 1889 1173 1926 caduceos,
1196 1900 1260 1920 esse
1276 1889 1315 1919 ab

110 1941 145 1969 in
172 1942 270 1971 'aenis
282 1941 444 1980 audieram
462 1942 543 1973 forte
559 1950 663 1973 tamen
682 1954 741 1973 nec
756 1942 819 1973 hoc
833 1943 927 1982 falso,
946 1945 972 1974 si
986 1943 1020 1973 id
1039 1943 1078 1973 ad
1095 1943 1244 1974 informia
1260 1953 1314 1983 rn-

113 1993 164 2023 dis
192 1995 267 2024 artis
299 2005 395 2036 opera
410 1996 552 2034 ⁷referas3
578 2004 647 2027 tum
679 2004 812 2038 potuere
828 2019 837 2034 ,
861 2003 897 2027 ut
926 1999 960 2027 in
992 1998 1094 2028 Diana
1113 1996 1264 2037 Ephesia,
1284 2003 1315 2026 et

113 2048 190 2078 alibi
213 2049 352 2087 factum,
370 2049 509 2092 antiquis
533 2062 606 2081 cum
623 2053 775 2093 temporis
798 2063 946 2083 successu
968 2052 1120 2082 substitui
1141 2051 1199 2081 alia
1225 2051 1313 2093 signa

93 2132 100 2136 ,
114 2104 221 2133 minus
235 2104 336 2135 rudia.
355 2106 423 2136 Dijs
439 2108 559 2148 magnis
572 2107 813 2138 Samothracicis
828 2118 881 2137 eos
895 2113 1055 2147 comparat
1068 2106 1204 2147 Dionys.
1222 2107 1254 2143 Ι,
1270 2105 1313 2146 69

111 2157 217 2198 specie
235 2165 265 2188 et
282 2159 394 2190 habitu
405 2184 413 2198 ‚
430 2162 486 2201 qui
505 2172 577 2191 cum
599 2161 637 2192 iis
653 2161 749 2202 signis
772 2161 938 2198 convenit,
955 2160 1075 2200 quaein
1090 2160 1196 2190 numis
1211 2158 1316 2190 adhue

116 2211 270 2243 videmus.
288 2213 326 2243 In
350 2217 471 2253 numis,
487 2217 636 2257 gemmis,
655 2216 884 2254 marmoribus,
904 2222 941 2246 ut
963 2216 997 2245 in
1018 2215 1096 2246 Tab.
1113 2215 1207 2245 Iliaca
1220 2224 1252 2245 n.
1271 2213 1313 2254 98

118 2273 149 2296 et
172 2278 184 2297 1
195 2277 231 2306 17
249 2267 322 2309 (sed
338 2269 407 2299 talia
426 2272 618 2313 unicuique,
631 2271 730 2303 libros
745 2271 924 2310 evolventi,
940 2271 1137 2302 occurrentia
1152 2269 1316 2301 ambitiose
