1433 2460
144 70 203 97 ¹9¹²

645 62 797 91 ffiNElffl
807 63 837 91 JS

134 120 226 153 Ater
246 126 278 151 vl
299 117 452 153 alterius
470 118 642 166 sequitur
659 118 706 155 dc
726 120 867 155 cortice
887 120 1047 168 sanguis.

134 177 254 212 Multa
273 189 426 212 movens
447 177 592 223 animo,
609 179 805 229 Nymphas
823 178 1033 216 venerabar
1053 179 1228 228 agrestis,

135 236 424 284 Gradivumque
447 246 592 286 patrem
605 266 614 283 ,
633 240 776 276 Geticis
791 240 855 289 qui
878 240 1054 290 praesidet
1071 239 1170 276 arvis
1191 254 1197 273 :
1309 247 1339 271 35

137 298 222 333 Riu-
243 296 492 334 svcuudarent
510 298 630 345 visus,
649 313 837 349 omenque
855 301 1033 339 levarent.

136 357 262 392 'sertia
283 356 347 393 scd
369 367 568 407 postquam
586 361 728 410 majore
746 361 895 398 hastilia
914 362 998 399 nisu

138 416 372 465 Adgredior,
388 418 626 469 genibusque
646 421 814 458 advcrsae
834 421 1010 459 obluctor
1032 435 1154 460 arenae
1174 437 1179 456 :

137 477 320 525 Eloquar,
337 490 383 513 :m
400 479 553 516 sileam?
570 481 730 529 gemitus
748 480 990 518 lacrimabilis
1010 482 1086 518 imo

136 536 302 572 Auditur
320 538 484 584 tumulo,
503 549 540 576 ct
558 552 633 576 vox
650 539 797 577 reddita
818 542 938 577 fertur
955 541 1001 577 ad
1020 539 1121 578 auris
1139 555 1147 577 :
1308 553 1340 577 tw

139 617 149 624 ω
171 596 274 641 Quid
294 599 491 644 miserum,
511 601 647 645 AEuea,
668 600 919 651 lacerasljam
938 613 1052 650 parce
1068 601 1235 650 sepulto,
1254 611 1256 614 ·

138 659 253 693 Parce
274 658 353 706 pias
370 659 555 696 scelerare
573 673 716 697 manus.
734 664 821 698 Non
841 674 900 697 me
921 661 989 698 tibi
1010 661 1123 711 Troja

140 718 344 753 Externum
365 718 467 763 tulit,
489 727 553 755 aut
571 733 686 756 cruor
704 720 764 756 hic
786 720 832 756 dc
848 721 975 769 stipite
994 728 1129 756 manat.

139 777 239 811 Heu!
259 776 344 826 suge
365 778 528 815 crudelis
546 788 683 824 terras,
704 780 789 829 suge
805 780 891 817 litus
912 782 1088 816 avarum!

138 837 233 871 Nam
250 836 460 885 Polydorus
475 851 557 887 ego.
575 839 646 876 Hic
663 840 852 876 conlixum
875 840 996 876 ferrea
1018 839 1111 876 texit
1310 847 1341 875 ⁴65

137 895 316 932 Telorum
335 910 458 946 seges,
475 907 511 934 et
525 899 659 947 jaculis
679 899 838 936 increvit
859 899 988 936 acutis.
1010 915 1023 929 υ

137 1029 185 1057 nis
212 1038 355 1063 manare,
378 1030 536 1069 legissent.
561 1031 601 1061 ef.
625 1033 713 1061 Serv.

138 1074 175 1103 ad
200 1086 229 1104 v.
259 1076 311 1109 46.
345 1077 499 1116 Exempla
526 1085 602 1107 sunt
631 1077 715 1117 apud

138 1120 321 1151 Callimach.
349 1123 389 1152 H.
409 1123 442 1152 iu
469 1124 538 1154 Cer.
560 1124 714 1164 Apollon.

137 1170 214 1208 Arg.
231 1170 281 1205 11,
304 1174 370 1208 479
385 1180 431 1209 sq.
449 1171 481 1200 Si
498 1170 576 1210 quid
595 1172 714 1201 mirum

137 1213 238 1244 videri
252 1215 346 1245 debet
356 1238 364 1252 ‚
380 1217 420 1245 sit
436 1217 517 1246 forte
530 1216 609 1254 hoc,
627 1217 713 1258 quod

136 1262 251 1291 nostris
261 1261 365 1292 adhuc
378 1263 576 1303 temporibus
585 1266 710 1300 Tassus,

136 1309 347 1348 Ariostusque
373 1319 447 1339 cum
476 1312 636 1350 Speucero
662 1321 711 1341 ea-

135 1354 207 1383 dem
222 1354 327 1384 sabula
343 1355 477 1386 feliciter
492 1357 541 1386 usi
553 1364 639 1387 sunt.

185 1401 331 1437 34—36.
343 1402 445 1433 Valde
459 1404 568 1433 animo
577 1410 711 1433 aestuans

135 1458 230 1488 super
272 1448 411 1489 prodigii
454 1451 570 1480 caussis
613 1450 711 1481 adoro

134 1494 300 1535 Nymphas
324 1496 562 1537 Hamadryades
579 1503 610 1526 et
627 1499 711 1527 Mar-

137 1548 200 1570 tem
215 1541 390 1582 Indigetem
403 1565 410 1580 ‚
429 1550 465 1573 ut
483 1543 602 1572 malum
617 1554 712 1574 omen

134 1595 286 1618 avertant.
306 1589 398 1618 Visus
418 1600 479 1631 pro
501 1591 604 1619 visum
622 1590 655 1620 h.
682 1601 709 1621 c.

133 1641 293 1664 ostentum
305 1659 313 1671 ‚
333 1643 536 1676 portentum,
557 1635 646 1676 quod
663 1647 712 1666 se-

133 1681 289 1717 cundum,
311 1682 389 1712 felix
404 1693 481 1719 esse,
497 1690 528 1712 et
543 1682 660 1719 levari,
677 1684 712 1713 iu

134 1728 256 1758 bonum
289 1730 435 1759 converti
459 1729 544 1765 vult,
566 1736 603 1759 ut
631 1729 712 1759 bene

133 1776 220 1804 Serv.
235 1777 318 1805 Mox
336 1776 377 1805 38
395 1775 554 1812 obluctor,
572 1772 712 1806 ἀντιςαί-

133 1832 173 1849 νω
186 1843 194 1857 ,
215 1828 251 1850 ut
264 1823 372 1852 Burm.
385 1845 393 1859 ‚
412 1829 465 1852 aut
480 1818 648 1864 ἀντερείδω
663 1841 709 1846 —

136 1868 187 1896 35.
207 1867 443 1909 Gradivomque
461 1869 545 1899 Gud.
564 1879 579 1899 a
595 1881 638 1900 m.
659 1881 706 1911 pr.

133 1914 220 1952 quod
246 1915 421 1955 praeferam.
445 1917 569 1946 Mirum
603 1923 709 1946 autem

133 1961 166 1988 in
193 1960 251 1990 hac
283 1973 362 1992 voce
395 1964 530 2003 primam
560 1962 707 2003 produci.

135 2006 241 2035 Brevis
258 2015 303 2037 est
322 2009 406 2049 apud
427 2009 540 2040 Silium
562 2011 635 2047 XV,
657 2011 707 2040 15.

138 2052 417 2095 Grandoevumque
479 2055 555 2086 duo.
599 2056 710 2086 Armis

136 2099 250 2128 Hamb.
266 2110 326 2130 sec.
346 2102 417 2131 Oris
431 2104 557 2144 Menag.
575 2113 623 2143 pr.

182 2151 237 2180 40.
258 2147 395 2176 Auditus
413 2159 439 2178 e.
460 2157 523 2180 vet.
548 2149 619 2180 cod.
638 2149 701 2179 lau-

134 2191 227 2222 datur
243 2192 277 2222 in
293 2194 459 2224 Servianis.
478 2197 520 2226 Ec
533 2198 628 2227 Deest
643 2197 711 2226 Me-

769 1041 838 1071 uag.
849 1041 897 1070 pr.
910 1030 966 1060 Ad
974 1040 1071 1059 auras
1083 1036 1220 1070 quatuor
1233 1031 1340 1059 burm.

770 1084 806 1107 ut
821 1087 902 1117 saepe
915 1077 1012 1114 alibi,
1029 1078 1074 1106 sic
1090 1076 1146 1107 inf.
1168 1078 1223 1116 93.

818 1129 857 1159 41
871 1124 983 1159 —45.
1007 1125 1082 1153 Jam
1103 1123 1228 1153 taudem
1241 1132 1342 1162 parce

767 1181 790 1199 s.
802 1188 848 1193 -—
860 1176 913 1206 42.
935 1173 1037 1200 Parce
1053 1180 1096 1201 sc.
1112 1170 1144 1200 h.
1163 1182 1190 1201 e.
1207 1169 1275 1200 noli
1287 1169 1342 1209 (ut

767 1217 851 1257 apud
862 1219 973 1247 Horat.
989 1224 1021 1247 et
1036 1216 1075 1247 al.
1084 1216 1107 1258 ),
1121 1217 1263 1257 polluere
1277 1226 1341 1245 sce-

766 1262 831 1293 lere
859 1274 981 1294 manus.
1004 1264 1088 1294 Male
1112 1264 1169 1292 alia
1195 1263 1342 1298 Servius;

768 1316 799 1340 at
829 1318 914 1340 recte
947 1310 1030 1340 idem
1067 1310 1223 1350 sepultum
1260 1309 1292 1339 h.
1319 1308 1340 1337 l.

765 1355 845 1387 vidit
873 1368 938 1387 esse
964 1357 1094 1387 fortuita
1113 1356 1268 1386 obrutum
1283 1362 1341 1385 ter-

766 1414 799 1433 ra
813 1403 877 1444 (cf.
891 1403 929 1433 ad
944 1415 972 1433 v.
993 1403 1059 1444 22).
1077 1419 1124 1426 —-
1141 1408 1196 1439 42,
1214 1404 1267 1439 43.
1287 1403 1341 1432 Me

765 1449 823 1479 tibi
850 1461 914 1479 non
941 1457 1109 1480 externum
1131 1449 1226 1490 Troja
1245 1448 1336 1483 tulit,

764 1497 917 1536 protulit,
935 1497 1062 1538 geuui13
1079 1496 1110 1526 h.
1130 1506 1157 1526 e.
1183 1497 1341 1534 Trojanus

765 1553 847 1573 sum.
875 1544 949 1574 Non
971 1553 1068 1573 cruor
1089 1542 1130 1572 de
1145 1542 1268 1582 stipite,
1285 1541 1340 1572 sed

766 1589 805 1618 de
819 1600 890 1619 meo
903 1600 1038 1630 corpore
1052 1596 1166 1619 manat.
1177 1605 1224 1612 ·—
1233 1588 1340 1630 Vulgo

765 1634 872 1671 lmud;
886 1637 920 1666 in
933 1646 998 1675 quo
1008 1636 1073 1665 fere
1086 1646 1210 1676 semper
1219 1635 1341 1665 variant

764 1681 850 1712 libri.
877 1683 946 1712 Aut
971 1692 1048 1712 vero
1074 1692 1134 1723 pro
1166 1693 1225 1712 nec
1246 1682 1339 1711 etiam

765 1728 799 1757 in
814 1739 907 1769 prosa
920 1730 1053 1769 ponitur
1061 1730 1096 1759 in
1109 1728 1204 1758 simili
1218 1735 1342 1759 senten-

766 1775 828 1812 tia,
845 1775 912 1805 scil.
933 1786 999 1805 non
1022 1776 1063 1805 de
1079 1774 1202 1816 stipite,
1223 1774 1276 1805 sed
1300 1774 1340 1804 de

764 1832 835 1852 meo
850 1832 995 1863 corpore.

812 1870 854 1904 45
865 1892 874 1906 ‚
910 1869 964 1904 46.
998 1870 1095 1910 §eges
1127 1869 1260 1899 telorum
1295 1868 1339 1897 ιἠ-

763 1915 858 1946 crevit
877 1913 999 1957 jaculis
1016 1915 1117 1946 acutis
1130 1937 1138 1952 ‚
1156 1914 1188 1944 h.
1203 1925 1231 1944 e.
1261 1914 1337 1951 tela,

762 1970 798 1993 ut
817 1963 927 1993 emissa
954 1968 1043 1992 erant
1065 1963 1099 1991 in
1124 1971 1192 1999 me,
1217 1961 1250 1990 in
1276 1960 1338 1991 hoc

763 2009 889 2039 tumulo
908 2008 1026 2049 (sentit
1037 2018 1163 2038 mecum
1179 2009 1337 2048 Pompon.

762 2055 894 2096 Sabin.)
910 2061 1122 2085 excreverunt
1139 2055 1174 2084 in
1189 2054 1336 2091 arbores,

763 2101 848 2132 uude
864 2101 966 2140 jacula
981 2108 1145 2142 petuntur.
1163 2102 1208 2131 Ita
1221 2100 1339 2142 jaculis

763 2155 811 2179 est
843 2158 932 2178 casus
955 2149 1083 2184 tertius,
1104 2158 1164 2189 pro
1193 2147 1225 2177 in
1247 2147 1339 2190 jacu-

764 2196 809 2226 la.
826 2195 954 2236 Alioqui
977 2196 1069 2235 copia
1084 2196 1183 2226 otiosa
1215 2195 1338 2225 dictum
