<?xml version="1.0" encoding="UTF-8"?>
<!DOCTYPE html PUBLIC "-//W3C//DTD XHTML 1.0 Transitional//EN"
    "http://www.w3.org/TR/xhtml1/DTD/xhtml1-transitional.dtd">
<html xmlns="http://www.w3.org/1999/xhtml" xml:lang="en" lang="en">
 <head>
  <title>
</title>
<meta http-equiv="Content-Type" content="text/html;charset=utf-8" />
  <meta name='ocr-system' content='tesseract 3.04.00' />
  <meta name='ocr-capabilities' content='ocr_page ocr_carea ocr_par ocr_line ocrx_word'/>
</head>
<body>
  <div class='ocr_page' id='page_1' title='image "./operahey02virguoft_0178.png"; bbox 0 0 1433 2460; ppageno 0'>
   <div class='ocr_carea' id='block_1_1' title="bbox 123 116 182 150">
    <p class='ocr_par' dir='ltr' id='par_1_1' title="bbox 123 116 182 150">
     <span class='ocr_line' id='line_1_1' title="bbox 123 116 182 150; baseline -0.017 -5"><span class='ocrx_word' id='word_1_1' title='bbox 123 116 182 150; x_wconf 68' lang='grc'>16].</span> 
     </span>
    </p>
   </div>
   <div class='ocr_carea' id='block_1_2' title="bbox 621 115 818 146">
    <p class='ocr_par' dir='ltr' id='par_1_2' title="bbox 621 115 818 146">
     <span class='ocr_line' id='line_1_2' title="bbox 621 115 818 146; baseline 0.01 -2"><span class='ocrx_word' id='word_1_2' title='bbox 621 115 818 146; x_wconf 76' lang='lat' dir='ltr'>AENEmos</span> 
     </span>
    </p>
   </div>
   <div class='ocr_carea' id='block_1_3' title="bbox 118 169 1317 462">
    <p class='ocr_par' dir='ltr' id='par_1_3' title="bbox 118 169 1317 346">
     <span class='ocr_line' id='line_1_3' title="bbox 118 169 1317 226; baseline 0.003 -16"><span class='ocrx_word' id='word_1_3' title='bbox 118 175 229 210; x_wconf 80' lang='lat' dir='ltr'>Nunc</span> <span class='ocrx_word' id='word_1_4' title='bbox 246 184 403 208; x_wconf 71' lang='lat' dir='ltr'>mort-rc.</span> <span class='ocrx_word' id='word_1_5' title='bbox 421 186 435 201; x_wconf 86' lang='lat'>»</span> <span class='ocrx_word' id='word_1_6' title='bbox 453 171 535 207; x_wconf 87' lang='lat' dir='ltr'>Hoc</span> <span class='ocrx_word' id='word_1_7' title='bbox 551 169 696 219; x_wconf 87' lang='lat' dir='ltr'>dicens,</span> <span class='ocrx_word' id='word_1_8' title='bbox 713 174 845 211; x_wconf 75' lang='lat' dir='ltr'>altaria</span> <span class='ocrx_word' id='word_1_9' title='bbox 862 174 908 212; x_wconf 85' lang='lat' dir='ltr'>ad</span> <span class='ocrx_word' id='word_1_10' title='bbox 925 175 1004 226; x_wconf 69' lang='lat' dir='ltr'>ipsa</span> <span class='ocrx_word' id='word_1_11' title='bbox 1023 183 1242 213; x_wconf 79' lang='lat' dir='ltr'>trementem</span> <span class='ocrx_word' id='word_1_12' title='bbox 1269 184 1317 209; x_wconf 81' lang='lat'>⁵⁵0</span> 
     </span>
     <span class='ocr_line' id='line_1_4' title="bbox 119 231 1048 286; baseline 0.003 -16"><span class='ocrx_word' id='word_1_13' title='bbox 119 235 251 271; x_wconf 74' lang='lat' dir='ltr'>Traxit</span> <span class='ocrx_word' id='word_1_14' title='bbox 271 242 306 268; x_wconf 67' lang='lat' dir='ltr'>ct</span> <span class='ocrx_word' id='word_1_15' title='bbox 329 232 366 268; x_wconf 85' lang='lat' dir='ltr'>in</span> <span class='ocrx_word' id='word_1_16' title='bbox 388 231 506 270; x_wconf 84' lang='lat' dir='ltr'>multo</span> <span class='ocrx_word' id='word_1_17' title='bbox 524 232 731 284; x_wconf 83' lang='lat' dir='ltr'>lapsantem</span> <span class='ocrx_word' id='word_1_18' title='bbox 751 236 932 286; x_wconf 81' lang='lat' dir='ltr'>sanguine</span> <span class='ocrx_word' id='word_1_19' title='bbox 950 236 1026 273; x_wconf 79' lang='lat' dir='ltr'>nati</span> <span class='ocrx_word' id='word_1_20' title='bbox 1040 265 1048 281; x_wconf 89' lang='lat'>,</span> 
     </span>
     <span class='ocr_line' id='line_1_5' title="bbox 119 293 1125 346; baseline 0.003 -15"><span class='ocrx_word' id='word_1_21' title='bbox 119 293 386 343; x_wconf 75' lang='lat' dir='ltr'>Implicuitque</span> <span class='ocrx_word' id='word_1_22' title='bbox 404 304 549 329; x_wconf 88' lang='lat' dir='ltr'>comam</span> <span class='ocrx_word' id='word_1_23' title='bbox 565 293 678 341; x_wconf 80' lang='lat' dir='ltr'>iaeva,</span> <span class='ocrx_word' id='word_1_24' title='bbox 698 294 908 346; x_wconf 77' lang='lat' dir='ltr'>dextraque</span> <span class='ocrx_word' id='word_1_25' title='bbox 926 310 1125 340; x_wconf 74' lang='lat' dir='ltr'>coruscum</span> 
     </span>
    </p>

    <p class='ocr_par' dir='ltr' id='par_1_4' title="bbox 119 352 1076 403">
     <span class='ocr_line' id='line_1_6' title="bbox 119 352 1076 403; baseline 0.004 -12"><span class='ocrx_word' id='word_1_26' title='bbox 119 355 282 399; x_wconf 79' lang='lat' dir='ltr'>Extulit,</span> <span class='ocrx_word' id='word_1_27' title='bbox 301 366 343 390; x_wconf 85' lang='lat' dir='ltr'>ac</span> <span class='ocrx_word' id='word_1_28' title='bbox 361 353 467 389; x_wconf 79' lang='lat' dir='ltr'>lateri</span> <span class='ocrx_word' id='word_1_29' title='bbox 487 353 623 403; x_wconf 85' lang='lat' dir='ltr'>capulo</span> <span class='ocrx_word' id='word_1_30' title='bbox 645 362 753 392; x_wconf 85' lang='lat' dir='ltr'>tenus</span> <span class='ocrx_word' id='word_1_31' title='bbox 771 356 919 395; x_wconf 88' lang='lat' dir='ltr'>abdidit</span> <span class='ocrx_word' id='word_1_32' title='bbox 939 352 1076 395; x_wconf 80' lang='lat' dir='ltr'>ensem.</span> 
     </span>
    </p>

    <p class='ocr_par' dir='ltr' id='par_1_5' title="bbox 120 413 1032 462">
     <span class='ocr_line' id='line_1_7' title="bbox 120 413 1032 462; baseline 0.003 -10"><span class='ocrx_word' id='word_1_33' title='bbox 120 418 210 452; x_wconf 73' lang='lat' dir='ltr'>11a2c</span> <span class='ocrx_word' id='word_1_34' title='bbox 231 414 312 451; x_wconf 83' lang='lat' dir='ltr'>finis</span> <span class='ocrx_word' id='word_1_35' title='bbox 333 414 471 450; x_wconf 84' lang='lat' dir='ltr'>Priami</span> <span class='ocrx_word' id='word_1_36' title='bbox 492 413 655 451; x_wconf 77' lang='lat' dir='ltr'>satorum</span> <span class='ocrx_word' id='word_1_37' title='bbox 674 430 684 462; x_wconf 90' lang='lat'>;</span> <span class='ocrx_word' id='word_1_38' title='bbox 702 414 766 452; x_wconf 87' lang='lat' dir='ltr'>hic</span> <span class='ocrx_word' id='word_1_39' title='bbox 783 417 906 455; x_wconf 82' lang='lat' dir='ltr'>exitus</span> <span class='ocrx_word' id='word_1_40' title='bbox 926 418 1032 455; x_wconf 86' lang='lat' dir='ltr'>illum</span> 
     </span>
    </p>
   </div>
   <div class='ocr_carea' id='block_1_4' title="bbox 121 474 1210 529">
    <p class='ocr_par' dir='ltr' id='par_1_6' title="bbox 121 474 1210 529">
     <span class='ocr_line' id='line_1_8' title="bbox 121 474 1210 529; baseline 0.004 -17"><span class='ocrx_word' id='word_1_41' title='bbox 121 478 232 512; x_wconf 70' lang='lat' dir='ltr'>Sorte</span> <span class='ocrx_word' id='word_1_42' title='bbox 253 475 337 513; x_wconf 87' lang='lat' dir='ltr'>tulit</span> <span class='ocrx_word' id='word_1_43' title='bbox 345 502 360 529; x_wconf 17' lang='lat' dir='ltr'>,v</span> <span class='ocrx_word' id='word_1_44' title='bbox 370 475 524 525; x_wconf 87' lang='lat' dir='ltr'>Trojam</span> <span class='ocrx_word' id='word_1_45' title='bbox 541 474 750 524; x_wconf 86' lang='lat' dir='ltr'>incensam,</span> <span class='ocrx_word' id='word_1_46' title='bbox 770 484 807 514; x_wconf 88' lang='lat' dir='ltr'>et</span> <span class='ocrx_word' id='word_1_47' title='bbox 827 478 1003 528; x_wconf 87' lang='lat' dir='ltr'>prolapsa</span> <span class='ocrx_word' id='word_1_48' title='bbox 1019 478 1210 516; x_wconf 86' lang='lat' dir='ltr'>videntem</span> 
     </span>
    </p>
   </div>
   <div class='ocr_carea' id='block_1_5' title="bbox 120 627 699 2300">
    <p class='ocr_par' dir='ltr' id='par_1_7' title="bbox 120 627 698 1403">
     <span class='ocr_line' id='line_1_9' title="bbox 169 627 697 669; baseline 0 -10"><span class='ocrx_word' id='word_1_49' title='bbox 169 628 235 659; x_wconf 84' lang='lat'>550</span> <span class='ocrx_word' id='word_1_50' title='bbox 267 638 335 669; x_wconf 84' lang='lat' dir='ltr'>sqq.</span> <span class='ocrx_word' id='word_1_51' title='bbox 366 627 378 669; x_wconf 94' lang='lat'>(</span> <span class='ocrx_word' id='word_1_52' title='bbox 388 629 503 658; x_wconf 73' lang='lat' dir='ltr'>seneca</span> <span class='ocrx_word' id='word_1_53' title='bbox 543 630 697 669; x_wconf 84' lang='lat' dir='ltr'>expressit</span> 
     </span>
     <span class='ocr_line' id='line_1_10' title="bbox 121 675 696 715; baseline -0.002 -8"><span class='ocrx_word' id='word_1_54' title='bbox 121 675 237 707; x_wconf 85' lang='lat' dir='ltr'>Troad.</span> <span class='ocrx_word' id='word_1_55' title='bbox 263 681 305 711; x_wconf 72' lang='lat'>44</span> <span class='ocrx_word' id='word_1_56' title='bbox 328 686 393 715; x_wconf 84' lang='lat' dir='ltr'>sqq.</span> <span class='ocrx_word' id='word_1_57' title='bbox 414 675 470 704; x_wconf 83' lang='lat' dir='ltr'>ubi</span> <span class='ocrx_word' id='word_1_58' title='bbox 487 675 635 706; x_wconf 81' lang='lat' dir='ltr'>AEacidae</span> <span class='ocrx_word' id='word_1_59' title='bbox 648 686 696 706; x_wconf 85' lang='lat' dir='ltr'>re-</span> 
     </span>
     <span class='ocr_line' id='line_1_11' title="bbox 122 721 697 763; baseline 0.002 -12"><span class='ocrx_word' id='word_1_60' title='bbox 122 721 328 763; x_wconf 78' lang='lat' dir='ltr'>tinendum.)</span> <span class='ocrx_word' id='word_1_61' title='bbox 355 724 391 750; x_wconf 89' lang='lat' dir='ltr'>In</span> <span class='ocrx_word' id='word_1_62' title='bbox 412 722 478 762; x_wconf 79' lang='lat' dir='ltr'>ipsa</span> <span class='ocrx_word' id='word_1_63' title='bbox 503 733 571 760; x_wconf 83' lang='lat' dir='ltr'>ara,</span> <span class='ocrx_word' id='word_1_64' title='bbox 595 733 611 752; x_wconf 89' lang='lat' dir='ltr'>e</span> <span class='ocrx_word' id='word_1_65' title='bbox 634 733 697 762; x_wconf 88' lang='lat' dir='ltr'>qua</span> 
     </span>
     <span class='ocr_line' id='line_1_12' title="bbox 121 768 696 799; baseline 0.002 -1"><span class='ocrx_word' id='word_1_66' title='bbox 121 775 301 798; x_wconf 79' lang='lat' dir='ltr'>surrexerat</span> <span class='ocrx_word' id='word_1_67' title='bbox 342 768 461 798; x_wconf 83' lang='lat' dir='ltr'>hastam</span> <span class='ocrx_word' id='word_1_68' title='bbox 499 769 696 799; x_wconf 79' lang='lat' dir='ltr'>immissurus</span> 
     </span>
     <span class='ocr_line' id='line_1_13' title="bbox 122 816 696 855; baseline 0 -10"><span class='ocrx_word' id='word_1_69' title='bbox 122 817 266 846; x_wconf 79' lang='lat' dir='ltr'>Priamus</span> <span class='ocrx_word' id='word_1_70' title='bbox 276 838 284 853; x_wconf 90' lang='lat'>‚</span> <span class='ocrx_word' id='word_1_71' title='bbox 301 822 449 855; x_wconf 83' lang='lat' dir='ltr'>tanquam</span> <span class='ocrx_word' id='word_1_72' title='bbox 464 816 624 845; x_wconf 70' lang='lat' dir='ltr'>victimam</span> <span class='ocrx_word' id='word_1_73' title='bbox 640 817 696 845; x_wconf 88' lang='lat' dir='ltr'>im-</span> 
     </span>
     <span class='ocr_line' id='line_1_14' title="bbox 122 862 693 903; baseline 0.004 -12"><span class='ocrx_word' id='word_1_74' title='bbox 122 862 253 892; x_wconf 82' lang='lat' dir='ltr'>molavit</span> <span class='ocrx_word' id='word_1_75' title='bbox 278 863 436 891; x_wconf 80' lang='lat' dir='ltr'>Primnum</span> <span class='ocrx_word' id='word_1_76' title='bbox 454 862 693 903; x_wconf 81' lang='lat' dir='ltr'>Neoptolemus.</span> 
     </span>
     <span class='ocr_line' id='line_1_15' title="bbox 121 907 695 949; baseline 0.002 -12"><span class='ocrx_word' id='word_1_77' title='bbox 121 907 282 949; x_wconf 76' lang='lat' dir='ltr'>Implicut&#39;t</span> <span class='ocrx_word' id='word_1_78' title='bbox 297 919 421 937; x_wconf 80' lang='lat' dir='ltr'>comam</span> <span class='ocrx_word' id='word_1_79' title='bbox 431 920 443 944; x_wconf 90' lang='lat'><em>;</em></span> <span class='ocrx_word' id='word_1_80' title='bbox 468 919 542 949; x_wconf 84' lang='lat' dir='ltr'>ergo</span> <span class='ocrx_word' id='word_1_81' title='bbox 557 919 629 939; x_wconf 86' lang='lat' dir='ltr'>cum</span> <span class='ocrx_word' id='word_1_82' title='bbox 647 920 695 939; x_wconf 85' lang='lat' dir='ltr'>ce-</span> 
     </span>
     <span class='ocr_line' id='line_1_16' title="bbox 122 955 696 996; baseline 0.003 -12"><span class='ocrx_word' id='word_1_83' title='bbox 122 956 196 985; x_wconf 80' lang='lat' dir='ltr'>teris</span> <span class='ocrx_word' id='word_1_84' title='bbox 223 956 316 986; x_wconf 83' lang='lat' dir='ltr'>armis</span> <span class='ocrx_word' id='word_1_85' title='bbox 338 965 369 985; x_wconf 76' lang='grc' dir='ltr'>ν.</span> <span class='ocrx_word' id='word_1_86' title='bbox 396 955 472 994; x_wconf 76' lang='lat'><strong>509.</strong></span> <span class='ocrx_word' id='word_1_87' title='bbox 503 966 548 996; x_wconf 87' lang='lat' dir='ltr'>sq.</span> <span class='ocrx_word' id='word_1_88' title='bbox 578 956 696 996; x_wconf 81' lang='lat' dir='ltr'>galeam</span> 
     </span>
     <span class='ocr_line' id='line_1_17' title="bbox 121 1002 692 1039; baseline -0.002 -7"><span class='ocrx_word' id='word_1_89' title='bbox 121 1012 190 1032; x_wconf 85' lang='lat' dir='ltr'>non</span> <span class='ocrx_word' id='word_1_90' title='bbox 214 1008 376 1031; x_wconf 82' lang='lat' dir='ltr'>sumserat.</span> <span class='ocrx_word' id='word_1_91' title='bbox 408 1002 538 1032; x_wconf 67' lang='lat' dir='ltr'>Erudit</span> <span class='ocrx_word' id='word_1_92' title='bbox 565 1013 692 1039; x_wconf 80' lang='lat' dir='ltr'>ensem,</span> 
     </span>
     <span class='ocr_line' id='line_1_18' title="bbox 121 1049 697 1088; baseline 0 -10"><span class='ocrx_word' id='word_1_93' title='bbox 121 1058 190 1078; x_wconf 86' lang='lat' dir='ltr'>non</span> <span class='ocrx_word' id='word_1_94' title='bbox 230 1049 342 1088; x_wconf 70' lang='lat' dir='ltr'>vagina</span> <span class='ocrx_word' id='word_1_95' title='bbox 383 1049 521 1077; x_wconf 75' lang='lat' dir='ltr'>extraxit</span> <span class='ocrx_word' id='word_1_96' title='bbox 532 1071 540 1086; x_wconf 93' lang='lat'>,</span> <span class='ocrx_word' id='word_1_97' title='bbox 587 1055 697 1079; x_wconf 84' lang='lat' dir='ltr'>monet</span> 
     </span>
     <span class='ocr_line' id='line_1_19' title="bbox 121 1093 692 1132; baseline 0.004 -9"><span class='ocrx_word' id='word_1_98' title='bbox 121 1095 251 1131; x_wconf 83' lang='lat' dir='ltr'>Burm.;</span> <span class='ocrx_word' id='word_1_99' title='bbox 270 1093 325 1123; x_wconf 87' lang='lat' dir='ltr'>sed</span> <span class='ocrx_word' id='word_1_100' title='bbox 347 1094 490 1132; x_wconf 86' lang='lat' dir='ltr'>sustulit,</span> <span class='ocrx_word' id='word_1_101' title='bbox 513 1096 692 1126; x_wconf 81' lang='lat' dir='ltr'>intentavit.</span> 
     </span>
     <span class='ocr_line' id='line_1_20' title="bbox 121 1139 696 1183; baseline 0.003 -13"><span class='ocrx_word' id='word_1_102' title='bbox 121 1143 212 1171; x_wconf 72' lang='lat' dir='ltr'>Vers.</span> <span class='ocrx_word' id='word_1_103' title='bbox 219 1141 296 1180; x_wconf 85' lang='lat'>529,</span> <span class='ocrx_word' id='word_1_104' title='bbox 307 1141 348 1170; x_wconf 89' lang='lat'>30</span> <span class='ocrx_word' id='word_1_105' title='bbox 360 1139 453 1170; x_wconf 80' lang='lat' dir='ltr'>hasta</span> <span class='ocrx_word' id='word_1_106' title='bbox 461 1141 610 1171; x_wconf 87' lang='lat' dir='ltr'>utebatur</span> <span class='ocrx_word' id='word_1_107' title='bbox 618 1144 696 1183; x_wconf 81' lang='lat' dir='ltr'><strong>Pyr-</strong></span> 
     </span>
     <span class='ocr_line' id='line_1_21' title="bbox 121 1187 698 1228; baseline 0.005 -12"><span class='ocrx_word' id='word_1_108' title='bbox 121 1187 200 1217; x_wconf 86' lang='lat' dir='ltr'>rhus</span> <span class='ocrx_word' id='word_1_109' title='bbox 211 1210 219 1224; x_wconf 92' lang='lat'>,</span> <span class='ocrx_word' id='word_1_110' title='bbox 248 1197 322 1217; x_wconf 85' lang='lat' dir='ltr'>cum</span> <span class='ocrx_word' id='word_1_111' title='bbox 344 1188 467 1217; x_wconf 84' lang='lat' dir='ltr'>eminus</span> <span class='ocrx_word' id='word_1_112' title='bbox 482 1195 602 1228; x_wconf 76' lang='lat' dir='ltr'>peteret</span> <span class='ocrx_word' id='word_1_113' title='bbox 617 1189 698 1219; x_wconf 87' lang='lat' dir='ltr'>Poli-</span> 
     </span>
     <span class='ocr_line' id='line_1_22' title="bbox 121 1234 693 1275; baseline 0.005 -13"><span class='ocrx_word' id='word_1_114' title='bbox 121 1241 186 1264; x_wconf 78' lang='lat' dir='ltr'>ten.</span> <span class='ocrx_word' id='word_1_115' title='bbox 208 1251 255 1256; x_wconf 89' lang='lat'>—-</span> <span class='ocrx_word' id='word_1_116' title='bbox 277 1234 353 1263; x_wconf 84' lang='lat'>552.</span> <span class='ocrx_word' id='word_1_117' title='bbox 394 1234 601 1275; x_wconf 79' lang='lat' dir='ltr'>Implevitque</span> <span class='ocrx_word' id='word_1_118' title='bbox 632 1245 693 1265; x_wconf 87' lang='lat' dir='ltr'>sec.</span> 
     </span>
     <span class='ocr_line' id='line_1_23' title="bbox 121 1280 695 1322; baseline 0.002 -12"><span class='ocrx_word' id='word_1_119' title='bbox 121 1280 238 1310; x_wconf 77' lang='lat' dir='ltr'>Hamb.</span> <span class='ocrx_word' id='word_1_120' title='bbox 260 1280 359 1310; x_wconf 84' lang='lat' dir='ltr'>Coma</span> <span class='ocrx_word' id='word_1_121' title='bbox 374 1280 460 1310; x_wconf 84' lang='lat' dir='ltr'><strong>Gud.</strong></span> <span class='ocrx_word' id='word_1_122' title='bbox 474 1291 490 1309; x_wconf 89' lang='lat' dir='ltr'>a</span> <span class='ocrx_word' id='word_1_123' title='bbox 504 1291 546 1311; x_wconf 88' lang='lat' dir='ltr'>m.</span> <span class='ocrx_word' id='word_1_124' title='bbox 564 1292 613 1322; x_wconf 84' lang='lat' dir='ltr'>pr.</span> <span class='ocrx_word' id='word_1_125' title='bbox 628 1291 695 1311; x_wconf 89' lang='lat' dir='ltr'>non</span> 
     </span>
     <span class='ocr_line' id='line_1_24' title="bbox 120 1327 694 1368; baseline 0.002 -12"><span class='ocrx_word' id='word_1_126' title='bbox 120 1327 222 1363; x_wconf 83' lang='lat' dir='ltr'>male,</span> <span class='ocrx_word' id='word_1_127' title='bbox 244 1328 271 1357; x_wconf 82' lang='lat' dir='ltr'>si</span> <span class='ocrx_word' id='word_1_128' title='bbox 295 1327 409 1357; x_wconf 58' lang='lat' dir='ltr'>lavam</span> <span class='ocrx_word' id='word_1_129' title='bbox 430 1327 512 1368; x_wconf 85' lang='lat' dir='ltr'>legas</span> <span class='ocrx_word' id='word_1_130' title='bbox 525 1337 598 1357; x_wconf 90' lang='lat' dir='ltr'>cum</span> <span class='ocrx_word' id='word_1_131' title='bbox 614 1329 694 1357; x_wconf 83' lang='lat' dir='ltr'>Bur-</span> 
     </span>
     <span class='ocr_line' id='line_1_25' title="bbox 121 1383 250 1403; baseline 0 0"><span class='ocrx_word' id='word_1_132' title='bbox 121 1383 250 1403; x_wconf 84' lang='lat' dir='ltr'>manno.</span> 
     </span>
    </p>

    <p class='ocr_par' dir='ltr' id='par_1_8' title="bbox 121 1419 699 2300">
     <span class='ocr_line' id='line_1_26' title="bbox 171 1419 693 1463; baseline 0 -13"><span class='ocrx_word' id='word_1_133' title='bbox 171 1420 248 1455; x_wconf 72' lang='lat'>554.</span> <span class='ocrx_word' id='word_1_134' title='bbox 266 1419 434 1463; x_wconf 81' lang='lat' dir='ltr'>Hoecfinis</span> <span class='ocrx_word' id='word_1_135' title='bbox 452 1431 483 1450; x_wconf 78' lang='lat' dir='ltr'>v,</span> <span class='ocrx_word' id='word_1_136' title='bbox 501 1421 693 1458; x_wconf 75' lang='lat' dir='ltr'>Gell.X111‚</span> 
     </span>
     <span class='ocr_line' id='line_1_27' title="bbox 123 1467 694 1504; baseline 0.004 -8"><span class='ocrx_word' id='word_1_137' title='bbox 123 1476 186 1503; x_wconf 79' lang='lat'>20,</span> <span class='ocrx_word' id='word_1_138' title='bbox 207 1474 237 1496; x_wconf 87' lang='lat' dir='ltr'>et</span> <span class='ocrx_word' id='word_1_139' title='bbox 257 1467 366 1497; x_wconf 80' lang='lat' dir='ltr'>Heius.</span> <span class='ocrx_word' id='word_1_140' title='bbox 384 1467 423 1496; x_wconf 85' lang='lat' dir='ltr'>ad</span> <span class='ocrx_word' id='word_1_141' title='bbox 441 1469 511 1499; x_wconf 80' lang='lat' dir='ltr'>AEu.</span> <span class='ocrx_word' id='word_1_142' title='bbox 529 1469 595 1504; x_wconf 87' lang='lat' dir='ltr'>III,</span> <span class='ocrx_word' id='word_1_143' title='bbox 620 1468 694 1504; x_wconf 79' lang='lat'>145.</span> 
     </span>
     <span class='ocr_line' id='line_1_28' title="bbox 121 1511 693 1554; baseline 0.005 -12"><span class='ocrx_word' id='word_1_144' title='bbox 121 1511 222 1554; x_wconf 85' lang='lat' dir='ltr'>Hicf.</span> <span class='ocrx_word' id='word_1_145' title='bbox 235 1513 301 1543; x_wconf 91' lang='lat' dir='ltr'>duo</span> <span class='ocrx_word' id='word_1_146' title='bbox 319 1513 416 1543; x_wconf 87' lang='lat' dir='ltr'>Goth.</span> <span class='ocrx_word' id='word_1_147' title='bbox 428 1514 510 1544; x_wconf 86' lang='lat' dir='ltr'>Gell.</span> <span class='ocrx_word' id='word_1_148' title='bbox 522 1515 613 1549; x_wconf 82' lang='lat' dir='ltr'>XIII,</span> <span class='ocrx_word' id='word_1_149' title='bbox 632 1523 693 1545; x_wconf 84' lang='lat'>20:</span> 
     </span>
     <span class='ocr_line' id='line_1_29' title="bbox 121 1559 695 1602; baseline 0.002 -13"><span class='ocrx_word' id='word_1_150' title='bbox 121 1559 208 1589; x_wconf 75' lang='lat' dir='ltr'>«Sed</span> <span class='ocrx_word' id='word_1_151' title='bbox 218 1559 251 1589; x_wconf 78' lang='lat' dir='ltr'>in</span> <span class='ocrx_word' id='word_1_152' title='bbox 261 1559 318 1589; x_wconf 80' lang='lat' dir='ltr'>illo</span> <span class='ocrx_word' id='word_1_153' title='bbox 333 1571 458 1600; x_wconf 81' lang='lat' dir='ltr'>quoque</span> <span class='ocrx_word' id='word_1_154' title='bbox 468 1560 577 1590; x_wconf 77' lang='lat' dir='ltr'>itidem</span> <span class='ocrx_word' id='word_1_155' title='bbox 587 1560 695 1602; x_wconf 79' lang='lat' dir='ltr'>Vergi-</span> 
     </span>
     <span class='ocr_line' id='line_1_30' title="bbox 121 1605 694 1637; baseline 0.002 -1"><span class='ocrx_word' id='word_1_156' title='bbox 121 1605 160 1636; x_wconf 83' lang='lat' dir='ltr'>lii</span> <span class='ocrx_word' id='word_1_157' title='bbox 171 1617 268 1636; x_wconf 81' lang='lat' dir='ltr'>versu</span> <span class='ocrx_word' id='word_1_158' title='bbox 281 1617 291 1636; x_wconf 90' lang='lat'>.·</span> <span class='ocrx_word' id='word_1_159' title='bbox 308 1608 384 1636; x_wconf 79' lang='lat' dir='ltr'>Haec</span> <span class='ocrx_word' id='word_1_160' title='bbox 394 1606 468 1636; x_wconf 87' lang='lat' dir='ltr'>finis</span> <span class='ocrx_word' id='word_1_161' title='bbox 483 1608 599 1637; x_wconf 83' lang='lat' dir='ltr'>Priami</span> <span class='ocrx_word' id='word_1_162' title='bbox 617 1606 694 1637; x_wconf 84' lang='lat' dir='ltr'>fato-</span> 
     </span>
     <span class='ocr_line' id='line_1_31' title="bbox 121 1652 692 1690; baseline 0 -8"><span class='ocrx_word' id='word_1_163' title='bbox 121 1663 214 1690; x_wconf 79' lang='lat' dir='ltr'>rum,</span> <span class='ocrx_word' id='word_1_164' title='bbox 239 1653 268 1682; x_wconf 86' lang='lat' dir='ltr'>si</span> <span class='ocrx_word' id='word_1_165' title='bbox 287 1661 386 1682; x_wconf 81' lang='lat' dir='ltr'>mutes</span> <span class='ocrx_word' id='word_1_166' title='bbox 420 1661 451 1682; x_wconf 79' lang='lat' dir='ltr'>ec</span> <span class='ocrx_word' id='word_1_167' title='bbox 474 1653 526 1683; x_wconf 85' lang='lat' dir='ltr'>hic</span> <span class='ocrx_word' id='word_1_168' title='bbox 551 1652 624 1682; x_wconf 85' lang='lat' dir='ltr'>finis</span> <span class='ocrx_word' id='word_1_169' title='bbox 643 1653 692 1683; x_wconf 87' lang='lat' dir='ltr'>di-</span> 
     </span>
     <span class='ocr_line' id='line_1_32' title="bbox 121 1699 695 1740; baseline 0.003 -12"><span class='ocrx_word' id='word_1_170' title='bbox 121 1709 195 1736; x_wconf 82' lang='lat' dir='ltr'>cas,</span> <span class='ocrx_word' id='word_1_171' title='bbox 213 1699 325 1729; x_wconf 83' lang='lat' dir='ltr'>durum</span> <span class='ocrx_word' id='word_1_172' title='bbox 340 1708 436 1740; x_wconf 81' lang='lat' dir='ltr'>atque</span> <span class='ocrx_word' id='word_1_173' title='bbox 455 1700 610 1730; x_wconf 81' lang='lat' dir='ltr'>absonum</span> <span class='ocrx_word' id='word_1_174' title='bbox 635 1700 695 1730; x_wconf 75' lang='lat' dir='ltr'>erit</span> 
     </span>
     <span class='ocr_line' id='line_1_33' title="bbox 123 1747 693 1788; baseline 0.004 -14"><span class='ocrx_word' id='word_1_175' title='bbox 123 1754 332 1788; x_wconf 74' lang='lat' dir='ltr'>respuentque</span> <span class='ocrx_word' id='word_1_176' title='bbox 356 1757 466 1782; x_wconf 83' lang='lat' dir='ltr'>aures,</span> <span class='ocrx_word' id='word_1_177' title='bbox 489 1747 577 1787; x_wconf 79' lang='lat' dir='ltr'>quod</span> <span class='ocrx_word' id='word_1_178' title='bbox 590 1754 693 1776; x_wconf 83' lang='lat' dir='ltr'>muta-</span> 
     </span>
     <span class='ocr_line' id='line_1_34' title="bbox 122 1792 694 1835; baseline 0.003 -14"><span class='ocrx_word' id='word_1_179' title='bbox 122 1792 201 1821; x_wconf 76' lang='lat' dir='ltr'>veris</span> <span class='ocrx_word' id='word_1_180' title='bbox 210 1805 223 1829; x_wconf 91' lang='lat'><em>;</em></span> <span class='ocrx_word' id='word_1_181' title='bbox 241 1792 321 1822; x_wconf 80' lang='lat' dir='ltr'>sicut</span> <span class='ocrx_word' id='word_1_182' title='bbox 333 1793 416 1822; x_wconf 84' lang='lat' dir='ltr'><em>illud</em></span> <span class='ocrx_word' id='word_1_183' title='bbox 430 1801 541 1823; x_wconf 83' lang='lat' dir='ltr'>contra</span> <span class='ocrx_word' id='word_1_184' title='bbox 555 1793 694 1835; x_wconf 83' lang='lat' dir='ltr'>ejusdem</span> 
     </span>
     <span class='ocr_line' id='line_1_35' title="bbox 125 1839 695 1881; baseline 0.005 -14"><span class='ocrx_word' id='word_1_185' title='bbox 125 1839 260 1880; x_wconf 77' lang='lat' dir='ltr'><em>Vergilii</em></span> <span class='ocrx_word' id='word_1_186' title='bbox 271 1839 432 1869; x_wconf 80' lang='lat' dir='ltr'>insuavius</span> <span class='ocrx_word' id='word_1_187' title='bbox 439 1839 567 1881; x_wconf 82' lang='lat' dir='ltr'>facias,</span> <span class='ocrx_word' id='word_1_188' title='bbox 588 1839 616 1869; x_wconf 82' lang='lat' dir='ltr'>si</span> <span class='ocrx_word' id='word_1_189' title='bbox 628 1850 695 1870; x_wconf 88' lang='lat' dir='ltr'>mu-</span> 
     </span>
     <span class='ocr_line' id='line_1_36' title="bbox 123 1885 698 1928; baseline 0.003 -14"><span class='ocrx_word' id='word_1_190' title='bbox 123 1892 168 1914; x_wconf 68' lang='lat' dir='ltr'>tes</span> <span class='ocrx_word' id='word_1_191' title='bbox 181 1896 192 1914; x_wconf 88' lang='lat'>.·</span> <span class='ocrx_word' id='word_1_192' title='bbox 207 1887 312 1926; x_wconf 84' lang='lat' dir='ltr'>Quem</span> <span class='ocrx_word' id='word_1_193' title='bbox 331 1886 385 1915; x_wconf 87' lang='lat' dir='ltr'>das</span> <span class='ocrx_word' id='word_1_194' title='bbox 401 1885 498 1916; x_wconf 88' lang='lat' dir='ltr'>finem</span> <span class='ocrx_word' id='word_1_195' title='bbox 510 1910 518 1925; x_wconf 86' lang='lat'>,</span> <span class='ocrx_word' id='word_1_196' title='bbox 539 1898 597 1916; x_wconf 85' lang='lat' dir='ltr'>rex</span> <span class='ocrx_word' id='word_1_197' title='bbox 616 1897 698 1928; x_wconf 85' lang='lat' dir='ltr'>mag-</span> 
     </span>
     <span class='ocr_line' id='line_1_37' title="bbox 123 1932 693 1970; baseline 0.004 -10"><span class='ocrx_word' id='word_1_198' title='bbox 123 1941 181 1967; x_wconf 86' lang='lat' dir='ltr'>ne,</span> <span class='ocrx_word' id='word_1_199' title='bbox 201 1932 367 1970; x_wconf 82' lang='lat' dir='ltr'>laborum3</span> <span class='ocrx_word' id='word_1_200' title='bbox 390 1943 467 1962; x_wconf 85' lang='lat' dir='ltr'>nam</span> <span class='ocrx_word' id='word_1_201' title='bbox 484 1933 513 1962; x_wconf 80' lang='lat' dir='ltr'>si</span> <span class='ocrx_word' id='word_1_202' title='bbox 526 1932 572 1964; x_wconf 83' lang='lat' dir='ltr'>ita</span> <span class='ocrx_word' id='word_1_203' title='bbox 589 1933 693 1970; x_wconf 81' lang='lat' dir='ltr'>dicas,</span> 
     </span>
     <span class='ocr_line' id='line_1_38' title="bbox 123 1978 697 2020; baseline 0.007 -14"><span class='ocrx_word' id='word_1_204' title='bbox 123 1987 219 2016; x_wconf 85' lang='lat' dir='ltr'>quam</span> <span class='ocrx_word' id='word_1_205' title='bbox 232 1978 285 2009; x_wconf 85' lang='lat' dir='ltr'>das</span> <span class='ocrx_word' id='word_1_206' title='bbox 294 1978 391 2009; x_wconf 83' lang='lat' dir='ltr'>finem</span> <span class='ocrx_word' id='word_1_207' title='bbox 402 2002 410 2017; x_wconf 93' lang='lat'>,</span> <span class='ocrx_word' id='word_1_208' title='bbox 422 1979 630 2020; x_wconf 76' lang='lat' dir='ltr'>injucundum</span> <span class='ocrx_word' id='word_1_209' title='bbox 641 1991 697 2009; x_wconf 83' lang='lat' dir='ltr'>ne-</span> 
     </span>
     <span class='ocr_line' id='line_1_39' title="bbox 124 2023 699 2065; baseline 0.005 -13"><span class='ocrx_word' id='word_1_210' title='bbox 124 2023 189 2052; x_wconf 71' lang='lat' dir='ltr'>scio</span> <span class='ocrx_word' id='word_1_211' title='bbox 203 2035 265 2064; x_wconf 82' lang='lat' dir='ltr'>quo</span> <span class='ocrx_word' id='word_1_212' title='bbox 276 2034 372 2065; x_wconf 80' lang='lat' dir='ltr'>pacto</span> <span class='ocrx_word' id='word_1_213' title='bbox 389 2033 421 2056; x_wconf 78' lang='lat' dir='ltr'>et</span> <span class='ocrx_word' id='word_1_214' title='bbox 434 2026 594 2057; x_wconf 81' lang='lat' dir='ltr'><em>laxiorem</em></span> <span class='ocrx_word' id='word_1_215' title='bbox 607 2026 699 2056; x_wconf 79' lang='lat' dir='ltr'>vocis</span> 
     </span>
     <span class='ocr_line' id='line_1_40' title="bbox 124 2071 697 2112; baseline 0.009 -14"><span class='ocrx_word' id='word_1_216' title='bbox 124 2079 237 2100; x_wconf 79' lang='lat' dir='ltr'>sonum</span> <span class='ocrx_word' id='word_1_217' title='bbox 253 2071 384 2112; x_wconf 73' lang='lat' dir='ltr'>ficetis.</span> <span class='ocrx_word' id='word_1_218' title='bbox 397 2088 411 2098; x_wconf 71' lang='grc' dir='ltr'><strong>υ</strong></span> <span class='ocrx_word' id='word_1_219' title='bbox 432 2075 505 2103; x_wconf 85' lang='lat' dir='ltr'>Jam</span> <span class='ocrx_word' id='word_1_220' title='bbox 536 2073 574 2103; x_wconf 89' lang='lat' dir='ltr'>ad</span> <span class='ocrx_word' id='word_1_221' title='bbox 602 2083 697 2103; x_wconf 88' lang='lat' dir='ltr'>suum</span> 
     </span>
     <span class='ocr_line' id='line_1_41' title="bbox 125 2116 697 2157; baseline 0.007 -12"><span class='ocrx_word' id='word_1_222' title='bbox 125 2116 260 2157; x_wconf 83' lang='lat' dir='ltr'>quisque</span> <span class='ocrx_word' id='word_1_223' title='bbox 273 2120 397 2148; x_wconf 88' lang='lat' dir='ltr'>aurium</span> <span class='ocrx_word' id='word_1_224' title='bbox 413 2120 572 2157; x_wconf 84' lang='lat' dir='ltr'>judicium</span> <span class='ocrx_word' id='word_1_225' title='bbox 587 2119 625 2149; x_wconf 88' lang='lat' dir='ltr'>de</span> <span class='ocrx_word' id='word_1_226' title='bbox 638 2119 697 2148; x_wconf 89' lang='lat' dir='ltr'>hac</span> 
     </span>
     <span class='ocr_line' id='line_1_42' title="bbox 126 2162 696 2205; baseline 0.011 -14"><span class='ocrx_word' id='word_1_227' title='bbox 126 2162 299 2192; x_wconf 71' lang='lat' dir='ltr'>subtilitate</span> <span class='ocrx_word' id='word_1_228' title='bbox 327 2166 696 2205; x_wconf 74' lang='lat' dir='ltr'>statuat.—554——559.</span> 
     </span>
     <span class='ocr_line' id='line_1_43' title="bbox 127 2208 696 2248; baseline 0.005 -10"><span class='ocrx_word' id='word_1_229' title='bbox 127 2208 344 2248; x_wconf 82' lang='lat' dir='ltr'>Epiphonema</span> <span class='ocrx_word' id='word_1_230' title='bbox 364 2211 401 2240; x_wconf 84' lang='lat' dir='ltr'>ad</span> <span class='ocrx_word' id='word_1_231' title='bbox 417 2213 696 2243; x_wconf 78' lang='lat' dir='ltr'>commiserationis</span> 
     </span>
     <span class='ocr_line' id='line_1_44' title="bbox 127 2255 695 2300; baseline 0.011 -16"><span class='ocrx_word' id='word_1_232' title='bbox 127 2255 275 2287; x_wconf 67' lang='lat' dir='ltr'>affectum</span> <span class='ocrx_word' id='word_1_233' title='bbox 294 2257 442 2298; x_wconf 75' lang='lat' dir='ltr'>praeclare</span> <span class='ocrx_word' id='word_1_234' title='bbox 464 2260 695 2300; x_wconf 82' lang='lat' dir='ltr'>compositum:</span> 
     </span>
    </p>
   </div>
   <div class='ocr_carea' id='block_1_6' title="bbox 1273 487 1320 511">
    <p class='ocr_par' dir='ltr' id='par_1_9' title="bbox 1273 487 1320 511">
     <span class='ocr_line' id='line_1_45' title="bbox 1273 487 1320 511; baseline -0.021 0"><span class='ocrx_word' id='word_1_235' title='bbox 1273 487 1320 511; x_wconf 79' lang='lat'>555</span> 
     </span>
    </p>
   </div>
   <div class='ocr_carea' id='block_1_7' title="bbox 742 629 1328 2299">
    <p class='ocr_par' dir='ltr' id='par_1_10' title="bbox 742 629 1328 2299">
     <span class='ocr_line' id='line_1_46' title="bbox 748 629 1323 671; baseline 0.005 -12"><span class='ocrx_word' id='word_1_236' title='bbox 748 629 885 671; x_wconf 82' lang='lat' dir='ltr'>simplex</span> <span class='ocrx_word' id='word_1_237' title='bbox 907 637 1011 660; x_wconf 89' lang='lat' dir='ltr'>tamen</span> <span class='ocrx_word' id='word_1_238' title='bbox 1038 638 1070 661; x_wconf 86' lang='lat' dir='ltr'>et</span> <span class='ocrx_word' id='word_1_239' title='bbox 1095 631 1226 661; x_wconf 70' lang='lat' dir='ltr'>obvium</span> <span class='ocrx_word' id='word_1_240' title='bbox 1237 654 1245 669; x_wconf 92' lang='lat'>,</span> <span class='ocrx_word' id='word_1_241' title='bbox 1269 631 1323 662; x_wconf 81' lang='lat' dir='ltr'>sed</span> 
     </span>
     <span class='ocr_line' id='line_1_47' title="bbox 750 676 1323 718; baseline 0.003 -12"><span class='ocrx_word' id='word_1_242' title='bbox 750 676 917 718; x_wconf 81' lang='lat' dir='ltr'>magnifice</span> <span class='ocrx_word' id='word_1_243' title='bbox 941 684 1100 709; x_wconf 79' lang='lat' dir='ltr'>ornatum.</span> <span class='ocrx_word' id='word_1_244' title='bbox 1126 678 1230 709; x_wconf 86' lang='lat' dir='ltr'>Placet</span> <span class='ocrx_word' id='word_1_245' title='bbox 1256 689 1323 708; x_wconf 90' lang='lat' dir='ltr'>non</span> 
     </span>
     <span class='ocr_line' id='line_1_48' title="bbox 751 724 1323 765; baseline 0.003 -13"><span class='ocrx_word' id='word_1_246' title='bbox 751 724 856 753; x_wconf 84' lang='lat' dir='ltr'>minus</span> <span class='ocrx_word' id='word_1_247' title='bbox 889 724 969 753; x_wconf 89' lang='lat' dir='ltr'>illud</span> <span class='ocrx_word' id='word_1_248' title='bbox 1009 724 1048 754; x_wconf 83' lang='lat' dir='ltr'>de</span> <span class='ocrx_word' id='word_1_249' title='bbox 1084 724 1209 755; x_wconf 86' lang='lat' dir='ltr'>Achille</span> <span class='ocrx_word' id='word_1_250' title='bbox 1239 724 1323 765; x_wconf 86' lang='lat' dir='ltr'>apud</span> 
     </span>
     <span class='ocr_line' id='line_1_49' title="bbox 750 770 1323 808; baseline 0 -8"><span class='ocrx_word' id='word_1_251' title='bbox 750 770 846 801; x_wconf 59' lang='lat' dir='ltr'>Oxid.</span> <span class='ocrx_word' id='word_1_252' title='bbox 858 772 935 801; x_wconf 86' lang='lat' dir='ltr'>Met.</span> <span class='ocrx_word' id='word_1_253' title='bbox 953 771 1015 801; x_wconf 78' lang='lat' dir='ltr'>x11</span> <span class='ocrx_word' id='word_1_254' title='bbox 1027 794 1034 807; x_wconf 91' lang='lat'>‚</span> <span class='ocrx_word' id='word_1_255' title='bbox 1053 771 1091 801; x_wconf 82' lang='lat'>61</span> <span class='ocrx_word' id='word_1_256' title='bbox 1101 772 1119 801; x_wconf 83' lang='lat'><em>5</em></span> <span class='ocrx_word' id='word_1_257' title='bbox 1129 793 1137 808; x_wconf 91' lang='lat'>‚</span> <span class='ocrx_word' id='word_1_258' title='bbox 1155 771 1232 802; x_wconf 83' lang='lat'>616.</span> <span class='ocrx_word' id='word_1_259' title='bbox 1247 773 1323 801; x_wconf 84' lang='lat' dir='ltr'>Jam</span> 
     </span>
     <span class='ocr_line' id='line_1_50' title="bbox 750 816 1324 859; baseline 0.003 -14"><span class='ocrx_word' id='word_1_260' title='bbox 750 816 831 845; x_wconf 80' lang='lat' dir='ltr'>ciuis</span> <span class='ocrx_word' id='word_1_261' title='bbox 845 825 891 847; x_wconf 83' lang='lat' dir='ltr'>est</span> <span class='ocrx_word' id='word_1_262' title='bbox 900 841 908 853; x_wconf 92' lang='lat'><em>‚</em></span> <span class='ocrx_word' id='word_1_263' title='bbox 927 824 958 846; x_wconf 76' lang='lat' dir='ltr'>et</span> <span class='ocrx_word' id='word_1_264' title='bbox 971 817 1010 846; x_wconf 83' lang='lat' dir='ltr'>de</span> <span class='ocrx_word' id='word_1_265' title='bbox 1020 825 1084 847; x_wconf 84' lang='lat' dir='ltr'>tam</span> <span class='ocrx_word' id='word_1_266' title='bbox 1098 829 1217 859; x_wconf 74' lang='lat' dir='ltr'>magno</span> <span class='ocrx_word' id='word_1_267' title='bbox 1226 825 1324 847; x_wconf 80' lang='lat' dir='ltr'>restat</span> 
     </span>
     <span class='ocr_line' id='line_1_51' title="bbox 749 863 1321 905; baseline 0 -13"><span class='ocrx_word' id='word_1_268' title='bbox 749 863 877 893; x_wconf 75' lang='lat' dir='ltr'><em>Achille</em></span> <span class='ocrx_word' id='word_1_269' title='bbox 908 864 1024 894; x_wconf 70' lang='lat' dir='ltr'>Nescio</span> <span class='ocrx_word' id='word_1_270' title='bbox 1060 864 1153 905; x_wconf 82' lang='lat' dir='ltr'>quid,</span> <span class='ocrx_word' id='word_1_271' title='bbox 1186 875 1321 904; x_wconf 66' lang='lat' dir='ltr'>parvam</span> 
     </span>
     <span class='ocr_line' id='line_1_52' title="bbox 749 910 1321 951; baseline 0.002 -13"><span class='ocrx_word' id='word_1_272' title='bbox 749 910 837 950; x_wconf 78' lang='lat' dir='ltr'>qnod</span> <span class='ocrx_word' id='word_1_273' title='bbox 848 921 912 939; x_wconf 83' lang='lat' dir='ltr'>uon</span> <span class='ocrx_word' id='word_1_274' title='bbox 930 910 1008 940; x_wconf 81' lang='lat' dir='ltr'>bene</span> <span class='ocrx_word' id='word_1_275' title='bbox 1023 911 1183 951; x_wconf 77' lang='lat' dir='ltr'>compleat</span> <span class='ocrx_word' id='word_1_276' title='bbox 1197 921 1321 940; x_wconf 79' lang='lat' dir='ltr'>urnam.</span> 
     </span>
     <span class='ocr_line' id='line_1_53' title="bbox 749 956 1322 997; baseline 0.002 -12"><span class='ocrx_word' id='word_1_277' title='bbox 749 958 909 986; x_wconf 74' lang='lat' dir='ltr'>Sententia</span> <span class='ocrx_word' id='word_1_278' title='bbox 922 956 996 987; x_wconf 83' lang='lat' dir='ltr'>inde</span> <span class='ocrx_word' id='word_1_279' title='bbox 1016 968 1031 986; x_wconf 80' lang='lat' dir='ltr'>a</span> <span class='ocrx_word' id='word_1_280' title='bbox 1045 958 1153 987; x_wconf 87' lang='lat' dir='ltr'>multis</span> <span class='ocrx_word' id='word_1_281' title='bbox 1166 967 1322 997; x_wconf 81' lang='lat' dir='ltr'>expressa.</span> 
     </span>
     <span class='ocr_line' id='line_1_54' title="bbox 749 1003 1320 1039; baseline -0.002 -6"><span class='ocrx_word' id='word_1_282' title='bbox 749 1004 843 1033; x_wconf 77' lang='lat' dir='ltr'>Forte</span> <span class='ocrx_word' id='word_1_283' title='bbox 854 1025 862 1039; x_wconf 95' lang='lat'>,</span> <span class='ocrx_word' id='word_1_284' title='bbox 882 1003 967 1033; x_wconf 86' lang='lat' dir='ltr'>fatali</span> <span class='ocrx_word' id='word_1_285' title='bbox 982 1004 1165 1033; x_wconf 82' lang='lat' dir='ltr'>necessitate</span> <span class='ocrx_word' id='word_1_286' title='bbox 1180 1003 1320 1033; x_wconf 84' lang='lat' dir='ltr'>abstulit.</span> 
     </span>
     <span class='ocr_line' id='line_1_55' title="bbox 748 1049 1323 1090; baseline 0.002 -12"><span class='ocrx_word' id='word_1_287' title='bbox 748 1051 835 1079; x_wconf 70' lang='lat' dir='ltr'>Serv.</span> <span class='ocrx_word' id='word_1_288' title='bbox 849 1050 947 1084; x_wconf 75' lang='lat' dir='ltr'>Asioe,</span> <span class='ocrx_word' id='word_1_289' title='bbox 962 1060 1083 1090; x_wconf 83' lang='lat' dir='ltr'>magnae</span> <span class='ocrx_word' id='word_1_290' title='bbox 1097 1049 1205 1079; x_wconf 84' lang='lat' dir='ltr'>saltem</span> <span class='ocrx_word' id='word_1_291' title='bbox 1226 1051 1323 1090; x_wconf 85' lang='lat' dir='ltr'>partis</span> 
     </span>
     <span class='ocr_line' id='line_1_56' title="bbox 750 1095 1321 1137; baseline 0.004 -13"><span class='ocrx_word' id='word_1_292' title='bbox 750 1096 850 1133; x_wconf 65' lang='lat' dir='ltr'>Asiae,</span> <span class='ocrx_word' id='word_1_293' title='bbox 865 1096 996 1126; x_wconf 84' lang='lat' dir='ltr'>minoris</span> <span class='ocrx_word' id='word_1_294' title='bbox 1019 1107 1049 1126; x_wconf 92' lang='lat' dir='ltr'>v.</span> <span class='ocrx_word' id='word_1_295' title='bbox 1069 1095 1170 1126; x_wconf 81' lang='lat' dir='ltr'>strab.</span> <span class='ocrx_word' id='word_1_296' title='bbox 1193 1097 1275 1127; x_wconf 83' lang='lat' dir='ltr'>XIII</span> <span class='ocrx_word' id='word_1_297' title='bbox 1289 1107 1321 1137; x_wconf 87' lang='lat' dir='ltr'>p.</span> 
     </span>
     <span class='ocr_line' id='line_1_57' title="bbox 752 1141 1323 1183; baseline 0 -12"><span class='ocrx_word' id='word_1_298' title='bbox 752 1142 818 1179; x_wconf 86' lang='lat'>875</span> <span class='ocrx_word' id='word_1_299' title='bbox 849 1143 889 1172; x_wconf 93' lang='lat' dir='ltr'>A.</span> <span class='ocrx_word' id='word_1_300' title='bbox 928 1144 1141 1182; x_wconf 78' lang='lat' dir='ltr'>Regnatorem</span> <span class='ocrx_word' id='word_1_301' title='bbox 1175 1141 1304 1183; x_wconf 74' lang='lat' dir='ltr'>popidis</span> <span class='ocrx_word' id='word_1_302' title='bbox 1314 1165 1323 1180; x_wconf 95' lang='lat'>‚</span> 
     </span>
     <span class='ocr_line' id='line_1_58' title="bbox 749 1188 1320 1229; baseline 0.002 -12"><span class='ocrx_word' id='word_1_303' title='bbox 749 1199 809 1229; x_wconf 83' lang='lat' dir='ltr'>pro</span> <span class='ocrx_word' id='word_1_304' title='bbox 823 1188 1018 1228; x_wconf 85' lang='lat' dir='ltr'>populorum</span> <span class='ocrx_word' id='word_1_305' title='bbox 1035 1198 1043 1219; x_wconf 91' lang='lat'>:</span> <span class='ocrx_word' id='word_1_306' title='bbox 1057 1189 1119 1218; x_wconf 80' lang='lat' dir='ltr'>uisi</span> <span class='ocrx_word' id='word_1_307' title='bbox 1133 1189 1246 1219; x_wconf 89' lang='lat' dir='ltr'>melius</span> <span class='ocrx_word' id='word_1_308' title='bbox 1259 1195 1320 1224; x_wconf 85' lang='lat' dir='ltr'>est,</span> 
     </span>
     <span class='ocr_line' id='line_1_59' title="bbox 749 1235 1326 1276; baseline 0.003 -13"><span class='ocrx_word' id='word_1_309' title='bbox 749 1242 951 1276; x_wconf 78' lang='lat' dir='ltr'>regnatorem</span> <span class='ocrx_word' id='word_1_310' title='bbox 968 1235 1058 1264; x_wconf 80' lang='lat' dir='ltr'>Asioe</span> <span class='ocrx_word' id='word_1_311' title='bbox 1068 1257 1076 1272; x_wconf 87' lang='lat'><strong><em>‚</em></strong></span> <span class='ocrx_word' id='word_1_312' title='bbox 1092 1235 1257 1276; x_wconf 79' lang='lat' dir='ltr'>superbum</span> <span class='ocrx_word' id='word_1_313' title='bbox 1279 1241 1326 1265; x_wconf 72' lang='lat' dir='ltr'>tot</span> 
     </span>
     <span class='ocr_line' id='line_1_60' title="bbox 742 1280 1324 1324; baseline 0.003 -15"><span class='ocrx_word' id='word_1_314' title='bbox 742 1280 872 1321; x_wconf 82' lang='lat' dir='ltr'>populis</span> <span class='ocrx_word' id='word_1_315' title='bbox 883 1281 1036 1322; x_wconf 83' lang='lat' dir='ltr'>terrisque</span> <span class='ocrx_word' id='word_1_316' title='bbox 1043 1303 1053 1318; x_wconf 91' lang='lat'>‚</span> <span class='ocrx_word' id='word_1_317' title='bbox 1066 1291 1126 1322; x_wconf 87' lang='lat' dir='ltr'>pro</span> <span class='ocrx_word' id='word_1_318' title='bbox 1141 1282 1324 1324; x_wconf 63' lang='lat' dir='ltr'>vulgati,to-</span> 
     </span>
     <span class='ocr_line' id='line_1_61' title="bbox 748 1327 1322 1371; baseline 0.003 -15"><span class='ocrx_word' id='word_1_319' title='bbox 748 1333 876 1357; x_wconf 83' lang='lat' dir='ltr'>nentem</span> <span class='ocrx_word' id='word_1_320' title='bbox 901 1334 1008 1358; x_wconf 85' lang='lat' dir='ltr'>terras.</span> <span class='ocrx_word' id='word_1_321' title='bbox 1032 1330 1125 1358; x_wconf 76' lang='lat' dir='ltr'>Jacee</span> <span class='ocrx_word' id='word_1_322' title='bbox 1147 1328 1261 1371; x_wconf 75' lang='lat' dir='ltr'>ingens</span> <span class='ocrx_word' id='word_1_323' title='bbox 1287 1327 1322 1358; x_wconf 84' lang='lat' dir='ltr'>li-</span> 
     </span>
     <span class='ocr_line' id='line_1_62' title="bbox 749 1375 1322 1416; baseline 0 -12"><span class='ocrx_word' id='word_1_324' title='bbox 749 1382 817 1404; x_wconf 78' lang='lat' dir='ltr'>tore</span> <span class='ocrx_word' id='word_1_325' title='bbox 833 1381 970 1405; x_wconf 73' lang='lat' dir='ltr'>crime-us.</span> <span class='ocrx_word' id='word_1_326' title='bbox 987 1375 1113 1406; x_wconf 89' lang='lat' dir='ltr'>Scilicet</span> <span class='ocrx_word' id='word_1_327' title='bbox 1127 1375 1322 1416; x_wconf 85' lang='lat' dir='ltr'>insepultum</span> 
     </span>
     <span class='ocr_line' id='line_1_63' title="bbox 748 1421 1322 1463; baseline 0.003 -13"><span class='ocrx_word' id='word_1_328' title='bbox 748 1421 929 1462; x_wconf 83' lang='lat' dir='ltr'>projectum</span> <span class='ocrx_word' id='word_1_329' title='bbox 958 1421 1018 1451; x_wconf 86' lang='lat' dir='ltr'>fuit</span> <span class='ocrx_word' id='word_1_330' title='bbox 1045 1422 1162 1452; x_wconf 91' lang='lat' dir='ltr'>Priami</span> <span class='ocrx_word' id='word_1_331' title='bbox 1197 1432 1322 1463; x_wconf 63' lang='lat' dir='ltr'>coi-pua.</span> 
     </span>
     <span class='ocr_line' id='line_1_64' title="bbox 749 1468 1324 1509; baseline 0 -11"><span class='ocrx_word' id='word_1_332' title='bbox 749 1469 820 1498; x_wconf 85' lang='lat' dir='ltr'>Hoc</span> <span class='ocrx_word' id='word_1_333' title='bbox 830 1468 882 1497; x_wconf 90' lang='lat' dir='ltr'>alii</span> <span class='ocrx_word' id='word_1_334' title='bbox 892 1468 1077 1509; x_wconf 86' lang='lat' dir='ltr'>simpliciter</span> <span class='ocrx_word' id='word_1_335' title='bbox 1086 1475 1216 1498; x_wconf 79' lang='lat' dir='ltr'>narrant</span> <span class='ocrx_word' id='word_1_336' title='bbox 1225 1491 1233 1506; x_wconf 87' lang='lat'>,</span> <span class='ocrx_word' id='word_1_337' title='bbox 1252 1468 1324 1498; x_wconf 90' lang='lat' dir='ltr'>nul-</span> 
     </span>
     <span class='ocr_line' id='line_1_65' title="bbox 747 1514 1323 1556; baseline -0.002 -12"><span class='ocrx_word' id='word_1_338' title='bbox 747 1514 777 1544; x_wconf 90' lang='lat' dir='ltr'>la</span> <span class='ocrx_word' id='word_1_339' title='bbox 791 1515 934 1555; x_wconf 88' lang='lat' dir='ltr'>apposita</span> <span class='ocrx_word' id='word_1_340' title='bbox 958 1515 1022 1545; x_wconf 86' lang='lat' dir='ltr'>loci</span> <span class='ocrx_word' id='word_1_341' title='bbox 1046 1516 1195 1552; x_wconf 81' lang='lat' dir='ltr'>notione3</span> <span class='ocrx_word' id='word_1_342' title='bbox 1209 1521 1323 1556; x_wconf 82' lang='lat' dir='ltr'>praeter</span> 
     </span>
     <span class='ocr_line' id='line_1_66' title="bbox 749 1562 1322 1601; baseline 0.003 -11"><span class='ocrx_word' id='word_1_343' title='bbox 749 1562 909 1601; x_wconf 89' lang='lat' dir='ltr'>Quintum</span> <span class='ocrx_word' id='word_1_344' title='bbox 931 1562 1029 1598; x_wconf 80' lang='lat' dir='ltr'>XIII,</span> <span class='ocrx_word' id='word_1_345' title='bbox 1049 1567 1132 1598; x_wconf 75' lang='lat'>241,</span> <span class='ocrx_word' id='word_1_346' title='bbox 1162 1567 1246 1598; x_wconf 76' lang='lat'>2443</span> <span class='ocrx_word' id='word_1_347' title='bbox 1268 1563 1322 1592; x_wconf 85' lang='lat' dir='ltr'>Se—</span> 
     </span>
     <span class='ocr_line' id='line_1_67' title="bbox 747 1606 1323 1648; baseline 0.002 -12"><span class='ocrx_word' id='word_1_348' title='bbox 747 1618 825 1637; x_wconf 85' lang='lat' dir='ltr'>neca</span> <span class='ocrx_word' id='word_1_349' title='bbox 832 1606 948 1638; x_wconf 83' lang='lat' dir='ltr'>Troad.</span> <span class='ocrx_word' id='word_1_350' title='bbox 965 1608 1008 1643; x_wconf 76' lang='lat'>54</span> <span class='ocrx_word' id='word_1_351' title='bbox 1025 1618 1094 1648; x_wconf 88' lang='lat' dir='ltr'>sqq.</span> <span class='ocrx_word' id='word_1_352' title='bbox 1109 1609 1233 1638; x_wconf 88' lang='lat' dir='ltr'>Auson.</span> <span class='ocrx_word' id='word_1_353' title='bbox 1248 1609 1323 1648; x_wconf 83' lang='lat' dir='ltr'>Epi-</span> 
     </span>
     <span class='ocr_line' id='line_1_68' title="bbox 747 1653 1324 1695; baseline 0.003 -13"><span class='ocrx_word' id='word_1_354' title='bbox 747 1653 833 1694; x_wconf 85' lang='lat' dir='ltr'>taph.</span> <span class='ocrx_word' id='word_1_355' title='bbox 860 1654 902 1683; x_wconf 82' lang='lat'>23</span> <span class='ocrx_word' id='word_1_356' title='bbox 915 1677 923 1691; x_wconf 96' lang='lat'>‚</span> <span class='ocrx_word' id='word_1_357' title='bbox 950 1654 1038 1695; x_wconf 86' lang='lat' dir='ltr'>quod</span> <span class='ocrx_word' id='word_1_358' title='bbox 1065 1665 1105 1684; x_wconf 82' lang='lat' dir='ltr'>ex</span> <span class='ocrx_word' id='word_1_359' title='bbox 1136 1661 1246 1684; x_wconf 84' lang='lat' dir='ltr'>nostro</span> <span class='ocrx_word' id='word_1_360' title='bbox 1274 1653 1324 1684; x_wconf 88' lang='lat' dir='ltr'>ad-</span> 
     </span>
     <span class='ocr_line' id='line_1_69' title="bbox 748 1700 1321 1742; baseline 0.003 -13"><span class='ocrx_word' id='word_1_361' title='bbox 748 1700 942 1731; x_wconf 82' lang='lat' dir='ltr'>umbratum.</span> <span class='ocrx_word' id='word_1_362' title='bbox 972 1703 1026 1731; x_wconf 86' lang='lat' dir='ltr'>Est</span> <span class='ocrx_word' id='word_1_363' title='bbox 1063 1702 1174 1742; x_wconf 87' lang='lat' dir='ltr'>Eurip.</span> <span class='ocrx_word' id='word_1_364' title='bbox 1205 1700 1321 1732; x_wconf 85' lang='lat' dir='ltr'>Troad.</span> 
     </span>
     <span class='ocr_line' id='line_1_70' title="bbox 754 1743 1324 1790; baseline 0.002 -14"><span class='ocrx_word' id='word_1_365' title='bbox 754 1748 792 1777; x_wconf 77' lang='lat'>13</span> <span class='ocrx_word' id='word_1_366' title='bbox 803 1748 840 1777; x_wconf 82' lang='lat'>13</span> <span class='ocrx_word' id='word_1_367' title='bbox 859 1744 898 1777; x_wconf 73' lang='grc' dir='ltr'>Σὺ</span> <span class='ocrx_word' id='word_1_368' title='bbox 922 1743 957 1777; x_wconf 70' lang='grc' dir='ltr'>δὲ</span> <span class='ocrx_word' id='word_1_369' title='bbox 981 1745 1104 1790; x_wconf 75' lang='grc' dir='ltr'>Πρίαμε</span> <span class='ocrx_word' id='word_1_370' title='bbox 1115 1771 1124 1786; x_wconf 85' lang='grc'><strong>,</strong></span> <span class='ocrx_word' id='word_1_371' title='bbox 1141 1745 1263 1790; x_wconf 77' lang='grc' dir='ltr'>Πρίαμε</span> <span class='ocrx_word' id='word_1_372' title='bbox 1278 1765 1324 1771; x_wconf 92' lang='lat'>-—</span> 
     </span>
     <span class='ocr_line' id='line_1_71' title="bbox 750 1790 1323 1837; baseline 0.002 -14"><span class='ocrx_word' id='word_1_373' title='bbox 750 1790 890 1835; x_wconf 74' lang='grc' dir='ltr'>ἄταφος,</span> <span class='ocrx_word' id='word_1_374' title='bbox 915 1791 1043 1835; x_wconf 81' lang='grc' dir='ltr'>ἄφιλος,</span> <span class='ocrx_word' id='word_1_375' title='bbox 1064 1792 1143 1830; x_wconf 80' lang='grc' dir='ltr'>ἄτας</span> <span class='ocrx_word' id='word_1_376' title='bbox 1175 1793 1250 1837; x_wconf 73' lang='grc' dir='ltr'>ἐμᾶς</span> <span class='ocrx_word' id='word_1_377' title='bbox 1275 1791 1323 1824; x_wconf 74' lang='grc' dir='ltr'>ἄϊ-</span> 
     </span>
     <span class='ocr_line' id='line_1_72' title="bbox 749 1835 1323 1880; baseline 0.002 -10"><span class='ocrx_word' id='word_1_378' title='bbox 749 1850 818 1876; x_wconf 82' lang='grc' dir='ltr'>στος</span> <span class='ocrx_word' id='word_1_379' title='bbox 839 1835 889 1875; x_wconf 75' lang='grc' dir='ltr'>εἷς.</span> <span class='ocrx_word' id='word_1_380' title='bbox 908 1840 1075 1880; x_wconf 87' lang='lat' dir='ltr'>Adjiciunt</span> <span class='ocrx_word' id='word_1_381' title='bbox 1088 1841 1140 1871; x_wconf 82' lang='lat' dir='ltr'>alii</span> <span class='ocrx_word' id='word_1_382' title='bbox 1152 1840 1254 1871; x_wconf 78' lang='lat' dir='ltr'>litoris</span> <span class='ocrx_word' id='word_1_383' title='bbox 1266 1851 1323 1871; x_wconf 85' lang='lat' dir='ltr'>no—</span> 
     </span>
     <span class='ocr_line' id='line_1_73' title="bbox 751 1886 1324 1928; baseline 0.002 -11"><span class='ocrx_word' id='word_1_384' title='bbox 751 1888 887 1924; x_wconf 84' lang='lat' dir='ltr'>tionem,</span> <span class='ocrx_word' id='word_1_385' title='bbox 906 1894 943 1917; x_wconf 88' lang='lat' dir='ltr'>ut</span> <span class='ocrx_word' id='word_1_386' title='bbox 959 1887 1036 1918; x_wconf 86' lang='lat' dir='ltr'>adeo</span> <span class='ocrx_word' id='word_1_387' title='bbox 1050 1898 1167 1928; x_wconf 87' lang='lat' dir='ltr'>corpus</span> <span class='ocrx_word' id='word_1_388' title='bbox 1182 1886 1324 1918; x_wconf 58' lang='lat' dir='ltr'>abAchi»</span> 
     </span>
     <span class='ocr_line' id='line_1_74' title="bbox 752 1933 1324 1971; baseline 0 -9"><span class='ocrx_word' id='word_1_389' title='bbox 752 1934 799 1963; x_wconf 83' lang='lat' dir='ltr'>vis</span> <span class='ocrx_word' id='word_1_390' title='bbox 814 1934 861 1964; x_wconf 86' lang='lat' dir='ltr'>ad</span> <span class='ocrx_word' id='word_1_391' title='bbox 873 1933 946 1963; x_wconf 80' lang='lat' dir='ltr'>litus</span> <span class='ocrx_word' id='word_1_392' title='bbox 961 1941 1096 1964; x_wconf 82' lang='lat' dir='ltr'>tractum</span> <span class='ocrx_word' id='word_1_393' title='bbox 1107 1956 1116 1971; x_wconf 90' lang='lat'>,</span> <span class='ocrx_word' id='word_1_394' title='bbox 1142 1941 1175 1963; x_wconf 79' lang='lat' dir='ltr'>ec</span> <span class='ocrx_word' id='word_1_395' title='bbox 1195 1933 1263 1963; x_wconf 84' lang='lat' dir='ltr'>illic</span> <span class='ocrx_word' id='word_1_396' title='bbox 1277 1944 1324 1963; x_wconf 88' lang='lat' dir='ltr'>re·</span> 
     </span>
     <span class='ocr_line' id='line_1_75' title="bbox 752 1980 1323 2021; baseline -0.002 -11"><span class='ocrx_word' id='word_1_397' title='bbox 752 1980 860 2010; x_wconf 79' lang='lat' dir='ltr'>lictum</span> <span class='ocrx_word' id='word_1_398' title='bbox 874 1980 943 2010; x_wconf 80' lang='lat' dir='ltr'>sine</span> <span class='ocrx_word' id='word_1_399' title='bbox 955 1980 1060 2021; x_wconf 83' lang='lat' dir='ltr'>capite</span> <span class='ocrx_word' id='word_1_400' title='bbox 1068 1980 1174 2016; x_wconf 85' lang='lat' dir='ltr'>fuerit,</span> <span class='ocrx_word' id='word_1_401' title='bbox 1186 1986 1224 2008; x_wconf 89' lang='lat' dir='ltr'>ut</span> <span class='ocrx_word' id='word_1_402' title='bbox 1233 1982 1323 2010; x_wconf 89' lang='lat' dir='ltr'>Pom-</span> 
     </span>
     <span class='ocr_line' id='line_1_76' title="bbox 751 2026 1322 2067; baseline -0.004 -10"><span class='ocrx_word' id='word_1_403' title='bbox 751 2037 828 2067; x_wconf 91' lang='lat' dir='ltr'>pon.</span> <span class='ocrx_word' id='word_1_404' title='bbox 854 2026 942 2064; x_wconf 84' lang='lat' dir='ltr'>Sab.‚</span> <span class='ocrx_word' id='word_1_405' title='bbox 961 2037 1033 2067; x_wconf 83' lang='lat' dir='ltr'>quae</span> <span class='ocrx_word' id='word_1_406' title='bbox 1053 2026 1148 2056; x_wconf 86' lang='lat' dir='ltr'>unice</span> <span class='ocrx_word' id='word_1_407' title='bbox 1178 2036 1252 2056; x_wconf 74' lang='lat' dir='ltr'>vera</span> <span class='ocrx_word' id='word_1_408' title='bbox 1274 2027 1322 2055; x_wconf 89' lang='lat' dir='ltr'>in—</span> 
     </span>
     <span class='ocr_line' id='line_1_77' title="bbox 750 2071 1322 2113; baseline 0.002 -11"><span class='ocrx_word' id='word_1_409' title='bbox 750 2073 935 2113; x_wconf 81' lang='lat' dir='ltr'>terpretatio</span> <span class='ocrx_word' id='word_1_410' title='bbox 946 2096 954 2110; x_wconf 97' lang='lat'><strong><em>‚</em></strong></span> <span class='ocrx_word' id='word_1_411' title='bbox 973 2072 1066 2103; x_wconf 86' lang='lat' dir='ltr'>obvia</span> <span class='ocrx_word' id='word_1_412' title='bbox 1083 2071 1190 2102; x_wconf 87' lang='lat' dir='ltr'>eadem</span> <span class='ocrx_word' id='word_1_413' title='bbox 1205 2073 1239 2102; x_wconf 92' lang='lat' dir='ltr'>in</span> <span class='ocrx_word' id='word_1_414' title='bbox 1257 2075 1322 2103; x_wconf 84' lang='lat' dir='ltr'>Ser-</span> 
     </span>
     <span class='ocr_line' id='line_1_78' title="bbox 750 2117 1320 2160; baseline 0 -12"><span class='ocrx_word' id='word_1_415' title='bbox 750 2119 866 2156; x_wconf 80' lang='lat' dir='ltr'>vianis3</span> <span class='ocrx_word' id='word_1_416' title='bbox 889 2118 974 2149; x_wconf 87' lang='lat' dir='ltr'>unde</span> <span class='ocrx_word' id='word_1_417' title='bbox 995 2120 1088 2148; x_wconf 87' lang='lat' dir='ltr'>etiam</span> <span class='ocrx_word' id='word_1_418' title='bbox 1111 2117 1320 2160; x_wconf 81' lang='lat' dir='ltr'>intelligitur,</span> 
     </span>
     <span class='ocr_line' id='line_1_79' title="bbox 751 2164 1324 2206; baseline -0.002 -11"><span class='ocrx_word' id='word_1_419' title='bbox 751 2164 790 2195; x_wconf 91' lang='lat' dir='ltr'>ad</span> <span class='ocrx_word' id='word_1_420' title='bbox 804 2166 933 2195; x_wconf 73' lang='lat' dir='ltr'>Pacuvii</span> <span class='ocrx_word' id='word_1_421' title='bbox 949 2164 1130 2206; x_wconf 82' lang='lat' dir='ltr'>tragoediam</span> <span class='ocrx_word' id='word_1_422' title='bbox 1139 2172 1264 2206; x_wconf 79' lang='lat' dir='ltr'>poetam</span> <span class='ocrx_word' id='word_1_423' title='bbox 1277 2174 1324 2195; x_wconf 72' lang='lat' dir='ltr'>ro-</span> 
     </span>
     <span class='ocr_line' id='line_1_80' title="bbox 748 2211 1322 2253; baseline -0.002 -12"><span class='ocrx_word' id='word_1_424' title='bbox 748 2213 904 2253; x_wconf 83' lang='lat' dir='ltr'>spexisse3</span> <span class='ocrx_word' id='word_1_425' title='bbox 929 2222 1121 2252; x_wconf 87' lang='lat' dir='ltr'>quamquam</span> <span class='ocrx_word' id='word_1_426' title='bbox 1142 2211 1249 2248; x_wconf 84' lang='lat' dir='ltr'>locus,</span> <span class='ocrx_word' id='word_1_427' title='bbox 1265 2211 1322 2251; x_wconf 89' lang='lat' dir='ltr'>qui</span> 
     </span>
     <span class='ocr_line' id='line_1_81' title="bbox 747 2257 1328 2299; baseline -0.002 -11"><span class='ocrx_word' id='word_1_428' title='bbox 747 2257 867 2289; x_wconf 87' lang='lat' dir='ltr'>ibidem</span> <span class='ocrx_word' id='word_1_429' title='bbox 896 2258 1072 2299; x_wconf 83' lang='lat' dir='ltr'>adscriptus</span> <span class='ocrx_word' id='word_1_430' title='bbox 1099 2258 1224 2296; x_wconf 82' lang='lat' dir='ltr'>fuerat,</span> <span class='ocrx_word' id='word_1_431' title='bbox 1236 2257 1328 2288; x_wconf 38' lang='lat' dir='ltr'>cxci-⁴</span> 
     </span>
    </p>
   </div>
  </div>
 </body>
</html>
