1402 2460
597 96 719 127 LIBER
744 96 786 126 11.

1229 97 1286 125 151

91 157 213 192 Eurus
232 153 338 203 equis
355 168 364 200 ;
388 153 553 191 stridunt
570 153 693 200 silvae,
709 152 892 203 saevitque
910 152 1065 190 tridenti

90 216 278 263 Spumeus
290 243 300 261 ,
319 223 432 263 atque
449 214 525 251 imo
543 216 690 251 Nereus
708 214 783 251 ciet
803 226 955 263 aequora
977 213 1107 252 fundo.

90 273 151 310 Illi
168 273 303 320 etiam,
317 275 348 311 si
368 287 463 325 quos
485 274 649 312 obscura
667 283 778 312 nocte
796 288 865 325 per
883 274 1056 312 umbram
1242 286 1291 310 410

90 332 271 371 Fudimus
288 335 455 381 insidiis,
472 344 627 385 totaque
645 335 871 385 agitavimus
888 335 1004 382 urbe,

89 392 305 443 Adparent3
326 396 440 445 primi
458 397 613 446 clypeos
628 397 861 447 mentitaque
878 397 951 434 tela

86 453 334 504 Adgnoscunt
345 485 354 502 ,
372 465 485 507 atque
502 470 570 494 ora
587 470 681 495 sono
699 457 890 495 discordia
907 458 1066 507 signant.

84 514 194 552 Ilicet
212 515 412 553 obruimur
427 530 586 554 numero
598 546 608 563 ‚
626 519 846 566 primusque
864 517 1047 555 Coroebus

86 576 237 614 Penelei
256 576 408 623 dextra,
431 577 527 614 divae
550 579 811 628 armipotentis
828 578 876 615 ad
897 591 1021 622 aram,

1241 587 1290 614 425

87 637 326 685 Procumbit;
345 639 444 676 cadit
463 648 500 676 et
518 639 708 689 Ripheus,
725 639 954 689 justissimus
972 651 1068 675 unus

88 699 165 745 Qui
183 699 253 736 fuit
270 699 309 736 in
328 700 499 746 Teucris,
519 709 556 736 et
572 700 874 736 servantissimus
898 700 997 748 aequi
1017 712 1026 734 :

86 759 154 795 Dis
175 760 285 796 aliter
304 761 447 796 visum!
465 762 629 796 Pereunt
648 759 895 810 Hypanisque
914 761 1132 808 Dymasque

86 818 233 854 Confixi
250 831 272 855 a
288 819 418 865 sociis;
436 831 506 856 nec
525 827 561 855 te
579 827 644 856 tua
664 819 848 869 plurima,
866 817 1034 864 Panthu,

86 877 294 916 Labentem
310 880 431 930 pietas
442 907 452 926 ,
465 893 535 917 nec
551 880 740 930 Apollinis
758 880 876 917 infula
894 879 999 916 texit.

81 1034 114 1054 re
131 1025 235 1054 'oiosae
257 1024 308 1055 hae
335 1025 483 1056 notiones
512 1027 656 1066 primum

81 1071 116 1099 in
136 1070 306 1100 hominum
325 1073 448 1102 animos
473 1079 631 1102 venerunt
646 1095 654 1110 ,

81 1116 162 1158 bigis
191 1118 275 1147 vecti
294 1128 381 1158 reges
407 1118 458 1147 vel
476 1118 634 1159 quadrigis
646 1142 654 1155 ,

82 1173 249 1203 nunquam
263 1165 352 1204 equis
370 1164 543 1194 insidentes
554 1188 562 1202 ,
579 1176 656 1195 con-

81 1209 308 1250 spiciebantur.
331 1212 441 1250 Itaque
462 1222 555 1241 nemo
577 1211 658 1241 vidit

81 1257 274 1295 equitantem
288 1257 403 1286 Jovem
427 1264 457 1286 et
478 1259 523 1286 sic
547 1268 655 1298 porro.

81 1303 173 1331 Vana
188 1301 266 1332 adeo
276 1304 403 1342 Spencii
418 1303 458 1332 ad
472 1303 503 1333 h.
518 1304 538 1333 l.
555 1304 656 1333 subti-

79 1347 161 1378 litas.
176 1350 281 1378 Laeeus
295 1356 401 1379 autem
413 1373 421 1386 ,
435 1356 472 1379 ut
481 1350 637 1390 superbus
647 1374 656 1388 ,

81 1396 235 1434 gestiens,
250 1392 474 1439 ἀγαλλόμενος,
483 1407 541 1437 pro
556 1398 656 1435 tenni,

81 1447 202 1472 vectus.
220 1442 261 1471 cf.
278 1443 293 1471 I
315 1442 380 1482 690
394 1465 402 1480 ,
423 1443 488 1481 276
508 1449 539 1472 et
561 1453 654 1484 saepe.

82 1487 231 1517 Ceterum
260 1489 433 1530 Virgilium
462 1489 570 1529 plures
601 1501 656 1520 ex-

78 1541 282 1573 presserunt3
297 1535 338 1566 cf.
360 1536 518 1566 Columna
540 1535 578 1565 ad
593 1538 656 1566 En-

80 1580 171 1609 nium
188 1592 220 1620 p.
239 1587 321 1618 1143
336 1581 416 1611 adde
435 1582 492 1612 inf.
514 1585 566 1619 X,
589 1583 654 1613 356

80 1636 147 1666 sqq.
165 1628 230 1663 IV,
252 1633 318 1662 440
340 1638 408 1668 sqq.
422 1628 529 1658 Valer.
549 1629 595 1659 Fi,
616 1631 650 1664 Ι,

81 1671 148 1701 610
179 1683 248 1713 sqq.
282 1675 388 1703 Nereo
420 1674 454 1704 h.
483 1674 505 1705 l.
534 1674 654 1704 tridens

80 1717 250 1755 tribuitur,
265 1719 352 1759 quod
367 1719 553 1750 notandum.
575 1722 654 1760 Spu-

81 1773 170 1793 meus
183 1764 215 1794 h.
240 1764 262 1794 l.
286 1775 398 1804 spuma
417 1767 512 1794 maris
526 1765 654 1806 adsper-

81 1820 150 1846 sus,
174 1820 354 1850 spumosus.
383 1811 479 1840 Saevt't
503 1810 653 1848 tridenti,

80 1855 254 1897 eleganter,
271 1863 308 1886 ut
328 1856 401 1886 alias
412 1856 554 1898 flagris,
581 1868 653 1887 ‘ver-

79 1902 166 1938 bere,
187 1902 286 1932 infert
310 1903 480 1932 tridentem
497 1904 594 1940 mari,
613 1903 652 1933 ad

78 1948 307 1989 impellendum
326 1949 408 1979 illud
420 1956 452 1979 et
464 1949 582 1979 fluctus
596 1960 652 1979 ex·

72 1995 232 2026 citandos.
243 2013 290 2019 --
301 1996 377 2031 4ι8.
398 1996 502 2036 Aquis
523 1995 581 2026 Ge.
599 1997 654 2026 Fa-

80 2041 159 2072 bric.
177 2042 342 2072 emendare
358 2042 500 2080 volebat3
515 2049 546 2072 et
558 2043 602 2072 sic
616 2044 651 2072 in

80 2097 147 2118 uno
173 2088 259 2120 Leid.
289 2090 540 2130 superscriptum
551 2112 560 2127 ,
588 2099 651 2118 ma-

80 2133 119 2164 le.
137 2134 280 2165 strident
288 2135 432 2176 aliquot3
447 2134 502 2165 sed
515 2135 653 2166 stridunt

79 2180 174 2210 etiam
186 2181 310 2212 Probus
325 2183 476 2223 agnoscit.

127 2229 319 2265 420—423.
332 2228 387 2259 Illi
400 2228 496 2259 etiam
505 2250 515 2267 ‚
527 2239 559 2261 v.
575 2239 647 2270 sup.

1240 886 1289 915 430

711 1027 795 1064 370,
811 1025 874 1056 383
887 1036 956 1066 sqq.
971 1022 1112 1054 Mentiea
1130 1023 1196 1054 :ela
1208 1045 1217 1061 ,
1234 1023 1289 1053 fal-

708 1083 741 1102 sa
764 1082 865 1108 arma,
885 1082 957 1112 quae
983 1081 1043 1100 nos
1067 1071 1197 1100 Graecos
1222 1081 1288 1100 esse

709 1118 962 1153 mentiebantur,
975 1124 1012 1147 ut
1025 1119 1112 1147 SerV.
1128 1118 1211 1147 Mox
1221 1118 1285 1152 423

707 1165 856 1207 signant,
872 1165 906 1195 h.
920 1164 942 1194 l.
958 1169 1145 1205 agnoscunt.
1162 1164 1212 1193 Sic
1227 1173 1286 1193 no-

711 1219 780 1241 tare
806 1213 900 1241 etiam
925 1210 1049 1251 vulgari
1075 1219 1238 1246 sermone,
1256 1216 1287 1239 et

709 1258 907 1300 σημειεῦσθσιι
917 1280 926 1294 ,
940 1254 1171 1298 τεκμαίρεσθκι.
1187 1258 1287 1286 Porro

711 1315 768 1333 ora
797 1315 875 1334 sono
898 1302 1076 1338 discordia,
1094 1301 1132 1331 ad
1151 1303 1286 1341 poeticae

710 1352 862 1381 orationis
876 1351 1004 1391 genium
1018 1359 1078 1390 pro
1093 1371 1101 1386 ‚
1116 1348 1287 1378 observant

710 1397 901 1427 discordiam
919 1403 950 1426 et
969 1395 1210 1436 discrepantiam
1225 1405 1286 1424 ser-

710 1445 826 1481 moni53
838 1445 956 1484 quippe
966 1443 1022 1482 qui
1031 1442 1161 1480 Trojani
1171 1448 1284 1471 essent.

758 1491 952 1527 424—430.
970 1488 1062 1518 Divae
1071 1498 1103 1518 a.
1121 1487 1168 1517 ad
1176 1498 1281 1522 aram,

709 1546 776 1567 non
786 1544 850 1566 tam
863 1538 977 1576 inipso
995 1535 1112 1575 templo
1128 1535 1285 1564 Minerva?

708 1594 779 1623 sup.
808 1584 873 1620 403
884 1605 892 1620 ,
913 1593 930 1612 e
957 1591 1022 1622 quo
1046 1581 1201 1610 abstracta
1230 1580 1282 1609 illa

709 1636 775 1659 erat
785 1652 793 1666 ‚
808 1640 905 1670 quam
921 1628 1029 1669 potius
1042 1634 1114 1657 ante
1127 1626 1282 1666 templum

707 1676 742 1704 in
761 1674 888 1718 προνάῳ
920 1674 972 1704 vel
997 1675 1031 1703 in
1049 1669 1227 1715 περιὲόλῳ,
1248 1679 1283 1701 ut

708 1728 739 1750 et
752 1731 935 1762 expressum
954 1719 1042 1749 vides
1057 1720 1091 1748 in
1116 1718 1194 1749 Tab.
1212 1717 1283 1747 Ilia-

709 1777 743 1795 ca
758 1777 790 1797 n.
810 1773 885 1802 104.
897 1766 1053 1796 Peneleus
1066 1764 1119 1794 hic
1127 1764 1206 1794 alius
1216 1774 1281 1795 esse

707 1812 818 1848 debet,
838 1822 932 1852 quam
954 1812 1144 1841 Homericus
1157 1811 1281 1841 Boeoto-

705 1869 778 1888 rum
794 1858 862 1887 dux
880 1867 888 1887 :
904 1868 978 1887 nam
996 1858 1021 1886 is
1047 1856 1086 1886 ab
1110 1857 1279 1897 Eurypylo

705 1911 771 1933 erat
786 1905 910 1934 occisus
920 1925 929 1940 ‚
945 1902 1078 1943 Telephi
1092 1901 1160 1932 filio
1177 1912 1185 1933 :
1202 1904 1280 1933 Pau-

705 1961 770 1980 san.
788 1952 854 1985 IX,
874 1950 891 1979 5
907 1949 928 1979 f.
943 1950 1056 1990 Dictys
1066 1950 1123 1986 IV,
1141 1948 1279 1990 17.(Eu-

705 1996 858 2037 rypylum
885 1996 1057 2026 Antenoris
1080 1993 1184 2025 filium
1211 2005 1276 2025 me-

703 2049 806 2072 morat
829 2042 1023 2082 Pomponius
1044 2041 1084 2071 ad
1096 2040 1187 2078 h,1.;
1207 2051 1275 2072 non

703 2089 797 2119 vIdeo
809 2098 875 2129 quo
892 2095 1021 2118 auctore
1035 2097 1043 2118 :
1060 2094 1092 2118 et
1108 2087 1272 2118 estisalie-

702 2145 764 2165 nus
781 2135 820 2165 ab
838 2135 870 2165 h.
885 2134 931 2176 l.)
958 2133 1054 2165 Cadit
1069 2141 1102 2164 et
1115 2133 1268 2174 Rhipeus,

693 2181 886 2222 Jicscissimus
907 2191 988 2211 unus
1010 2181 1154 2211 omnium
1176 2198 1223 2204 —
1241 2188 1274 2210 et

700 2228 950 2260 servantissimus
979 2226 1066 2269 aequi
1073 2249 1082 2267 ‚
1107 2228 1163 2269 qui
1191 2226 1270 2257 adeo
