1402 2460
599 52 722 82 LIBER
746 52 805 80 111.

1239 58 1300 87 207

107 112 203 146 Tum
224 118 431 147 memorat:
453 126 467 142 «
488 112 603 156 Nate,
620 110 744 147 Iliacis
763 109 928 146 exercite
945 110 1048 156 satis,

106 170 194 207 Sola
208 170 301 207 mihi
318 170 398 207 talis
414 182 520 207 casus
537 170 746 207 Cassandra
766 170 934 207 canebat.

104 233 214 267 Nunc
229 239 361 281 repeto
388 232 467 267 haec
486 232 614 281 generi
631 231 858 281 portendere
874 230 1002 268 debita
1020 240 1167 277 nostr03

103 292 149 327 Et
166 304 264 341 saepe
283 293 522 341 Hesperiam,
544 304 642 341 saepe
658 292 752 328 Itala
772 305 886 341 regna
908 304 1057 329 vocare.
1255 299 1301 324 185

103 350 179 386 Sed
200 351 283 399 quis
304 351 350 387 ad
371 351 564 402 Hesperiae
585 360 765 388 venturos
785 352 895 388 litora
910 354 1078 389 Teucros

101 411 304 448 Crederet?
323 421 387 449 aut
404 425 517 461 quem
535 421 614 449 tum
630 421 733 448 vates
752 412 960 448 Cassandra
977 412 1170 448 moveret?

99 470 283 508 Cedamus
300 471 461 518 Phoebo,
479 481 515 508 et
532 471 665 507 moniti
681 472 838 508 meliora
854 484 1068 520 sequamur.
1088 487 1103 504 >1

151 531 213 567 Sic
234 531 284 567 ait
301 545 308 566 :
330 539 367 568 et
386 532 512 567 cuncti
531 531 632 568 dicto
653 545 827 580 paremus
845 541 1011 568 ovantes.

97 591 204 626 Hanc
221 603 373 639 quoque
395 590 600 627 descrimus
619 591 745 627 sedem
757 619 766 636 ‚
784 591 990 639 paucisque
1008 590 1147 626 relictis
1250 606 1296 631 190

95 649 188 685 Vela
209 649 358 695 damus,
379 658 602 698 vastumque
622 662 714 685 cava
731 648 838 685 trabe
854 649 1042 685 currimus
1060 661 1202 698 aequor.

148 710 350 757 Postquam
371 709 486 744 altum
507 718 662 744 tenuere
682 716 798 752 rates,
816 721 886 743 nec
898 709 975 757 jam
993 708 1152 757 amplius
1169 708 1254 745 ullae

94 767 290 817 Adparent
308 777 434 812 tcrrae,
453 768 585 804 coelum
606 767 774 816 undique
797 777 834 804 et
853 767 1022 816 undique
1043 776 1180 816 pontus
1198 781 1205 802 :

93 829 190 862 Tum
206 827 300 863 mihi
319 827 500 863 caeruleus
521 839 635 877 supra
651 836 764 876 caput
784 826 926 863 adstitit
942 826 1083 872 imber,

93 888 253 924 Noctem
269 887 506 937 hiememque
524 888 664 935 serens;
680 896 717 925 et
730 887 921 924 inhorruit
935 887 1035 923 unda
1051 887 1227 925 tenebris.
1245 896 1292 930 195

93 947 282 985 Continuo
298 947 403 986 venti
418 948 576 985 volvunt
595 960 716 997 mare3
737 961 948 998 magnaque
966 957 1126 997 surgunt

90 1113 259 1149 stinxerat,
278 1111 332 1142 sed
347 1111 475 1141 alterius
491 1109 546 1140 adv
553 1116 644 1140 entus
654 1132 662 1147 ‚

91 1157 230 1188 Dardani
259 1158 396 1194 scilicet,
416 1168 457 1186 ex
491 1157 580 1187 Italia
604 1157 663 1185 im-

90 1214 230 1241 memor,
258 1205 292 1233 in
318 1204 413 1233 altera
442 1210 524 1232 terra
536 1225 544 1240 ‚
575 1202 662 1232 unde

89 1252 212 1281 Teucer
238 1251 342 1287 veuit,
369 1256 492 1279 tantum
518 1249 660 1279 haeserat.

87 1296 190 1336 Igitur
203 1303 317 1325 vetera
330 1296 402 1324 loca
412 1318 421 1331 ,
448 1301 540 1324 terrae
555 1300 660 1324 vetere

86 1342 190 1382 aliqua
208 1342 288 1371 fama
307 1341 486 1377 celebratae,
509 1347 658 1381 tanquam

85 1398 130 1418 eae
156 1388 241 1418 unde
272 1388 402 1426 Trojani
426 1389 578 1429 originem
601 1386 657 1415 ha-

85 1433 213 1472 berent3
229 1441 259 1464 et
272 1445 367 1464 novus
381 1445 481 1471 error,
499 1441 656 1474 quatenus

84 1490 101 1510 a
116 1492 147 1511 se
162 1491 269 1519 nunc,
286 1480 426 1520 adeoque
440 1482 556 1511 seriore
570 1489 654 1517 aevo,

83 1533 220 1556 erratum
236 1534 282 1556 est
297 1528 379 1556 circa
391 1527 459 1556 haec
478 1527 548 1556 loca
561 1528 656 1555 inter-

82 1572 234 1612 pretanda
249 1583 256 1603 :
275 1574 332 1602 etsi
345 1583 440 1602 novus
457 1573 551 1602 solito
567 1583 655 1601 more

80 1625 154 1658 post
167 1626 261 1648 vetus
279 1625 410 1648 ornatus
429 1629 536 1647 caussa
551 1617 654 1657 adjec-

81 1670 170 1739 tunx'ii
178 1711 261 1739 3—1
270 1709 286 1738 8
293 1709 323 1740 8.
346 1709 526 1741 Cassandrae
548 1710 655 1739 vatici-

80 1756 141 1786 niis
172 1765 336 1795 nunquam
374 1755 500 1785 creditis
531 1757 653 1796 egregie

79 1803 183 1831 utitur
206 1808 308 1841 poeta.
337 1801 377 1831 cf.
406 1800 444 1830 de
464 1802 501 1830 iis
526 1801 583 1831 inf.
600 1804 651 1838 X,

79 1847 120 1885 67
135 1870 143 1884 ‚
161 1848 215 1877 68.
237 1847 332 1876 Tales
356 1857 463 1882 casus,
481 1847 563 1876 hanc
580 1858 652 1877 nos-

77 1894 118 1923 tri
134 1894 256 1934 generis
272 1893 432 1922 fortunam
443 1915 451 1929 ‚
469 1900 504 1922 ut
519 1892 557 1921 ad
574 1895 651 1923 Hes-

78 1941 215 1978 periam,
234 1939 320 1968 unde
342 1938 508 1968 Dardanus
529 1940 651 1979 generis

71 1992 188 2015 -auctor
211 1991 276 2014 erat
297 1985 471 2021 oriundus,
491 1985 584 2014 nobis
611 1987 651 2014 sit

76 2031 309 2061 revertendum.
317 2049 364 2054 —
374 2041 387 2061 1
396 2032 437 2066 84
447 2053 455 2068 ‚
471 2041 482 2060 1
491 2031 543 2062 85.
555 2033 650 2062 Nunc

77 2075 158 2107 bene
175 2085 281 2117 repeto
297 2079 447 2107 memoria
459 2101 467 2116 ,
484 2088 556 2107 eam
570 2088 648 2118 por-

77 2123 203 2153 tendere
213 2146 222 2161 ,
235 2123 426 2164 praedicere,
442 2124 503 2154 hoc
513 2135 578 2154 esse
593 2124 648 2154 de-

76 2167 190 2207 bitum,
212 2169 309 2212 sato,
329 2169 445 2213 generi
463 2178 590 2209 nostro,
617 2177 648 2201 et

718 1121 785 1141 eam
807 1111 944 1141 mult-um
973 1121 1147 1141 memorare
1170 1113 1288 1152 Hespe-

716 1158 795 1186 riam
824 1165 855 1187 et
881 1168 1003 1187 novum
1022 1168 1156 1198 regnum
1173 1159 1207 1187 in
1224 1159 1286 1187 Ita-

714 1202 767 1233 lia.

765 1259 840 1289 190.
878 1249 997 1279 Paucis
1035 1248 1155 1279 relictis
1190 1256 1285 1280 recte.

713 1295 794 1326 Nam
821 1295 899 1324 urbs
939 1296 1039 1325 Cretae
1072 1296 1150 1333 suit,
1173 1297 1285 1336 Perga-

712 1352 812 1372 mum.
823 1352 950 1381 ·—191.
960 1334 987 1371 1‘1
1001 1338 1031 1370 δ’
1045 1340 1124 1371 ἔθεεν
1141 1338 1225 1371 κατὰ
1236 1343 1286 1372 κῦ-

711 1397 758 1429 μα
786 1388 950 1428 aliquoties
975 1389 1105 1418 Homer.
1126 1399 1156 1418 v.
1177 1387 1217 1417 ad
1245 1387 1283 1418 11.

711 1443 750 1471 α,
765 1434 842 1469 483.

760 1482 953 1521 192—193.
972 1482 1107 1512 Hom-ius
1124 1483 1158 1511 P.
1179 1481 1240 1517 ΙΙΙ,
1255 1482 1282 1510 ὁ.

711 1535 751 1555 21
767 1528 802 1556 in
822 1527 872 1556 his
896 1528 1103 1568 tautologiam
1118 1529 1219 1558 inesse
1234 1538 1282 1557 ar-

708 1571 857 1603 bitratur.
883 1572 1022 1602 Videtur
1046 1575 1095 1602 vir
1123 1574 1282 1615 sagacissi-

708 1627 778 1647 mus
805 1628 920 1658 parum
946 1619 1098 1659 probare,
1118 1630 1189 1659 quae
1215 1619 1283 1659 ple-

707 1665 798 1693 niore
833 1665 923 1704 copia
953 1675 968 1693 a
996 1672 1089 1704 poeta
1125 1664 1284 1694 elaborata

707 1716 793 1739 sunt.
808 1712 887 1739 Sane
900 1709 968 1740 haec
988 1720 996 1740 :
1014 1718 1045 1739 et
1056 1709 1210 1739 inhorruit
1223 1722 1282 1740 ιιη-

708 1754 751 1783 da
762 1755 897 1784 tenebris
907 1779 915 1790 ‚
933 1756 971 1784 de
981 1757 1060 1784 mari
1073 1757 1282 1796 nigrescente,

706 1807 737 1829 et
750 1800 825 1830 illa:
850 1802 985 1830 IVoctem
1014 1800 1213 1842 hiememque
1231 1802 1282 1843 fh-

705 1856 778 1875 rens
791 1845 824 1876 h.
845 1857 872 1876 e.
890 1847 1028 1876 tenebris
1044 1847 1159 1877 coelum
1176 1848 1280 1878 obdu-

706 1902 779 1921 cens
789 1914 797 1928 ‚
812 1893 983 1931 conjuncta
998 1900 1091 1930 sunt3
1107 1904 1166 1923 nec
1176 1901 1281 1925 tamen

705 1944 780 1967 sunt
796 1938 914 1968 eadem.
935 1938 992 1968 Sed
1009 1940 1080 1978 quis
1091 1962 1099 1976 ‚
1115 1941 1176 1970 nisi
1191 1942 1280 1970 omm‘

706 1984 852 2013 carminis
865 1985 1017 2014 suavitate
1027 1984 1159 2023 sublata,
1177 1994 1280 2027 poetae

705 2037 798 2070 neget
813 2030 890 2067 hoc,
910 2037 946 2060 ut
969 2041 1035 2060 rem
1050 2033 1189 2071 primum
1205 2034 1280 2062 sim-

703 2076 829 2116 pliciter
846 2087 1025 2117 exponere,
1051 2088 1128 2108 mox
1144 2079 1277 2109 eandem

703 2123 846 2152 ornatius
856 2146 865 2161 ‚
876 2124 1001 2164 gravius
1010 2146 1019 2161 ‚
1033 2126 1193 2165 copiosius
1204 2148 1212 2162 ‚
1227 2125 1278 2154 de-

703 2169 820 2200 clarare
836 2170 954 2211 possit?
964 2170 1060 2201 modo
1068 2170 1148 2202 illud
1159 2177 1275 2209 teneas,
