1433 2460
155 140 212 159 112

654 124 845 153 AEYEIDOS

146 185 334 223 (ila-{sibus
352 184 412 219 hic
429 182 552 228 locus-5
578 181 637 217 hic
658 181 737 218 acic
757 190 902 217 cvi-tare
923 179 1104 217 solt-bant.

148 251 236 284 Pars
256 251 381 294 stupet
398 243 565 292 iunuptae
585 241 728 279 donum
748 241 898 278 exitiale
920 240 1122 284 Minoi-we,

149 311 192 344 Ei
215 306 350 342 molem
372 304 559 340 mirantur
580 302 686 352 equi;
704 303 924 352 prinmsque
941 301 1157 349 Thymoetes

149 368 243 405 Duri
267 367 364 402 intra
381 377 510 401 muros
527 365 721 408 hortatur,
741 372 777 399 ct
796 362 1032 408 a1·c‹·.loca=·i;

148 429 236 465 sivo
254 427 362 472 dolo,
380 439 446 462 seu
460 425 537 474 jam
552 425 676 473 Trojae
697 424 750 459 sic
772 424 846 459 sata
865 423 1047 459 scri-bant.

148 493 192 525 At
217 491 359 538 Capys,
379 495 415 522 ct
436 496 601 533 quorum
619 483 753 520 melior
773 483 957 519 sententia
974 483 1107 526 menti,
1323 490 1353 514 35

150 552 222 583 Aut
243 547 374 596 pelago
391 547 564 581 Danaum
586 543 756 585 insidias,
771 551 1022 592 suspectaque
1044 541 1141 577 dona

152 697 204 725 30.
226 692 400 729 Classibus,
417 691 449 722 h.
473 703 500 722 e.
527 691 662 721 navibus
692 692 726 720 iu

150 750 263 770 terram
283 739 458 768 subductis.
471 738 511 768 cf.
532 738 668 768 Fabrett.
687 737 726 766 ad

152 788 214 817 tab.
242 787 330 816 lliac.
359 786 435 814 323.
462 785 621 824 Dolopum
641 796 670 814 v.
689 783 727 812 ad

150 845 180 864 v.
202 844 231 871 7.
254 833 404 872 Sequitur
420 837 524 860 autem
550 838 641 871 poeta
659 841 727 868 eos,

151 891 232 920 quos
247 878 429 908 Eustatliius
451 885 603 907 memorat
628 877 728 906 Dolo-

153 937 207 966 pes
235 924 498 966 Myrmidonibus
520 924 654 953 Achillis
679 934 729 952 ac-

153 983 263 1002 censos
288 970 458 1000 credidisse
475 979 482 1000 :
500 971 557 999 etsi
577 970 666 1000 Iliad.
688 968 706 1007 β
720 992 728 1005 ,

155 1019 221 1054 684
249 1029 316 1047 non
342 1023 570 1047 memorantur.
598 1017 643 1046 At
669 1015 730 1045 sub

154 1065 239 1095 Pelei
277 1064 398 1093 ditione
440 1062 580 1102 Dolopes
616 1063 730 1098 fuisse,

154 1111 273 1151 quibus
308 1109 443 1140 Phoenix
474 1107 666 1149 praeficitur,
686 1109 732 1137 in-

153 1157 306 1197 telligitur
323 1167 363 1185 ex
388 1154 476 1184 Iliad.
499 1165 523 1191 ι,
547 1155 624 1190 480.
649 1156 731 1184 Ten-

153 1203 264 1237 dehac,
283 1202 455 1232 tentorium
478 1200 627 1231 habebat.
650 1200 733 1231 Mili-

156 1257 220 1278 tare
237 1249 383 1278 verbum.
400 1247 439 1278 cf.
455 1247 566 1278 Cerda.
582 1247 730 1277 Ceterum

155 1294 387 1335 comparandus
420 1304 493 1323 cum
523 1300 626 1333 poetae
646 1304 730 1323 vere-

156 1341 274 1370 cundia
287 1348 382 1370 notus
401 1339 509 1371 Ovidii
526 1339 614 1369 lusus
630 1341 728 1380 Epist.

155 1389 188 1425 1,
207 1389 245 1417 31
270 1398 337 1427 sqq.
360 1388 467 1426 Atque
488 1385 605 1426 aliquis
620 1385 729 1426 posita

156 1441 314 1463 monstrat
327 1432 404 1474 sera
422 1431 540 1473 pra-lia
562 1443 730 1462 mensa—

157 1481 229 1510 Hac
248 1480 316 1509 ibat
339 1481 369 1509 S.
381 1486 441 1510 etc.
459 1495 506 1503 —--
520 1478 600 1508 Acie
619 1480 728 1510 Heius.

156 1538 172 1555 e
186 1526 372 1556 melioribus
382 1549 390 1563 ,
404 1525 550 1566 inprimis
561 1528 653 1556 Rom.
664 1527 731 1556 Me-

155 1573 217 1603 dic.
248 1572 333 1602 Gud.
373 1572 472 1612 vulgo
510 1571 613 1608 acies,
643 1572 730 1612 quod

154 1626 269 1659 praeter
283 1618 377 1649 codd.
390 1641 397 1655 ,
412 1619 497 1648 inter
522 1628 602 1659 quos
620 1628 730 1648 omnes

155 1665 314 1701 Gothani‚
337 1663 530 1696 Rufinianus
547 1664 585 1693 de
604 1663 728 1695 Schem.

155 1714 231 1742 Lex.
248 1723 280 1752 p.
298 1713 356 1748 33,
374 1722 432 1740 nec
449 1721 516 1740 non
535 1711 731 1750 Pomponius

155 1758 290 1788 Sabinus
313 1764 500 1798 agnoscunt.
530 1757 731 1786 Burmannus

157 1811 331 1844 utrumque
356 1803 505 1833 illustrat.
534 1802 594 1833 Sed
625 1802 732 1832 dicen-

159 1851 237 1880 dum
265 1850 316 1880 hic
338 1849 410 1879 acie
433 1857 556 1879 certare
586 1849 735 1879 solebant

159 1908 224 1927 esse
249 1897 449 1938 exquisitius,
467 1896 609 1936 adeoque
640 1903 734 1936 poeta

159 1943 305 1985 digm'u53
324 1944 458 1973 alterum
482 1943 674 1983 prosaicum.

208 1992 225 2019 3
236 1991 356 2026 1—34.
375 1991 412 2019 In
429 1996 533 2029 stupet
543 2006 589 2011 —
602 1989 737 2019 miratur

162 2036 240 2065 male
248 2037 607 2077 a1·gutantur;estpoetis
614 2043 734 2065 utrum-

162 2093 224 2122 que
240 2083 324 2111 idem
335 2106 343 2119 ,
358 2090 388 2112 et
399 2083 541 2123 jungunt
556 2083 627 2111 talia
637 2105 646 2118 ,
666 2093 734 2112 mo·

162 2128 204 2157 do
219 2129 257 2157 ad
275 2130 457 2158 varietatem
466 2129 618 2159 orationis
633 2135 664 2158 et
679 2139 733 2158 co-

160 2176 243 2216 piam
256 2197 264 2210 ,
281 2175 376 2204 modo
390 2175 428 2205 ad
443 2182 593 2205 ornatum
604 2174 655 2204 vel
671 2175 735 2204 vim

160 2220 352 2257 addendam,
371 2221 478 2251 eadem
497 2223 628 2252 notione
645 2221 735 2251 aliter

158 2275 252 2309 atque
275 2267 365 2296 aliter
386 2269 539 2308 exposita.
561 2270 728 2309 Innuptae‚

780 690 945 731 epitheton
976 689 1138 719 manifeste
1171 700 1355 730 expressum

781 748 821 766 ex
846 738 956 776 Eurip.
977 735 1093 766 Troad.
1113 746 1157 766 vs.
1180 736 1245 766 536
1265 733 1354 778 χάριν

782 781 895 827 ἄζυγος
905 782 956 823 (h.
966 793 992 812 e.
1005 780 1132 826 ἀγάμου
1149 781 1317 825 ,παρθένου
1326 782 1337 823 )
1346 805 1354 820 a

782 830 813 859 l».
830 829 851 860 l.
873 836 994 859 tantum
1011 836 1121 865 orn-'¹13
1139 829 1177 858 ad
1194 839 1260 858 rem
1277 829 1357 859 nihil

783 876 866 906 facit.
899 877 1026 905 Donum
1063 875 1235 913 sslinervoe,
1266 875 1298 906 h.
1334 876 1354 906 l.

784 922 871 963 quod
894 921 1036 951 oblatum
1060 924 1215 952 Minervoe
1237 932 1244 952 :
1271 923 1355 952 Serv.

784 970 842 998 etsi
857 970 956 998 serius
980 968 1041 998 lioc
1065 969 1268 1009 comperiunt
1283 970 1357 998 Tro-

782 1016 847 1053 jani
865 1014 921 1044 inf.
950 1015 1023 1045 183.
1049 1016 1228 1055 Sapientius
1253 1022 1357 1044 antem

784 1061 938 1101 Virgilius
961 1060 1000 1090 de
1027 1072 1111 1101 equo
1131 1061 1261 1091 consilia
1277 1062 1357 1090 inire

785 1108 940 1146 Trojanos
965 1107 1057 1144 facit,
1075 1115 1243 1148 antequam
1259 1109 1292 1137 in
1309 1117 1357 1137 ar-

786 1163 855 1183 cem
876 1153 1034 1183 deductus
1058 1161 1141 1192 crat,
1163 1164 1258 1194 quam
1274 1154 1358 1194 apud

786 1201 963 1230 Homerum
979 1200 1189 1238 deductojam
1207 1201 1242 1229 in
1257 1210 1359 1230 arcem

786 1256 870 1286 equo
888 1255 896 1276 :
927 1246 1042 1287 Odyss.
1073 1247 1105 1283 0,
1136 1246 1200 1281 504
1225 1256 1293 1287 sqq.
1305 1268 1314 1283 ‚
1342 1257 1359 1276 e

783 1302 849 1332 quo
873 1292 946 1323 loco
972 1293 1124 1333 pleraque
1156 1292 1208 1322 hic
1232 1302 1358 1333 expres-

783 1348 826 1368 sa.
842 1337 1028 1377 Thymoeten
1043 1339 1187 1369 nominat
1200 1349 1240 1368 ex
1250 1346 1358 1368 aucto-

783 1385 874 1414 ritate
884 1384 1110 1425 Euphorionis,
1121 1392 1278 1426 quantum
1287 1386 1357 1425 qui-

783 1430 856 1461 dem
871 1442 912 1461 ex
926 1433 1036 1462 Servio
1052 1431 1101 1461 ad.
1123 1431 1156 1462 h.
1174 1431 1195 1462 l.
1213 1437 1335 1462 constat
1350 1441 1357 1461 :

784 1478 846 1507 fuit
862 1478 945 1508 inter
958 1488 1046 1508 senes
1062 1478 1152 1508 Iliad.
1171 1489 1212 1521 γ,
1236 1478 1297 1514 146
1311 1488 1358 1507 re-

784 1525 931 1554 censitos.
949 1524 1048 1565 Apud
1064 1525 1223 1564 Quintum
1238 1526 1269 1555 II
1283 1546 1292 1561 ‚
1310 1535 1358 1564 pr.

784 1570 980 1601 Penthesilea
1008 1581 1085 1600 caesa
1109 1570 1220 1600 suadet
1247 1570 1360 1600 urbem

783 1617 973 1656 relinquere.
987 1619 1126 1646 -Arce
1145 1616 1264 1654 locari,
1283 1623 1361 1656 puta

782 1663 818 1691 in
845 1663 983 1703 templo,
1010 1670 1159 1703 tanquam
1184 1663 1360 1693 manubias.

784 1725 830 1731 -—
842 1710 895 1744 34.
914 1709 1094 1738 Manehane
1109 1720 1157 1749 pr.
1170 1709 1284 1740 Hamb.
1297 1720 1360 1750 pa-

785 1755 904 1784 rabant
921 1755 1008 1785 alter.
1027 1755 1188 1785 Volebam
1201 1755 1359 1786 Montalb.

785 1801 840 1830 sed
864 1800 937 1830 vide
963 1803 1072 1832 Burm.
1096 1803 1268 1842 Trappius,
1293 1812 1360 1832 non

787 1847 866 1877 adeo
881 1848 1066 1889 inelegantis
1082 1849 1131 1877 vir
1143 1848 1256 1886 judicii
1267 1871 1275 1885 ,
1290 1858 1360 1878 ver-

786 1905 840 1924 sus
858 1894 995 1925 malebat
1011 1896 1056 1924 sic
1071 1894 1217 1935 disponi:
1235 1896 1280 1924 Ee
1294 1905 1361 1924 mo-

787 1941 904 1970 lem—
915 1941 984 1971 Sive
1009 1940 1231 1971 dolo—Daci
1254 1939 1340 1970 intra
1351 1964 1360 1978 ‚

788 1987 876 2028 quod
902 1987 1028 2017 mollius
1056 1986 1134 2027 quid
1160 1986 1276 2017 habere
1300 1988 1361 2028 ipsi

787 2034 966 2063 videbatur.
989 2035 1087 2064 Recte
1110 2032 1262 2074 quidem:
1285 2033 1360 2070 sed,

788 2087 824 2109 ut
846 2090 934 2109 nunc
952 2086 1015 2116 est,
1032 2081 1159 2121 gravior
1175 2087 1222 2109 est
1244 2081 1357 2111 oratio.

836 2126 995 2166 35.—39.
1013 2128 1132 2156 Ornate
1150 2126 1283 2168 singula.
1301 2127 1359 2157 Ca-

787 2183 847 2213 pys
871 2179 902 2202 et
924 2172 1041 2213 quibus
1059 2173 1171 2203 melius
1189 2173 1360 2203 consilium

786 2219 940 2259 placebat.
956 2221 1094 2249 Tentare
1121 2220 1277 2260 exquisite
1299 2229 1359 2260 pro

785 2266 952 2307 explorare
987 2267 1060 2308 equi
1087 2267 1263 2297 cavitatem.
1285 2265 1360 2296 Vul-
