1433 2460
152 76 216 105 268

663 74 856 102 ffiNElnos

147 133 185 168 Si
211 144 284 167 non
308 137 509 179 pei-tsesum
530 128 682 166 thalami
703 129 885 179 tsedaequc
909 130 1037 166 suisset
1058 158 1066 175 ‚

146 190 244 228 Huic
262 190 326 226 uni
346 190 472 225 forsan
490 189 599 239 potui
618 189 871 226 succumbere
891 191 1023 241 culpae.

146 255 272 296 Amia;
291 248 440 286 fatebor
459 249 577 295 cnim;
599 249 726 287 miseri
745 261 828 299 post
848 252 921 288 fata
943 250 1091 300 Sychaei
1328 266 1358 282 ao

145 309 342 359 Conjugis‚
363 318 400 346 et
420 321 570 358 sparsos
592 309 761 345 fraterna
781 310 883 346 caedc
906 311 1054 347 Penatis
1067 338 1077 355 ,

147 371 258 406 Solus
275 369 337 405 hic
357 368 503 405 inflexit
521 382 671 415 sensus,
694 368 936 418 animumque
956 370 1146 407 labantem

148 429 314 479 Impulit.
337 429 539 479 Adgnosco
559 431 699 468 veteris
719 430 878 480 vestigia
898 430 1068 467 ssammae.

148 491 223 528 Sed
246 490 339 527 mihi
362 490 419 526 vel
439 490 547 527 tellus
567 500 695 540 optem
716 491 820 540 prius
840 490 914 526 ima
935 490 1122 537 dehiscat,

147 552 213 588 Vel
234 555 345 588 Patm·
365 551 604 601 omnipotens
625 552 753 602 adigat
770 565 829 588 mc
847 551 1002 588 fulmine
1021 551 1066 588 ad
1087 550 1258 598 umbras,
1328 559 1357 583 25

148 611 323 648 Pallentis
345 609 499 648 umbras
519 610 653 658 Erebi,
674 619 901 661 noctemque
922 611 1172 660 profundam,

148 674 266 715 Ante,
283 670 429 718 Pudor,
447 684 562 721 quam
584 680 619 708 te
635 672 758 718 violo,
781 681 845 708 aut
867 679 931 708 tua
947 671 1034 720 jura
1052 671 1215 707 resolvo.

148 732 215 768 Ille
236 744 359 777 meos,
378 731 523 782 primus
541 732 607 782 qui
626 745 684 769 me
703 732 775 769 sibi
792 731 937 782 junxit,
959 744 1109 768 amores

148 792 334 837 Abstulit3
352 792 413 829 ille
432 792 570 829 habeat
588 806 715 829 secum
737 801 937 842 servetque
958 792 1146 842 sepulcro.
1166 809 1179 823 υ

149 853 211 889 Sic
228 852 342 889 effata
363 852 487 889 sinum
504 852 667 890 lacrimis
686 852 857 903 implevit
878 852 1037 889 obortis.
1323 858 1354 882 ³0

147 990 235 1033 quod
251 994 312 1034 ipsi
324 992 486 1034 elegantiae
500 994 578 1035 quid
589 1017 596 1031 ,
613 1005 725 1034 parum

147 1038 334 1076 intellectae,
369 1039 485 1070 habere
514 1042 636 1079 visum3
670 1041 725 1071 sed

147 1094 220 1124 quae
237 1085 336 1116 aliena
353 1094 432 1116 esset
455 1086 494 1117 ab
514 1086 547 1117 h.
565 1088 587 1119 l.
607 1105 654 1111 —
674 1099 724 1128 19.

147 1131 246 1160 Potui
259 1134 415 1172 exquisite
429 1144 488 1173 pro
502 1144 625 1174 possem
636 1157 644 1172 ,
655 1143 727 1176 post

148 1186 174 1204 sc
191 1187 257 1206 non
273 1185 444 1218 pertoeston
456 1179 726 1222 fiussec-culpoe

148 1233 223 1254 cum
237 1223 397 1255 dilectui]
410 1225 430 1254 l.
442 1235 501 1265 pro
515 1236 641 1257 amore:
634 1239 726 1268 .qua

150 1276 240 1299 tenus
263 1270 317 1299 ille
342 1272 464 1301 caritati
487 1278 518 1302 et
546 1270 622 1301 fidei
651 1284 725 1314 erga

148 1315 315 1356 conjugem
335 1316 545 1354 defunctum,
566 1317 723 1348 adversari

147 1359 326 1390 videbatur.

197 1417 240 1437 20
263 1417 332 1448 sqq.
356 1408 404 1437 De
430 1408 543 1438 sichaei
572 1409 657 1440 caede
681 1409 722 1440 cf.

148 1463 219 1494 sup.
236 1455 269 1490 Ι,
288 1455 353 1494 349
369 1465 415 1495 sq.
430 1472 477 1478 —-
493 1466 547 1486 22.
562 1456 654 1486 Hicc'
668 1458 726 1487 Te-

148 1501 283 1530 rentian.
294 1501 428 1531 Maurus
442 1501 528 1543 legit,
543 1509 580 1532 ut
595 1504 635 1532 sit
649 1504 724 1534 Cre-

150 1547 250 1586 ticus;
279 1548 490 1587 grammaticae
513 1549 660 1589 ineptiae,
686 1550 725 1579 de

148 1592 267 1632 quibus
291 1593 365 1623 vide
386 1595 497 1625 Heius.
529 1595 568 1624 ad
596 1596 653 1626 lib.
674 1598 725 1633 11,

150 1639 228 1674 664.
258 1639 424 1670 Libaneem
445 1640 543 1671 Goth.
563 1652 625 1672 sec.
649 1653 664 1672 a
684 1653 726 1672 m.

150 1696 211 1715 sec.
224 1708 231 1722 ‚
263 1687 359 1715 ceteri
391 1687 571 1724 labentem,
614 1689 727 1720 vitiose

150 1742 221 1761 cum
238 1732 316 1763 aliis.
335 1750 383 1758 —
400 1735 454 1764 23.
473 1735 624 1776 Agnosco
644 1745 728 1765 amo-

151 1781 212 1815 iis,
233 1780 358 1819 qualem
379 1781 455 1810 olim
481 1788 609 1822 experta
635 1793 725 1819 sum,

151 1826 248 1866 signa.
263 1835 381 1865 ——24.
403 1825 474 1857 τότε
498 1838 535 1870 μ
527 1826 644 1868 ,imi-oa
634 1839 658 1858 Λ.
682 1829 727 1860 εὐ-

153 1882 184 1913 ρ·
189 1883 221 1902 :ez
236 1871 317 1913 χθών
335 1874 423 1906 Iliad.
440 1870 478 1911 ὃ,
501 1874 563 1903 182
584 1882 615 1904 et
629 1875 669 1905 al.
686 1876 726 1907 cf.

153 1921 242 1952 Iliad.
260 1922 296 1960 ζ,
314 1923 400 1959 4643
417 1931 450 1963 ρ,
481 1921 558 1956 4ῐ6.
576 1920 668 1951 Prius
682 1941 729 1946 -

152 1977 229 1999 ante
250 1980 347 2009 qnam
359 1993 367 2006 ‚
395 1974 432 1997 ut
455 1969 585 1998 Homer.
601 1965 729 2011 πρὶν-

152 2013 222 2058 πρὶν
245 2015 274 2047 ’ἥ
291 2016 422 2055 Egregie
439 2014 479 2043 ad
497 2015 648 2052 majorem
664 2017 728 2046 vim

153 2073 262 2091 versus
280 2063 321 2091 2ss
340 2062 495 2100 adjicitur.
516 2078 563 2085 -—
579 2072 633 2099 27.
649 2063 730 2092 Iura

147 2108 281 2149 pudoris
296 2110 352 2138 int.
372 2108 437 2137 vim
451 2115 482 2138 et
497 2114 683 2147 potestatem
695 2109 730 2138 in

154 2163 209 2184 se:
229 2164 292 2194 qua
316 2164 332 2182 a
356 2164 441 2183 novo
465 2164 570 2184 amore
593 2161 625 2184 et
647 2164 663 2184 a
681 2165 728 2184 se-

152 2200 265 2233 cundis
288 2200 407 2243 nuptiis
429 2201 579 2232 deterrita
606 2209 663 2234 est.
683 2218 729 2225 --

781 995 898 1024 Sancte
923 994 1030 1024 Pudor
1048 994 1171 1034 elegans
1196 991 1355 1023 Marklan-

779 1041 813 1071 di
834 1041 967 1079 conject.
987 1040 1072 1081 apud
1085 1040 1276 1079 Spencium;
1296 1050 1354 1068 nec

781 1095 886 1118 tamen
902 1085 982 1116 issud
990 1086 1251 1127 prius--ance—
1257 1096 1355 1127 quam

780 1133 928 1174 exemplo
950 1139 1054 1170 caret,
1072 1143 1113 1163 ne
1134 1132 1221 1171 apud
1247 1137 1355 1171 poetas

779 1178 920 1222 quidem.
944 1178 1053 1214 Violo,
1077 1176 1198 1208 resolvo
1214 1178 1357 1208 vetustis-

779 1226 852 1257 simi
864 1225 981 1256 Bened.
1002 1225 1095 1256 Pierii
1109 1231 1140 1254 et
1152 1225 1262 1255 Heius.
1281 1234 1353 1253 cum

779 1272 1001 1302 Grammaticis
1016 1269 1103 1310 apud
1119 1272 1229 1300 Heius.
1250 1271 1354 1300 Etiam

777 1319 823 1348 sic
838 1316 948 1357 fragm.
966 1317 1071 1346 vatic.
1091 1322 1122 1345 et
1137 1326 1178 1346 ex
1196 1317 1355 1356 Apronia-

778 1365 814 1394 ni
828 1363 1012 1392 recensione
1027 1371 1092 1391 esse
1108 1367 1139 1392 et
1154 1362 1236 1391 hanc
1249 1361 1356 1391 lectio-

778 1420 852 1439 nem
869 1409 1024 1448 Pompon.
1044 1409 1151 1439 Sabin.
1178 1406 1283 1437 docet.
1311 1409 1356 1437 At

779 1456 929 1486 Priscian.
946 1453 1019 1484 edd.
1042 1462 1118 1485 vett.
1139 1461 1170 1484 et
1186 1453 1281 1484 codd.
1300 1453 1355 1483 ali-

779 1509 859 1542 quot
876 1501 1066 1530 recentiores
1089 1500 1358 1530 violem—resol-

780 1559 851 1578 vam
867 1546 952 1587 apud
965 1548 1074 1577 Burin.
1089 1564 1134 1570 ν·-
1150 1546 1204 1577 28.
1231 1545 1357 1576 Primos

779 1597 885 1635 Sprot.
901 1599 931 1622 et
944 1593 1060 1624 Hamb.
1071 1604 1120 1634 pr.
1133 1604 1150 1623 a
1162 1603 1205 1623 m.
1217 1602 1265 1632 pr.
1285 1591 1356 1622 Pri-

783 1651 867 1670 mum
888 1639 974 1669 Leid.
996 1639 1111 1669 Vinxic
1133 1639 1256 1679 aliquot
1274 1639 1356 1669 Pier.

781 1688 924 1718 ParrhaS.
938 1685 988 1716 ed.
1010 1686 1277 1718 Ven.—-Versus
1293 1685 1334 1714 28
1348 1707 1357 1722 ,

784 1745 826 1774 29
858 1732 1034 1765 dulcissimi
1066 1739 1143 1764 sunt
1168 1731 1298 1762 affectus
1327 1739 1359 1762 et

782 1791 903 1821 magnae
921 1780 1093 1822 dignitatis.
1117 1779 1182 1809 Uni
1195 1789 1254 1809 suo
1269 1779 1359 1808 mari-

782 1836 816 1858 to
825 1838 965 1858 amorem
977 1837 1071 1858 suum
1083 1836 1116 1856 se
1132 1824 1290 1855 addixisse
1305 1825 1358 1855 ait.

781 1893 828 1899 --
844 1875 896 1907 30.
910 1873 1020 1904 Sinum
1035 1873 1115 1904 male
1128 1875 1215 1905 δεῖν.
1229 1871 1269 1902 de
1283 1881 1360 1901 ocu-

782 1922 838 1960 lis,
868 1931 941 1953 cum
965 1919 1127 1950 manifeste
1156 1919 1293 1961 pectoris
1319 1918 1361 1948 sit

782 1970 881 2000 sinus.
899 1965 1024 1999 δεύοντο
1041 1962 1078 1996 δὲ
1096 1963 1229 2009 δάκρυσι
1245 1961 1357 1996 κόλποι

782 2015 871 2046 Iliad.
889 2027 916 2052 ι,
937 2014 1013 2045 566.
1025 2015 1083 2044 Hae
1099 2019 1202 2042 autem
1216 2011 1358 2042 lacrimae

782 2071 933 2102 magnum
952 2060 1041 2090 facile
1063 2065 1190 2098 poetam
1207 2065 1356 2100 arguunt.

783 2109 870 2137 Dum
887 2107 955 2137 vult
979 2113 1127 2136 constans
1148 2113 1179 2136 et
1203 2115 1311 2146 aspera
1327 2112 1358 2135 et

783 2153 822 2183 ab
853 2163 960 2183 amore
987 2154 1103 2182 intacta
1130 2151 1252 2189 videri,
1285 2161 1358 2182 ecce

783 2199 905 2231 obortae
927 2199 1065 2230 lacrimae
1088 2198 1286 2230 laborantem
1305 2208 1358 2229 oc-
