1433 2460
130 81 168 108 :31
631 76 823 107 Aixlillws

130 142 182 174 Α(-
205 137 309 187 prim·
327 150 334 169 ε
358 155 369 165 ¹-
396 134 516 178 lli-us,
535 133 863 186 inquit‚juvcncs‚
884 147 1089 175 monstrate
1106 152 1274 177 mearum

127 199 281 234 Vidistis
301 197 331 232 si
347 208 460 245 qnam
478 195 539 232 hic
555 204 742 233 errantem
763 197 859 234 sort(-
876 212 1070 245 sororum,

130 258 372 295 subcinctum
390 256 567 306 pharetra
584 265 621 293 ct
642 258 842 295 maculosae
858 259 1021 309 tegmine
1039 261 1175 309 lyncis,

135 323 203 355 Διιι
222 317 430 368 spumantis
447 316 530 368 apri
545 331 696 354 cursum
714 319 877 355 clamor(-
896 330 1137 369 prementem.
1162 338 1176 354 »

181 378 242 413 Sic
258 379 403 424 Yeuus;
421 387 458 414 et
472 379 630 415 Veneris
650 389 782 416 contra
801 380 853 417 sic
870 381 966 417 iilius
984 395 1092 417 orsus·
1110 396 1116 417 :
1282 390 1329 415 32⁵

138 460 141 468 ι
160 437 271 474 Nulla
294 445 444 474 tuarum
465 438 594 475 audita
610 439 702 475 mihi
724 453 846 489 ncquc
864 441 942 477 visa
956 455 1150 486 sororum,

129 504 181 540 (⁷),
199 511 311 548 quam
330 507 367 535 tc
382 511 608 544 memorem,
625 499 760 549 virgo?
779 512 941 549 namque
959 500 1060 537 haud
1081 501 1150 539 tibi
1168 502 1290 538 voltus

127 643 158 673 p.
172 631 212 660 88
220 629 399 668 7—-S1'1111m
410 630 586 672 collegerat
597 630 700 666 nodo,-

128 679 227 719 possis
242 678 419 717 intelligere
435 677 580 715 fibulam,
596 684 631 707 ut
645 678 700 708 inf.

129 727 188 762 lv,
210 727 272 764 139
288 735 389 753 aurea
413 734 606 765 purpuream
636 724 704 754 sub-

131 771 331 814 necticsibula
342 778 463 801 vestem
474 793 481 807 ‚
493 771 549 800 ubi
565 771 604 801 cf.
623 778 703 809 not.;

129 826 159 848 (τι
177 819 217 848 de
236 818 394 848 Charonte
409 819 465 853 vt,
478 819 518 847 30
528 829 537 846 1
554 818 706 847 Sordidus

130 876 172 895 uz·
187 864 324 894 humeris
338 864 423 892 nodo
439 864 598 903 dependet
610 864 706 894 amic-

130 921 197 947 της,-
208 919 238 941 et
249 910 415 942 Claudiau.
430 910 468 939 de
481 913 518 941 tt.
531 913 564 941 P.
582 917 624 946 40
639 911 706 940 Col-

130 967 221 989 lecta‘
252 957 354 987 teneri
389 957 554 986 nodantur
584 957 707 997 iaspide

131 1013 246 1036 vestes.
261 1004 321 1035 Sed
335 1003 436 1032 fibula
451 1003 552 1033 sinum
569 1014 634 1033 non
645 1003 707 1033 col-

131 1053 201 1093 ligit
225 1051 257 1080 in
279 1057 428 1090 pectore,
446 1061 504 1079 nec
521 1051 556 1079 in
579 1052 708 1087 tunica3

132 1109 216 1135 nam,
228 1099 253 1128 si
272 1097 354 1127 hene
375 1098 588 1133 meminimus,
599 1096 708 1127 fibuloe

131 1147 165 1175 in
181 1144 322 1174 humeris
332 1166 340 1180 ‚
355 1144 465 1173 nonin
481 1150 620 1184 pectore,
632 1154 709 1173 usus

133 1194 167 1222 in
184 1192 292 1220 tunica
318 1196 374 1220 cst.
398 1191 464 1220 Nec
485 1191 519 1220 in
542 1189 709 1231 chlamyde

134 1246 165 1268 et
195 1237 262 1266 aliis
292 1236 432 1265 vestibus
460 1238 575 1267 tunicae
598 1248 708 1278 super-

135 1285 274 1323 injectis,
291 1283 384 1312 talem
403 1282 512 1313 fibulae
530 1295 624 1314 usum
646 1295 710 1313 me-

135 1332 234 1368 mini3
255 1329 308 1360 sed
326 1330 506 1368 subjectum
527 1332 649 1371 pectori
666 1337 712 1360 cst

136 1378 311 1418 cingulum.
323 1379 508 1407 Occurrunt
525 1377 654 1418 quidem
673 1377 712 1407 fe-

137 1426 296 1455 minarum
315 1425 420 1464 signa,
443 1424 477 1453 in
497 1425 616 1464 quibus
630 1424 712 1465 palla

135 1470 242 1501 medio
263 1471 392 1510 corpori
405 1471 606 1509 circumjecta
625 1472 713 1501 nodo

137 1530 178 1548 ex
198 1517 289 1557 pallae
312 1518 375 1547 oris
398 1517 481 1547 facto
502 1518 634 1547 collecta
651 1525 713 1555 est3

137 1572 167 1594 at
181 1564 214 1594 in
228 1565 334 1593 tunica
347 1563 410 1593 hoc
426 1563 494 1593 fieri
504 1565 637 1604 nequiit.
653 1565 714 1605 Igi-

136 1619 189 1640 tur
199 1610 311 1639 melius
321 1610 359 1639 de
373 1611 502 1652 cingulo
512 1611 713 1651 accipiemus.

139 1656 239 1688 Cerda
255 1657 335 1686 Livii
347 1657 524 1686 Andronici
540 1663 633 1686 notos
650 1668 716 1686 ver-

137 1715 190 1733 sus
209 1702 294 1743 apud
309 1704 489 1733 Terentiam.
514 1704 619 1733 Maur.
643 1714 713 1744 pag.

142 1751 230 1787 2426
259 1750 431 1780 Grammat.
461 1749 588 1780 Putsch.
613 1757 714 1790 poetae

140 1805 210 1826 ante
229 1796 341 1826 oculos
362 1797 457 1826 fuisse
474 1796 713 1836 suspicabatur:

143 1845 183 1873 Ec
199 1843 273 1884 jam
291 1854 451 1883 purpureo
474 1853 564 1872 suras
587 1842 716 1873 include

139 1890 300 1927 cothurno,
317 1890 448 1919 Balteus
464 1897 497 1919 ec
519 1897 643 1919 revocet
656 1900 715 1919 vo-

140 1937 239 1966 lucres
259 1936 292 1966 in
315 1944 445 1977 pectore
469 1936 567 1967 sinus.
590 1937 716 1966 Scilicet

141 1984 242 2012 nodas
267 1985 399 2013 omniuo
424 1994 482 2024 pro
507 1984 622 2025 quovis
643 1983 714 2013 vin-

141 2030 226 2059 culo.

190 2076 267 2105 321.
283 2077 356 2115 Quo
377 2087 521 2107 sermone
545 2086 582 2105 ac
606 2076 713 2116 lingua

140 2121 192 2150 hic
207 2123 240 2150 in
256 2122 370 2152 ,africae
380 2124 454 2160 oris,
468 2125 577 2152 Venus
593 2129 624 2152 et
636 2132 713 2152 mox

140 2167 225 2197 Dido
237 2190 245 2204 9
265 2176 294 2197 et
306 2169 350 2197 sic
364 2169 416 2197 alii
435 2171 468 2198 in
487 2169 592 2199 Sicilia
606 2176 637 2199 et
651 2170 712 2198 Ita-

141 2215 182 2244 lia
193 2237 201 2251 ,
219 2225 290 2244 cum
307 2217 400 2245 AEnea
415 2217 460 2245 uti
475 2216 650 2256 potuerint,
665 2222 711 2252 ut,

759 641 828 671 quae
843 630 1004 669 dicerent,
1030 632 1070 661 ab
1089 632 1169 669 hoc,
1194 633 1333 670 Trojano

756 677 886 709 homino.
898 703 906 717 ‚
926 679 1058 719 intelligi
1074 686 1220 720 possent,
1235 679 1334 709 aliena

758 734 774 753 a
801 728 888 764 poesi
918 726 1006 765 opica
1031 733 1077 755 est
1101 728 1254 767 quaestiO,
1294 737 1334 756 ne

759 770 861 801 dicam
876 774 992 812 inepta.
1017 776 1152 803 Omnem
1169 774 1254 803 enim
1268 774 1335 811 ejus

760 818 842 855 vim,
872 819 1033 848 illecebras
1058 827 1088 849 et
1108 826 1226 860 gratam
1248 819 1334 849 frau-

759 863 830 893 dem
855 867 1056 906 interciperet
1080 867 1148 896 talis
1165 866 1332 896 subtilitas.

761 912 963 942 Coun-ntum
987 919 1034 942 est
1054 914 1136 942 inter
1158 920 1284 953 poetam
1304 919 1335 942 et

760 957 910 988 lectorem
936 961 1027 989 tacite
1043 959 1076 989 in
1095 958 1156 988 hoc
1168 982 1176 996 ‚
1200 966 1236 989 ut
1253 970 1335 989 com-

760 1006 851 1034 muni
875 1016 1019 1036 sermone
1042 1006 1125 1035 inter
1152 1016 1184 1035 se
1203 1006 1249 1036 uti
1273 1016 1334 1046 pu-

762 1057 869 1081 tentm·
891 1053 1021 1090 Trojani
1046 1059 1078 1081 et
1096 1052 1212 1082 Achivi
1234 1059 1266 1082 et
1290 1053 1334 1081 sic

763 1107 871 1136 porro.
887 1098 990 1128 Semel
1011 1100 1170 1129 monuisse
1185 1100 1258 1129 satis
1277 1105 1333 1128 est.

763 1161 808 1166 —
835 1144 912 1174 323.
942 1144 1141 1175 Succinccam
1161 1145 1334 1185 pharetra,

763 1196 798 1219 ut
810 1190 914 1231 gladio
925 1213 933 1227 ‚
949 1191 1033 1221 ferro
1045 1193 1240 1222 succinctum
1257 1191 1336 1221 dici-

763 1247 856 1267 mus:
873 1238 1012 1274 scilicet,
1042 1237 1129 1268 nodo
1153 1238 1253 1269 ‘vestis
1275 1248 1338 1266 suc-

763 1282 903 1325 cingitur
932 1284 1074 1314 adducta
1083 1296 1097 1321 ,·
1133 1285 1189 1315 sed
1215 1283 1336 1315 succin-

762 1340 838 1371 gere
861 1337 906 1360 est
926 1330 1088 1361 interdum
1106 1332 1262 1362 instruere
1276 1332 1318 1360 ita
1329 1355 1338 1368 ‚

765 1383 801 1406 ut
817 1377 939 1407 cinctus
955 1388 1016 1418 ope
1039 1378 1244 1419 adjungamus
1260 1389 1336 1408 rem.

766 1423 913 1453 Pharetra
937 1431 1041 1454 autem
1061 1425 1201 1455 humeris
1222 1425 1340 1465 pendet

766 1470 897 1511 cingulo
911 1472 1026 1502 vincta.
1043 1471 1142 1512 Apud
1166 1473 1341 1502 Homerum

767 1523 813 1545 est
828 1513 909 1558 ἀμφὶ
928 1517 979 1546 vel
999 1515 1070 1561 περὶ
1086 1536 1132 1541 -
1145 1514 1276 1549 ἐῧοίλετο
1299 1515 1341 1555 ξί-

768 1573 822 1604 φος
836 1563 931 1593 simih‘
947 1575 1045 1594 more.
1079 1566 1219 1605 Tegmen
1237 1565 1341 1603 lyncis

769 1609 833 1639 vid.
857 1609 895 1638 ad
914 1621 944 1641 v.
972 1611 1048 1648 275.
1065 1612 1200 1647 ——324.
1223 1612 1339 1652 Georg.

771 1657 837 1690 111,
857 1657 920 1691 413
936 1658 1116 1698 montisque
1129 1668 1186 1697 per
1201 1657 1278 1687 altos
1292 1659 1342 1686 Ιη-

765 1710 894 1742 gentem
910 1703 1051 1733 clamore
1059 1714 1186 1744 premes
1201 1704 1248 1733 ad
1259 1703 1341 1734 retia

767 1759 901 1780 cervum.
930 1751 992 1779 Hic
1016 1751 1109 1780 etiam
1132 1749 1258 1780 doctius
1281 1760 1341 1791 pro

769 1805 847 1834 apro
858 1818 867 1831 ‚
886 1806 1010 1825 cursum
1032 1798 1107 1837 apri
1114 1807 1262 1837 premere
1272 1819 1280 1834 ,
1294 1798 1342 1826 in-

767 1842 868 1882 sequi.

819 1889 881 1928 327
909 1900 976 1930 sqq.
1003 1890 1113 1920 Lineas
1137 1889 1252 1920 horum
1277 1900 1343 1919 ver-

768 1945 861 1964 suum
877 1935 982 1965 videas
1000 1937 1034 1965 in
1050 1936 1111 1967 Od.
1129 1934 1163 1973 ζ,
1194 1942 1253 1971 141
1271 1935 1339 1976 Sqq.

774 1987 835 2021 149
862 1993 928 2022 sqq.
939 2004 947 2018 ,
968 1982 1025 2011 ubi
1041 1983 1169 2023 Ulysses
1182 1984 1217 2013 in
1233 1983 1341 2022 ignota

768 2035 849 2057 terra
864 2029 1050 2059 Nausicaam
1066 2028 1161 2058 simili
1178 2028 1274 2059 modo
1297 2029 1340 2058 al-

767 2074 930 2115 loquitur3
955 2082 985 2104 et
1002 2076 1153 2106 Nausicaa
1171 2075 1342 2117 respondet

766 2121 830 2151 fere
840 2132 870 2152 v,
886 2132 946 2161 192
962 2132 1029 2162 sqq.
1047 2129 1083 2151 ut
1094 2124 1206 2152 Venus
1218 2133 1248 2153 V.
1263 2122 1340 2153 338.

767 2167 859 2198 Adde
887 2168 1003 2209 odyss.
1026 2163 1065 2204 ὃ,
1096 2169 1162 2207 376
1190 2180 1235 2209 sq.
1247 2191 1255 2205 ‚
1284 2168 1341 2198 ubi

767 2214 930 2245 Menelaus
962 2225 1035 2245 cum
1064 2214 1195 2246 Idothea
1225 2225 1342 2246 sermo-
