1433 2460
151 77 211 104 πῶϋ

650 74 845 107 AENEIIms

195 137 354 183 Jamqm=
373 133 468 169 advo
488 145 602 183 super
620 147 716 170 unus
737 148 839 171 crum
857 164 866 179 ‚
889 147 1005 183 quum
1025 133 1151 170 limina
1168 135 1290 169 vesta·

144 195 384 238 servantem,
403 201 438 228 ct
457 191 606 229 tacitam
622 202 766 229 secreta
783 193 818 228 iu
836 192 923 228 sedo
942 192 1115 228 lau-niem

142 254 358 304 Tyndarida
377 252 555 302 adspicio.
577 255 676 290 Dant
697 254 797 290 clara
818 253 990 290 incendia
1010 253 1128 289 Ιιιι-ι-ιιι

142 315 309 358 Errauti,
332 315 546 363 passimque
565 315 694 350 oculos
713 327 779 363 per
798 322 932 351 cuncta
956 313 1099 349 ferculi.
1291 319 1340 351 ⁵7⁰

143 374 209 411 lna
230 373 301 409 sibi
321 373 476 410 infestos
498 385 630 409 eversa
645 372 694 409 ob
712 376 892 423 Pergama
908 375 1093 417 Teucros,

141 437 186 471 Et
206 448 332 483 poenas
353 437 546 480 Danaum,
565 442 602 470 ct
621 432 760 470 deserti
778 433 947 483 conjugis
965 433 1037 469 iras

142 499 412 541 Piaunctuens,
433 495 557 545 Trojae
575 503 612 532 et
630 494 762 544 patriae
779 494 988 531 communis
1010 494 1192 542 Erynnis,

141 556 351 593 Maluit-rat
371 570 470 602 sese,
488 566 602 606 atque
622 556 695 592 aris
715 554 833 592 invisa
851 553 1017 591 sedebat.

189 677 266 716 567.
285 678 404 706 Versus
422 676 455 705 hi
486 677 582 706 XXII
612 685 713 716 usque

141 723 180 753 ad
208 735 238 754 v.
271 723 334 752 588
369 723 408 752 ab
436 722 587 752 omnibus
603 722 712 759 Pierii,

141 771 263 800 Heinsii
284 793 292 806 ‚
328 777 358 799 et
401 770 575 799 Burmanni
618 768 712 799 codd.

140 817 287 853 aberant,
315 823 448 856 excepto
485 818 609 856 Menag.
640 815 691 845 alt.
705 839 713 852 ‚

139 864 175 894 in
199 874 265 904 quo
293 863 468 892 rem-miore
501 873 596 891 manu
628 868 715 891 erant

140 909 289 950 adscfipti
301 931 308 945 ,
325 909 428 939 addita
457 908 690 948 subscriptione
705 917 712 938 :

139 957 206 986 Isca
218 962 319 985 metra
335 967 398 985 non
415 962 489 984 sunt
502 955 542 984 de
559 962 659 985 earm.
676 956 714 983 In

138 1002 303 1033 nonnullis
322 1013 371 1043 ap.
389 1003 609 1031 Burinannuin
625 1000 713 1041 (non

138 1050 174 1079 in
198 1049 348 1079 omnibus
374 1048 483 1085 libris,
503 1054 540 1076 ut
568 1048 713 1077 Can-oeus

135 1096 232 1134 jactat
245 1095 256 1135 )
270 1106 337 1125 non
355 1094 420 1131 hic,
435 1094 490 1124 sed
504 1094 595 1123 initio
606 1094 710 1123 AEnei—

137 1141 186 1173 dis
212 1142 331 1171 exarati
355 1141 570 1181 reperiuntur.
600 1141 711 1180 Neque

136 1187 197 1218 hos
212 1199 320 1218 versus
335 1188 479 1223 Servius,
497 1188 640 1216 Donatus
650 1209 658 1222 ,
681 1193 712 1216 et

134 1236 333 1275 Pomponius
364 1236 624 1274 interpretantur.
648 1234 711 1262 De-

135 1287 212 1310 sunt
230 1281 324 1310 etiam
343 1282 378 1311 in
393 1280 463 1310 edd.
479 1279 644 1309 nonnullis
660 1289 712 1308 an-

134 1327 233 1367 tiquis
245 1350 252 1364 ,
269 1327 324 1356 sed
341 1327 458 1367 paucis.
473 1328 545 1356 Jam
568 1325 626 1355 hos
641 1336 711 1355 ver-

135 1382 190 1402 sus
214 1373 407 1414 Virgilianos
438 1383 522 1408 esse,
551 1382 617 1401 non
645 1378 709 1407 est,

137 1419 226 1459 quod
241 1419 384 1456 dubites,
400 1420 427 1449 si
444 1429 555 1448 eorum
570 1417 711 1447 indolem

135 1472 167 1496 et
176 1477 378 1496 numerosam
393 1471 588 1495 venustatem
603 1465 712 1503 exqui-

136 1522 196 1543 ηε.
213 1514 258 1542 At
274 1513 401 1542 relictos
418 1522 496 1541 mox
511 1511 548 1540 ab
570 1511 640 1550 ipso
659 1510 710 1539 vel

138 1558 178 1589 ab
195 1559 262 1589 aliis
276 1565 412 1589 resectos
428 1568 493 1587 esse
510 1567 635 1587 necesse
651 1562 707 1586 est.

137 1606 177 1635 In
195 1605 395 1636 Dorvilliano
412 1603 604 1644 adscriptum
621 1609 703 1632 erat:

138 1652 244 1682 Tucca
267 1660 299 1681 ec
320 1653 422 1681 Varus
445 1650 485 1691 (l.
500 1648 635 1690 Varius)
655 1650 709 1679 de-

135 1704 307 1728 traxerunt
321 1697 389 1728 lzoec
399 1697 534 1739 Virgilio
549 1696 706 1733 carmina,

137 1754 209 1775 cum
241 1744 455 1774 emendarent
482 1743 565 1773 hunc
596 1743 709 1773 llbrmn

134 1791 221 1830 jussu
248 1790 427 1821 Octaviani.
449 1790 566 1821 Similis
581 1796 656 1819 nota
677 1790 711 1819 in

136 1839 204 1869 aliis
237 1848 365 1879 quoque
408 1838 569 1873 occurrit,
604 1843 640 1866 ut
676 1837 711 1866 in

135 1885 357 1915 Brunckianis.
367 1885 469 1914 Etiam
479 1885 512 1913 in
522 1882 637 1913 Hamb.
647 1893 709 1913 sec.

138 1939 169 1962 et
191 1933 226 1962 in
247 1930 443 1971 Guelpherh.
464 1940 550 1968 uno,
570 1929 659 1970 quod
677 1930 712 1959 in

137 1979 302 2018 Excerptis
320 1978 420 2008 Cortii
438 1983 583 2007 notatum
597 1975 691 2006 video
701 1998 710 2013 ,

137 2024 247 2054 similis
273 2031 348 2054 nota
374 2023 581 2060 occurrebat;
606 2022 713 2052 addita

137 2071 259 2101 ratione
285 2080 292 2100 ε
328 2071 393 2100 Sed
419 2072 523 2100 Tucca
550 2076 582 2099 et
610 2071 713 2098 Varus

139 2117 198 2147 hoc
219 2116 329 2157 (quod
357 2119 468 2147 AEneas
496 2116 626 2147 Helenae
648 2125 712 2144 ma-

137 2174 217 2194 num
233 2162 350 2192 inferre
372 2162 520 2203 volebat)
539 2173 602 2192 non
626 2171 711 2191 com-

132 2217 244 2251 petere
262 2208 333 2239 stilo
361 2208 504 2249 heroico,
527 2209 605 2250 qaia
624 2216 713 2249 turpe

768 683 848 706 esset
859 673 932 704 viro
940 672 1025 714 fimi
1045 672 1077 702 iu
1097 672 1258 703 mulierem
1274 684 1340 706 ma-

769 735 826 753 tms
842 720 986 762 injecisse
995 744 1002 756 ‚
1015 719 1088 749 illos
1102 719 1339 753 subtraxerunt,

768 773 888 801 Hausta
905 766 1054 797 videntur
1067 766 1133 796 haec
1151 776 1190 795 ex
1209 767 1336 804 Servio,

767 827 863 858 quein
874 814 937 845 vid.
955 813 994 842 :ul
1009 824 1037 842 v.
1051 814 1128 852 59⁴2,
1139 813 1194 842 ubi
1211 812 1340 845 additur

768 863 828 893 alia
846 871 970 898 caussa,
991 871 1048 889 cur
1069 859 1185 890 sublati
1199 860 1336 897 fuerint,

768 909 855 950 quod
870 908 1026 939 contraria
1040 907 1089 936 his
1104 906 1252 936 dicantur
1268 910 1338 938 AEn.

767 958 814 986 VI
825 979 834 993 ‚
851 956 869 985 5
879 965 916 985 xo
927 965 993 994 sqq.
1005 952 1101 993 Quod
1114 953 1242 993 quidem
1255 955 1341 994 paul-

766 1003 799 1033 lo
815 1003 958 1042 graviu5‚
977 1001 1111 1030 alterum
1132 1010 1206 1029 vero
1222 999 1340 1030 levissi-

767 1060 854 1079 mum
870 1055 915 1078 est
926 1053 1165 1087 argumentum3
1181 1056 1246 1076 uon
1257 1048 1342 1077 enim

764 1094 954 1125 indecorum
980 1093 1079 1122 videri
1104 1095 1228 1129 AEneae,
1254 1093 1342 1133 quod

765 1142 911 1178 Helenae,
929 1141 1073 1170 omnium
1087 1140 1242 1169 malorum
1256 1150 1341 1169 caus—

765 1199 824 1225 sae,
853 1193 1025 1227 conspectu
1036 1209 1044 1223 ‚
1070 1186 1178 1227 paullo
1215 1187 1341 1226 gravius

766 1235 934 1269 exarserit,
955 1234 981 1264 si
1001 1235 1141 1273 penitius
1160 1243 1226 1262 rem
1242 1234 1340 1273 inspi-

767 1282 844 1318 cias,
862 1280 952 1311 facile
976 1281 1143 1319 intelligas
1168 1281 1205 1309 In
1230 1280 1339 1309 Servio

766 1330 800 1358 P.
819 1328 959 1357 Danielis
989 1327 1141 1367 leguntur
1162 1325 1230 1355 haec
1255 1324 1293 1355 ad
1307 1336 1337 1356 v.

768 1374 832 1403 566
851 1384 858 1404 ε
879 1376 956 1403 Post
974 1373 1057 1402 lmnc
1084 1382 1213 1402 versum
1228 1383 1340 1402 versus

755 1421 910 1463 sitm-unc,
941 1431 1020 1460 quos
1058 1421 1163 1449 Tucca
1190 1426 1222 1448 et
1240 1420 1342 1448 Varus

766 1467 856 1497 obliti
866 1474 955 1501 sanc,
974 1467 1057 1496 utin
1067 1465 1220 1506 poematis
1235 1475 1341 1495 recen-

763 1524 800 1543 su
812 1537 820 1551 ‚
830 1515 895 1543 sive
912 1523 1003 1548 casu,
1017 1513 1082 1541 sive
1099 1511 1155 1540 alia
1165 1510 1204 1540 de
1219 1521 1338 1548 caussa,

764 1560 862 1597 forte,
877 1562 951 1600 quia
974 1560 1008 1588 in
1024 1564 1125 1598 poetae
1142 1557 1341 1598 autographo

764 1613 853 1636 erant
869 1607 903 1636 in
922 1606 1061 1646 margine
1084 1604 1194 1644 scripti
1206 1626 1214 1642 ‚
1231 1605 1339 1634 omissi

764 1653 892 1683 fuerint.
910 1650 1130 1682 Defendet-unt
1150 1650 1210 1680 hos
1232 1660 1341 1680 versus

765 1699 859 1729 multi
878 1710 926 1741 ap.
944 1700 1116 1728 Burmann.
1131 1707 1191 1727 suo
1206 1697 1341 1737 quisque

765 1756 869 1782 more,
885 1755 966 1785 quos
982 1744 1072 1781 vide3
1086 1744 1233 1784 inprimis
1250 1743 1342 1774 Cam-

759 1791 847 1832 pani
877 1792 1095 1832 Quaestionem
1133 1790 1340 1831 Virgilianam

764 1849 861 1879 super
891 1838 924 1868 h.
949 1838 971 1868 l.
1002 1844 1033 1867 et
1068 1847 1143 1867 cum
1171 1837 1210 1866 iis
1243 1838 1341 1876 Trap-

763 1886 856 1926 pium
868 1884 907 1914 ad
921 1884 954 1915 h.
974 1884 995 1915 l.
1012 1883 1186 1925 [Subtilius
1199 1882 1267 1913 haee
1276 1892 1340 1912 om-

766 1932 835 1969 nia,
866 1941 963 1972 quam
983 1931 1109 1967 verius,
1128 1936 1178 1966 et,
1204 1928 1243 1959 de
1274 1940 1340 1959 mo-

766 1988 800 2007 re
827 1979 1054 2018 interpretum,
1086 1976 1214 2016 longius
1237 1977 1339 2006 multo

765 2031 935 2065 protracta.
946 2023 956 2063 ]
975 2041 1023 2046 -
1031 2024 1133 2061 Super
1142 2033 1223 2052 unus
1236 2033 1335 2058 eram,

767 2068 885 2103 οἰώθην.
914 2070 1122 2099 Homericum
1133 2090 1141 2104 ‚
1170 2076 1208 2099 ut
1247 2068 1337 2099 Iliad.

766 2119 801 2154 λ,
820 2123 898 2153 401.
927 2114 1084 2150 Erranti;
1115 2125 1191 2156 ergo
1225 2117 1337 2146 AEneas

764 2163 829 2201 jam
863 2162 903 2192 de
930 2163 1011 2192 turri
1043 2161 1092 2190 vel
1117 2168 1202 2192 tecto
1247 2162 1340 2204 regiae

766 2208 935 2240 desiluerat
949 2231 957 2247 ,
989 2216 1020 2239 et
1054 2218 1111 2249 per
1149 2210 1266 2252 regiam
1295 2217 1341 2238 er-
