1433 2460
577 67 699 98 LIBER
724 67 767 97 11.

1213 79 1270 97 121

75 125 222 170 Moliri,
241 133 278 161 et
296 124 409 174 longo
427 123 513 161 fessi
530 123 724 162 discedere
739 123 851 161 bello.

74 184 338 234 Fecissentque
355 183 518 221 utinam!
539 197 639 234 saepe
655 184 738 221 illos
755 196 888 234 aspera
906 183 1013 234 ponti
1227 202 1272 217 110

75 245 289 282 Interclusit
303 244 444 292 hiems,
460 253 497 282 et
514 245 650 282 terruit
666 248 807 283 Auster
822 245 955 282 euntis.

72 306 284 357 Praecipue,
301 320 418 356 quum
435 307 512 357 jam
528 306 591 344 hic
612 306 786 344 trabibus
804 316 1003 344 contextus
1022 306 1166 345 acernis

71 368 195 404 Staret
214 380 353 417 equus,
370 375 451 404 toto
472 377 681 404 sonuerunt
702 367 844 404 aethere
866 366 998 404 nimbi.

69 428 249 476 Suspensi
270 428 506 477 Eurypylum
527 428 701 465 scitatum
719 428 872 465 oracula
890 426 1024 464 Phoebi

70 486 274 532 Mittimus,
294 487 401 535 isque
418 487 541 535 adytis
558 487 639 524 haec
660 487 782 524 tristia
801 488 901 525 dicta
915 496 1086 539 reportat
1104 502 1112 523 :
1224 497 1269 521 115

70 564 84 579 τι
106 548 297 598 Sanguine
314 547 490 597 placastis
507 556 640 585 ventos
661 556 698 584 et
714 548 862 598 virgine
883 560 995 594 caesa,

71 627 85 641 «
108 611 236 655 Quum
252 608 416 658 primum
432 608 564 645 Iliacas
576 637 586 654 ‚
603 610 725 646 Danai
739 638 748 655 ,
765 609 920 646 venistis
941 608 990 646 ad
1010 621 1094 646 oras
1111 625 1119 646 :

70 686 84 701 α
108 669 298 718 Sanguine
315 667 509 718 quaercndi
527 669 690 714 reditus,
711 668 911 717 animaque
927 668 1111 705 litandum

107 729 294 778 Argolica.
316 745 331 760 »
352 728 463 777 Volgi
483 740 567 776 quae
587 741 663 764 vox
681 736 723 764 ut
738 727 842 764 venit
857 726 904 763 ad
921 728 1023 765 auris
1040 755 1051 773 ,

65 853 189 895 etfessi
204 854 301 896 longo
314 854 397 884 bello
415 855 572 897 eleganter
588 855 640 886 ad-

65 902 184 938 jectum
197 904 240 943 τῷ
256 901 428 932 discedere.

117 957 190 988 109.
210 949 253 977 Ec
276 948 362 978 abest
384 949 526 980 Pari-has.
542 950 640 979 Dece-

63 993 138 1023 dere
152 995 301 1024 nonnulli
312 1018 320 1032 ‚
337 1001 374 1024 ut
387 994 508 1025 editum
525 1006 543 1025 a
559 996 639 1026 Ger-

64 1050 158 1070 mano
183 1048 214 1070 et
243 1041 353 1071 Cerda.
383 1043 554 1072 Enimvero
584 1050 639 1073 aut

63 1086 216 1116 decedere
244 1088 386 1118 absolute
412 1090 468 1118 vix
484 1088 566 1118 bene
587 1089 635 1119 di-

63 1141 188 1163 ceretur
198 1156 206 1170 ,
225 1141 278 1164 aut
293 1135 446 1164 decedere
460 1135 543 1164 bello
553 1158 562 1171 ,
581 1143 617 1166 nt
628 1159 637 1173 ‚

64 1179 152 1209 nocti
175 1181 223 1210 111
241 1182 357 1222 Georg.
378 1182 440 1220 467
453 1205 461 1220 ,
476 1182 579 1211 calori
590 1184 637 1212 IV

62 1226 178 1267 Georg.
198 1228 258 1263 23,
278 1227 374 1256 alium
393 1239 520 1258 sensum
538 1228 635 1260 daret.

62 1273 180 1303 Contra
190 1273 350 1303 discedere
361 1281 406 1304 est
415 1275 583 1315 proprium
596 1275 636 1305 de

60 1319 203 1349 exercitu
218 1319 419 1351 demiss0.—
431 1331 444 1350 1
455 1331 468 1350 1
478 1331 491 1350 1
504 1333 570 1351 —1
580 1332 593 1351 1
602 1323 632 1352 3.

63 1365 188 1395 Terruit
222 1374 331 1396 euntes
344 1389 353 1404 ‚
385 1368 432 1397 ire
470 1368 613 1398 volentes
623 1391 632 1405 ‚

61 1412 73 1452 (
82 1419 117 1442 ut
131 1411 239 1452 δεῖν.)
254 1412 426 1449 deterruit,
446 1424 512 1453 quo
528 1415 634 1444 minus

60 1459 154 1495 irent,
164 1459 365 1500 navigarent,
376 1466 412 1489 ut
423 1460 527 1489 Graeci
540 1462 634 1490 etiam

59 1511 171 1545 poetae.
187 1506 268 1535 Mox
288 1516 301 1535 1
312 1516 324 1535 1
333 1516 349 1535 2
365 1507 470 1535 trabes
482 1517 610 1537 acernoe
619 1530 630 1543 ,

58 1561 154 1591 supra
168 1563 200 1582 v.
222 1553 261 1582 16
277 1563 318 1582 ex
339 1552 443 1583 abiete
464 1561 634 1585 contextus

58 1597 146 1637 (vid.
163 1608 232 1638 sup.
252 1609 283 1629 v.
303 1598 376 1640 16).
392 1601 513 1638 Staret,
533 1608 630 1638 esset;

58 1649 95 1672 ut
122 1654 199 1674 mox
225 1654 399 1676 sonuerunt
429 1646 544 1684 nimbi,
569 1649 632 1678 orti

58 1697 133 1720 sunt
147 1690 300 1721 turbines.
316 1693 432 1722 Omnia
444 1691 483 1722 ad
492 1695 631 1724 ornatio-

57 1745 125 1766 rem
145 1738 321 1767 orationem
337 1745 489 1778 spectant.

83 1792 95 1812 x
107 1793 118 1812 1
126 1783 359 1823 [0.Eurypilum,
369 1784 562 1824 Euripilum,
570 1786 633 1814 Eu-

56 1828 205 1869 riphilum
221 1829 426 1860 libran'orum
453 1830 554 1871 lapsu.
578 1833 633 1861 Est

55 1874 244 1918 Εὐρύπυλος.
269 1877 425 1906 Scitamm
450 1876 632 1907 defenditur

55 1922 95 1953 ab
105 1924 213 1954 Heius.
221 1929 253 1952 et
262 1924 370 1954 Burm.
379 1923 526 1964 Plerique
536 1923 630 1954 codd.

54 1968 241 2006 scitantem,
265 1970 360 2000 etiam
383 1969 468 2001 Gud.
486 1980 503 1999 a
521 1981 562 2001 m.
579 1981 629 2011 pr.

54 2010 86 2046 at
99 2015 219 2047 Medic.
230 2038 240 2053 ‚
252 2017 359 2057 inquit
374 2017 524 2047 Heinsius
536 2040 543 2054 ‚
558 2026 631 2057 pro-

55 2061 262 2094 bescitatum.
273 2062 334 2094 Sed
349 2074 390 2093 ne
407 2063 547 2100 mireris,
564 2063 630 2093 Gu-

55 2107 185 2139 dianam
200 2119 217 2139 a
231 2109 379 2140 Mediceo
393 2109 447 2140 hic
460 2109 627 2148 dissidere,

56 2155 248 2194 tenendum,
263 2157 299 2186 in
316 2156 466 2187 Mediceo
484 2167 502 2186 a
526 2157 628 2197 prima

55 2210 151 2232 mauu
174 2201 343 2233 micantum
368 2213 434 2234 esse
454 2203 626 2245 scriptum,

248 2267 300 2303 11.

693 853 782 894 quod
797 861 936 884 erratum
961 865 1026 884 esse
1042 860 1147 895 potest
1161 865 1202 884 ex
1215 855 1272 884 sci-

693 907 837 938 tantem,
861 902 1031 942 veriorque
1054 901 1131 931 adeo
1146 901 1214 931 haec
1239 909 1271 931 et

693 947 800 977 eadem
832 947 958 978 doctior
985 948 1081 978 lectio
1096 970 1104 984 ‚
1123 958 1217 988 quam
1238 956 1269 978 et

692 1003 733 1023 ex
749 993 892 1036 Longob.
906 995 1027 1025 Pierius
1041 994 1131 1024 affert
1149 1001 1180 1024 et
1197 996 1267 1025 Ser-

691 1041 763 1070 vius
777 1041 988 1081 exponit.·—-1
999 1047 1092 1077 14—-
1106 1051 1119 1070 1
1130 1052 1180 1081 19.
1194 1042 1268 1071 Sus-

685 1087 802 1127 pensi,
819 1087 965 1125 solliciti,
988 1087 1087 1125 dubi,
1119 1087 1197 1128 quid
1221 1088 1265 1117 fa-

692 1141 810 1164 cerent.
855 1134 1016 1174 Eurypyli
1047 1134 1173 1175 plures;
1201 1133 1268 1164 vid.

690 1180 865 1211 Burmann.
893 1181 933 1210 ad
954 1180 1049 1212 Ovid.
1069 1182 1149 1211 Met.
1163 1182 1265 1218 XIII,

692 1227 755 1265 357
782 1236 789 1257 :
818 1227 1044 1256 celeberrimus
1061 1226 1195 1267 Telephi
1220 1227 1264 1264 f.‚

689 1274 747 1313 qui
756 1274 902 1311 Trojanis
911 1273 1031 1303 auxilio
1039 1274 1137 1311 venit,
1149 1279 1180 1302 et
1189 1283 1266 1313 poe-

688 1320 728 1348 tis
747 1320 878 1360 cyclicis
901 1326 996 1360 atque
1020 1321 1113 1349 etiam
1138 1320 1266 1361 tragicis

687 1373 910 1406 argumentum
923 1366 1032 1396 nobile
1048 1365 1266 1406 suppeditave-

687 1419 746 1442 rat.
766 1413 815 1442 De
832 1423 898 1453 quo
912 1412 974 1442 late
989 1413 1103 1452 Quint.
1121 1412 1186 1444 Cal.
1197 1414 1261 1450 VI,

692 1468 755 1498 119
771 1469 840 1499 sqq.
866 1459 906 1489 cf.
926 1460 1042 1489 Tzetza
1065 1469 1098 1499 p.
1126 1465 1201 1497 147.
1218 1460 1264 1490 At

687 1504 720 1535 h.
749 1505 770 1535 l.
793 1504 1019 1546 intelligendus
1040 1506 1086 1543 is,
1112 1506 1168 1545 qui
1197 1505 1263 1535 fere

686 1551 773 1591 apud
796 1553 973 1582 Homerum
996 1552 1153 1589 occurrit,
1173 1553 1263 1582 Evae-

685 1599 789 1628 monis
805 1596 892 1628 filius
903 1620 911 1634 ‚
936 1609 977 1628 ex
995 1599 1149 1629 Ormenio
1164 1598 1262 1629 Thes-

684 1644 768 1674 saliae
789 1645 896 1686 copias
914 1644 1045 1676 ducens.
1065 1657 1096 1676 v.
1114 1644 1205 1675 Iliad.
1220 1643 1261 1684 β,

687 1691 752 1728 734
779 1702 848 1732 sqq.
872 1690 1026 1733 Virgine:
1045 1692 1184 1732 expetita
1200 1692 1263 1721 vic-

684 1738 758 1767 tima
774 1737 939 1778 Iphigenia
949 1759 958 1774 ,
971 1737 1143 1767 substituta
1156 1743 1260 1767 tamen

684 1793 763 1814 mox
777 1793 879 1813 cerva.
898 1783 958 1814 Sed
968 1805 977 1820 ,
994 1794 1069 1814 cum
1081 1783 1151 1813 haec
1166 1783 1257 1813 fabu-

683 1828 713 1858 la
722 1836 796 1870 post
809 1831 986 1859 Homerum
1000 1829 1129 1859 demum
1141 1828 1260 1860 adscita

685 1881 716 1904 et
735 1876 821 1905 varie
836 1875 913 1905 olim
929 1882 1058 1906 tractata
1081 1876 1194 1915 fuerit,
1210 1876 1259 1906 vi·

684 1921 802 1952 dentur
837 1922 932 1952 etiam
955 1922 1050 1952 fuisse
1091 1924 1148 1964 qui
1173 1924 1259 1965 Aga-

684 1970 862 1999 memnonis
874 1967 973 1998 filiam
982 1979 1056 2000 vere
1064 1970 1258 2000 immolatam

684 2015 852 2045 traderent.
867 2014 964 2056 Quod
975 2021 1007 2046 et
1021 2017 1147 2047 Lucret.
1162 2018 1177 2047 1
1186 2039 1197 2056 ,
1212 2016 1256 2046 85

682 2063 845 2102 sequitur:
866 2061 986 2093 Aulide
1003 2073 1066 2104 quo
1074 2070 1175 2104 pacto
1191 2060 1257 2094 Tri-

682 2108 748 2138 viai
771 2107 911 2150 virginis
932 2119 1024 2139 aram
1049 2108 1259 2151 Iphianassai

681 2161 848 2196 turparunt
882 2155 1040 2197 sanguine
1065 2155 1160 2198 foede
1192 2163 1253 2186 etc.

680 2212 776 2244 quum
793 2201 943 2239 venistis,
958 2204 1068 2233 venire
1089 2203 1255 2234 volebatis.

1048 2280 1089 2304 11
