1402 2460
572 53 692 83 LIBER
718 53 776 83 15'.

1208 63 1272 92 209

75 109 220 156 Odere3
240 110 375 147 infensi
393 110 516 159 Tyrii5
538 118 574 146 te
593 120 751 160 propter
770 110 943 148 eumdem

76 171 290 209 Exstinctus
310 171 456 221 pudor,
476 181 531 217 et,
551 184 626 221 qua
645 172 724 208 sola
743 171 867 209 sidera
887 171 1057 218 adibam,

27 263 33 270 .
78 234 191 269 Fama
210 233 334 283 prior3
355 233 417 270 cui
435 245 495 270 me
514 232 782 270 moribundam
802 233 962 279 deseris,
982 232 1142 282 hospes?
1195 226 1201 230 ⁶

73 293 156 328 Hoc
175 292 296 329 solum
316 305 454 330 nomen
472 294 652 343 quoniam
673 293 721 331 de
740 294 898 344 conjuge
918 295 1053 331 restat!

75 351 176 396 Quid
196 355 349 389 moror?
369 366 416 389 an
435 366 519 390 mea
538 353 756 402 Pygmalion
777 353 866 390 dum
886 353 1023 390 moenia
1043 353 1158 390 frater
1226 359 1273 383 323

74 413 272 458 Destruat,
291 422 355 450 aut
375 422 526 463 captam
547 412 661 449 ducat
680 413 851 449 Gaetulus
871 413 1027 450 Iarbas?

76 472 215 508 Saltem
236 473 267 509 si
286 486 361 522 qua
380 473 474 509 mihi
494 472 540 510 (le
560 482 597 509 te
615 483 789 523 suscepta
809 474 939 511 fuisset

75 535 173 570 Ante
194 534 320 583 fugam
341 533 509 579 soboles;
530 534 560 569 si
581 533 666 582 quis
686 533 780 570 mihi
800 534 982 583 parvulus
1001 534 1088 570 aula

76 593 243 630 Luderet
261 596 416 639 AEneas,
437 594 503 643 qui
524 602 559 630 te
582 602 705 629 tamen
726 606 792 629 ore
814 593 990 639 referret,

76 656 162 690 Non
182 653 357 703 equidem
378 653 532 689 omnino
552 662 662 701 capta
683 665 725 689 ac
745 653 893 689 deserta
912 653 1083 690 viderer!
1108 670 1120 684 ι»

1235 661 1280 684 330

128 714 299 750 Dixerat.
321 714 388 750 Ille
409 714 513 750 Jovis
533 713 686 750 monitis
707 713 863 750 immota
883 713 1036 750 tenebat

76 773 258 819 Lumina,
279 781 315 809 et
335 772 499 809 obnixus
519 785 649 809 curam
670 771 742 809 sub
759 772 874 809 corde
890 771 1098 821 premebat.

76 834 243 871 Tandem
264 846 385 884 pauca
403 833 521 870 refert
538 846 546 867 :
568 850 583 865 «
605 834 685 882 Ego
705 840 762 878 te,
781 846 866 882 quae
886 833 1050 883 plurima
1071 832 1184 870 fando

76 896 310 932 Enumerare
328 894 430 931 vales
442 922 452 940 ‚
471 905 687 943 nunquam,
707 893 856 943 regina,
874 892 1023 943 negabo

80 1069 152 1099 vide
175 1079 271 1110 supra
302 1079 384 1098 vers,
421 1069 484 1108 196
515 1079 583 1108 sqq.
609 1086 656 1091 —

79 1116 186 1155 Libya·
199 1123 322 1157 gentes.
341 1125 388 1155 pr.
409 1116 525 1145 Moret.
558 1122 588 1144 et
611 1116 656 1144 sic

78 1163 229 1192 Arusiau.
246 1160 496 1202 IVumadumque
512 1162 604 1191 multi
626 1168 656 1192 et

80 1208 330 1248 Numidamque.
360 1209 431 1238 Hoc
451 1210 516 1246 jam
536 1209 657 1239 Pierius

78 1254 274 1296 praeferebat.
301 1254 361 1285 Sed
381 1255 529 1284 Graecum
552 1262 656 1295 poetae

78 1301 165 1331 haud
197 1300 295 1330 dubie
334 1301 657 1341 placuit—320—

81 1349 158 1383 324.
185 1362 199 1373 u
219 1348 347 1377 Dicitur
383 1348 505 1388 ingenti
537 1347 657 1378 affectu

78 1393 137 1423 hos
161 1404 270 1423 versus
295 1395 519 1433 pronuntiasse
533 1393 544 1433 (
557 1395 659 1435 Virgi-

80 1441 141 1471 lius
152 1440 163 1480 )
175 1462 184 1477 ,
194 1449 293 1480 quum
305 1441 453 1479 privatim
462 1442 572 1480 paucis
582 1451 660 1480 prae-

81 1486 221 1516 sentibus
237 1487 385 1516 recitaret
402 1489 567 1527 Augusto;
588 1497 661 1515 uam

81 1533 226 1563 recitavit
246 1532 385 1572 primum
410 1533 510 1562 libros
534 1533 663 1562 tertium

83 1587 113 1610 et
126 1584 285 1619 quartum.
299 1592 315 1603 ἰ
330 1579 407 1608 Haec
421 1581 508 1609 Serv,
526 1585 556 1608 et
569 1588 610 1607 ex
625 1588 662 1608 eo

84 1629 240 1666 Pompon.
257 1624 342 1662 Sab.;
352 1632 383 1654 et
397 1631 472 1654 sunt
482 1626 549 1655 sine
562 1624 663 1654 dubio

85 1682 195 1702 versus
217 1671 308 1707 tales,
330 1679 368 1701 ut
390 1671 441 1700 vel
458 1671 590 1712 legentis
614 1672 665 1701 vel

88 1717 244 1748 audientis
269 1719 410 1747 animum
434 1724 665 1748 commoveant.

90 1764 227 1795 Profecit
242 1774 282 1793 ex
299 1765 337 1793 iis
350 1763 445 1794 ovid.
462 1765 520 1804 Ep.
539 1763 613 1793 Did.
634 1774 665 1793 v.

98 1821 156 1840 121
175 1821 243 1850 sqq.
260 1811 365 1840 Fama
380 1809 488 1850 prior,
505 1820 600 1850 quam
613 1809 668 1839 ha-

93 1857 151 1887 bui
179 1863 251 1886 ante
282 1863 375 1886 tuum
404 1856 578 1886 adventurn
598 1866 606 1886 :
629 1855 670 1886 de

94 1901 246 1944 conjuge,
268 1901 331 1932 hoc
349 1902 452 1932 solum
470 1913 589 1932 nomen
603 1901 668 1943 (sc.

95 1948 228 1989 hospes)
254 1948 332 1979 mibi
358 1955 453 1979 restat
479 1949 517 1978 de
536 1955 586 1986 te,
614 1949 669 1988 qui

84 1995 198 2026 ,fueras
220 2002 309 2025 antea
327 1996 448 2034 conjux
463 2005 470 2026 :
489 1995 573 2025 conf.
592 1995 671 2025 Bur-

98 2052 261 2072 mannum.

148 2088 188 2118 32
195 2088 340 2118 5—330.
358 2087 445 2128 Quid
452 2098 558 2117 moror
565 2091 582 2117 ,³
591 2088 672 2129 quin

100 2135 203 2164 statim
231 2135 358 2165 moriar.
374 2134 572 2176 Pygmalion
597 2134 672 2164 dum

102 2180 223 2211 moenia
257 2180 420 2220 desemat‚·
452 2187 583 2222 propter
619 2180 674 2211 ina

709 1078 780 1108 quae
801 1067 944 1108 exposita
972 1073 1046 1096 sunt
1073 1076 1143 1107 sup.
1167 1069 1203 1103 Ι,
1223 1067 1286 1096 360

709 1125 778 1155 sqq.
803 1114 942 1144 Luderet
967 1119 1075 1143 ornate
1097 1120 1128 1142 et
1149 1113 1287 1143 suaviter

709 1172 769 1201 pro
781 1183 789 1197 ‚
806 1167 884 1190 esset
901 1161 989 1201 regni
1003 1159 1094 1189 heres
1109 1168 1117 1188 ι
1131 1166 1228 1200 capta
1248 1170 1288 1188 nc

711 1207 836 1237 deserta
846 1208 982 1249 graviter
994 1216 1053 1245 pro
1065 1228 1072 1243 ‚
1087 1206 1197 1236 relicta
1211 1218 1226 1236 a
1239 1215 1268 1236 te
1279 1230 1287 1244 ‚

711 1264 787 1283 cum
802 1260 951 1294 respectu
967 1252 1007 1282 ad
1021 1251 1145 1281 larbam
1159 1263 1190 1283 v,
1210 1254 1287 1290 326,

711 1301 762 1329 cuj
780 1300 974 1340 relinquitur
987 1299 1111 1339 captiva
1127 1298 1289 1329 abducen-

711 1346 760 1376 da.
778 1347 929 1377 Ceterum
952 1346 1009 1385 qui
1032 1355 1062 1375 v,
1091 1346 1155 1375 328
1182 1357 1289 1387 repre-

710 1392 859 1422 bendum
870 1414 878 1428 ‚
910 1393 1027 1421 nostris
1058 1392 1203 1422 moribus
1224 1403 1290 1422 rem

715 1440 888 1474 aestirnant;
904 1437 993 1478 quod
1006 1439 1040 1466 in
1056 1445 1162 1468 vetere
1179 1446 1271 1478 poeta
1283 1462 1291 1475 ‚

716 1492 747 1514 et
770 1486 804 1514 in
826 1484 960 1513 heroum
986 1486 1051 1514 vita
1077 1494 1191 1524 pamm
1207 1492 1292 1515 recte

716 1530 764 1561 fit.
779 1548 827 1554 ·—-
841 1531 917 1560 328.
939 1531 1058 1559 Parvus
1080 1530 1113 1559 in
1133 1531 1211 1560 aula
1231 1538 1293 1562 tres

716 1578 826 1607 Heius.
839 1598 847 1613 ,
863 1576 917 1606 sed
930 1575 1090 1616 vulgatam
1107 1583 1216 1608 tuetur
1233 1579 1294 1608 Ju-

716 1622 836 1652 venalis
850 1623 984 1651 imitatio
1000 1624 1061 1653 Sat.
1076 1624 1118 1661 V,
1138 1625 1198 1654 138
1216 1624 1295 1654 Nul-

719 1669 767 1698 Ius
783 1668 1002 1708 tibiparvulus
1011 1670 1089 1698 aula
1105 1670 1228 1699 Luserit
1241 1671 1296 1700 ΑΞ-

720 1725 799 1744 neas
808 1727 821 1751 ;
830 1721 860 1744 et
867 1714 983 1745 Catulli
990 1716 1171 1756 exemplum
1178 1717 1294 1752 LVIII,

723 1761 930 1800 216.-329.
951 1760 1015 1801 Qui
1029 1768 1059 1790 te
1073 1767 1182 1792 tamen
1197 1772 1214 1791 e
1229 1763 1297 1792 Me-

721 1806 784 1836 dic.
795 1814 826 1837 et
835 1807 903 1837 aliis
914 1808 1189 1847 praestantioribus
1203 1809 1297 1838 etiam

722 1855 804 1884 Pier.
817 1876 825 1890 ,
843 1861 874 1883 et
883 1854 1044 1884 Arusiano
1053 1855 1171 1884 Messio
1181 1877 1190 1891 ,
1202 1855 1298 1884 Hein-

724 1901 804 1936 sius,
823 1907 895 1940 post
917 1899 1034 1930 Bened.
1049 1901 1157 1941 Vulgo
1174 1910 1182 1931 :
1196 1900 1253 1941 qui
1267 1907 1298 1930 te

724 1953 864 1984 tantum,
882 1946 936 1976 aui
949 1946 1007 1987 qui
1019 1953 1145 1976 tantum
1160 1954 1202 1978 te.
1321 1979 1327 1986 ¹

773 1993 836 2023 331
855 2003 924 2033 sqq.
939 1995 1098 2029 Immoca,
1118 2000 1156 2023 ut
1171 2003 1231 2023 nec
1244 1992 1298 2022 ad-

725 2039 860 2079 spiceret
882 2047 915 2070 et
944 2039 1176 2070 miserationem
1201 2039 1299 2070 Dido-

724 2087 774 2115 nis
800 2086 894 2116 vultu
921 2093 1074 2128 argueret.
1103 2086 1198 2117 Unde
1232 2087 1298 2125 369

726 2133 899 2176 Numfletu
909 2132 1065 2175 ingemuit
1075 2140 1182 2163 nostro
1193 2136 1210 2163 :²
1221 2144 1297 2163 num

727 2178 981 2224 Iuminaflexit?
995 2179 1128 2216 Curam,
1147 2179 1180 2211 h.
1199 2179 1222 2211 l.
1240 2179 1296 2210 do—
