1423 2517
631 95 752 125 LIBER
778 94 801 123 I.
1290 93 1327 121 15

127 155 283 202 Sceptra
302 162 448 197 teneus,
466 151 661 201 mollitque
679 151 841 196 animos,
862 159 899 186 ct
918 159 1102 200 temperat
1118 151 1204 187 iras.

125 213 173 250 Ni
191 213 319 259 saciat,
337 212 456 249 maria
475 225 518 249 ac
536 222 654 249 terras
671 212 882 260 coelumque
903 211 1136 261 profundum

125 272 278 322 Quippe
299 273 420 310 ferant
436 272 560 322 rapidi
579 286 705 310 secum
717 301 726 319 ,
743 281 972 321 verrantque
992 285 1060 321 per
1077 284 1186 309 auras
1194 286 1205 317 ;

124 332 199 370 Sed
218 343 325 383 pater
341 334 578 384 omnipotens
595 333 782 384 speluncis
802 332 947 370 abdidit
964 333 1073 378 atris,
1295 339 1327 363 60

124 396 207 431 Hoc
223 404 411 441 metucns;
430 394 643 444 molemque
664 403 700 431 ct
718 395 855 432 montis
873 394 1027 443 insuper
1043 394 1136 431 altos

124 454 326 504 Imposuit,
344 466 548 503 regemque
565 454 689 500 dedit,
710 454 776 503 qui
793 453 933 490 foedere
949 461 1053 490 certo

123 516 169 551 Et
185 526 376 563 premere,
397 522 433 551 et
449 515 551 551 laxas
568 515 681 551 sciret
702 513 792 551 dare
805 514 930 564 jussus
948 513 1125 550 habenas.

124 573 182 610 Ad
198 587 311 623 quem
331 582 408 611 tum
424 577 444 610 J
449 586 523 610 uno
544 574 705 623 supplex
721 573 780 610 his
797 573 956 610 vocibus
973 586 1040 609 usa
1056 582 1111 609 est
1130 586 1136 606 :

177 652 190 665 α
204 634 328 680 .ΕοΙυ,
341 646 502 683 namque
519 633 588 672 tibi
605 633 732 670 divom
748 643 856 683 pater
872 642 985 682 atquc
1001 632 1197 668 homiuum
1215 640 1325 668 rex&

122 792 204 821 infla
225 797 286 826 140
305 790 384 819 aulz
403 789 485 818 dicta
501 800 525 819 s.
540 789 633 829 regia.
647 789 697 817 Sic

122 836 208 878 apud
223 838 398 866 Homerum
414 835 529 876 Od5ss.
547 846 567 864 ν.
580 834 696 875 p1.h1-

123 884 178 914 bet
200 884 319 923 regiam
343 882 468 918 AEolus,
493 888 530 911 ut
553 887 583 910 et
609 881 696 921 apud

122 931 283 971 Quintum
305 929 328 959 l.
356 939 383 959 c.
409 934 417 947 ‘
405 929 482 966 4⁸5.
499 927 607 957 *lollic
622 927 695 956 aui-

123 987 201 1011 mos,
221 977 353 1016 mitigat,
370 974 402 1004 h.
415 985 442 1004 e.
454 974 571 1011 domat,
587 970 694 1016 ὃαυᾷς

123 1023 269 1063 reprimit
283 1032 318 1051 ac
334 1028 459 1051 coercet
473 1031 584 1051 e01um
597 1022 696 1061 impe-

125 1077 185 1106 tus,
201 1075 232 1098 et
247 1068 322 1104 iras,
338 1068 472 1098 furores.

173 1116 226 1145 58.
256 1115 302 1146 Ni
317 1113 430 1155 faciat
446 1131 491 1137 ——-
507 1113 624 1154 quippe
641 1112 696 1155 se-

123 1169 201 1191 rant
222 1162 409 1213 exquisitius
435 1171 530 1200 quam
558 1160 698 1201 vulgare,

122 1208 212 1248 quod
239 1208 275 1237 ni
295 1206 372 1249 faci
371 1214 408 1236 at
430 1207 562 1243 AEolm,
583 1206 702 1248 ferant

145 1248 239 1291 mci-ti
263 1252 313 1296 ῥα.
330 1254 433 1283 Etiam
453 1252 606 1293 pedestris
629 1264 698 1283 ora-

124 1301 169 1330 tio
185 1300 376 1341 postularet:
391 1298 695 1340 Quzppe,mfac1ut

112 1345 247 1389 ferant,
264 1346 325 1376 alio
352 1345 474 1376 ordine.
496 1346 698 1386 Profundum

121 1393 247 1429 coelum,
265 1393 372 1423 altum.
383 1392 448 1423 vid.
467 1392 506 1421 ad
522 1393 638 1433 Georg.
654 1394 696 1429 II,

123 1440 202 1470 288.
226 1439 348 1469 Habuit
370 1445 463 1479 poeta
490 1446 560 1468 ante
587 1439 699 1468 oculos

123 1487 250 1516 Lucret.
270 1487 304 1521 I,
331 1496 417 1525 279,
439 1486 504 1515 280
523 1495 530 1516 :
548 1484 698 1514 Venti—-

123 1542 255 1572 corpora
274 1542 380 1567 caeca,
402 1533 482 1572 Quae
503 1542 608 1569 mare,
625 1542 698 1572 quae

124 1586 226 1609 terras
235 1601 245 1614 ‚
264 1589 338 1619 quae
349 1578 489 1619 denique
502 1577 613 1607 nubila
629 1577 704 1607 coeli

126 1625 273 1662 Verrunt,
291 1636 331 1654 ac
346 1624 447 1654 subito
462 1624 627 1654 vexantia
641 1631 701 1653 cur-

124 1670 197 1700 bine
220 1678 361 1711 raptant.
375 1671 485 1711 —59.
497 1670 614 1701 Rabidi
629 1672 702 1701 Mo-

125 1723 183 1747 r.et
201 1727 263 1747 sec.
285 1718 480 1758 Vertautque
500 1719 626 1758 Menag.
649 1728 699 1758 pr.

126 1770 158 1792 et
185 1762 234 1793 ed.
264 1765 347 1793 Ven.
377 1773 389 1792 1
398 1764 702 1803 4·2.Ve15antque

126 1809 255 1839 Vratisl.
280 1810 480 1849 Ruereucque
494 1810 620 1849 Hugen.
642 1809 703 1839 Sed

126 1863 263 1885 ‘verrant
292 1856 414 1896 egregie
442 1865 502 1895 pro
539 1854 702 1895 diripiant,

124 1907 274 1942 spargant
294 1912 302 1938 ;
333 1908 363 1930 et
392 1908 439 1931 est
468 1902 601 1931 omnino
632 1912 703 1932 voc,

126 1955 307 1977 ventorum.
323 1949 388 1976 Per
396 1958 489 1977 aures
498 1949 518 1978 J
522 1954 590 1977 unt.
606 1946 655 1978 ed.

141 2025 145 2030 ,
176 1995 231 2025 60.
259 1993 400 2023 Addidit
436 2001 497 2023 tres
528 1995 703 2024 Burmann.

125 2041 210 2070 inter
225 2051 306 2081 quos
321 2040 497 2082 Hamburg.
511 2051 559 2080 pr.
569 2040 708 2070 Addidit

127 2086 200 2117 imis
225 2097 286 2127 pro
310 2097 376 2118 var.
392 2087 465 2117 lect.
482 2105 530 2109 -—
543 2087 703 2122 60—64.

128 2134 271 2164 Primum
291 2140 404 2163 ventos
421 2134 583 2173 speluncis
601 2134 704 2163 inclu-

127 2180 183 2217 sit,
201 2179 340 2219 insuper,
359 2186 526 2220 praeterea,
540 2180 656 2210 molem
676 2186 709 2209 et

131 2225 222 2267 (quae
241 2225 333 2257 molis
347 2234 394 2257 est
409 2226 601 2268 explicatio)
615 2237 707 2257 mon-

751 795 797 818 tes
819 787 902 817 aleos
926 788 963 816 iis
982 786 1145 826 imposuit.
1162 787 1231 816 Nisi
1244 797 1325 825 prze-

750 842 809 864 stat
824 833 956 874 insuper
974 833 1014 862 ad
1033 831 1181 872 imposuit
1198 832 1324 867 referre,

749 881 1000 922 superimposuit
1037 886 1180 909 montem
1214 879 1323 908 altum.

750 928 881 958 Fcedere
890 934 985 963 cerco,
1000 933 1084 956 certa
1093 926 1171 967 lege,
1183 927 1305 955 ratione
1315 935 1323 961 ς

749 985 816 1004 non
827 981 943 1004 temere
953 980 984 1003 et
996 984 1055 1014 pro
1065 983 1176 1002 eorum
1186 973 1324 1012 impetu:

743 1031 912 1062 premere,
941 1020 1080 1050 habenas
1103 1018 1266 1055 inhibere,
1281 1028 1327 1047 re-

752 1068 874 1097 trahere
890 1077 898 1097 :
917 1078 992 1107 opp.
1008 1066 1106 1096 laxas
1128 1066 1207 1094 dare
1217 1088 1226 1103 ,
1240 1065 1326 1094 laxa—

752 1125 796 1144 re.
814 1113 914 1144 Modo
927 1123 1071 1143 coercere
1089 1112 1141 1154 (v.
1159 1111 1326 1152 54fiena-

752 1160 825 1201 re),
842 1160 939 1190 modo
963 1160 1146 1189 liberiorem
1171 1160 1327 1198 impetum

753 1207 928 1237 concedere
938 1229 946 1244 ,
962 1206 1159 1245 omninoque
1185 1203 1327 1234 modera-

752 1255 790 1284 ri.
807 1256 916 1283 Jussus
932 1264 949 1282 a
964 1255 1056 1284 Jove.
1073 1252 1112 1281 cf.
1131 1261 1184 1289 77.

799 1300 900 1330 65——
915 1300 970 1339 69.
1000 1298 1114 1335 AEole,
1131 1307 1327 1337 namque—

751 1347 873 1387 poetica
884 1348 975 1384 ratio,
985 1355 1048 1385 qua
1061 1344 1073 1385 (
1084 1344 1215 1374 Homeri
1225 1354 1328 1373 exem-

752 1393 807 1433 plo
822 1390 884 1436 γὰρ
902 1404 933 1423 v.
960 1403 988 1422 e.
1008 1391 1099 1421 Iliad.
1116 1402 1152 1426 ω,
1172 1391 1232 1420 103
1247 1412 1254 1426 ,
1271 1389 1328 1418 ubi

753 1439 793 1470 cf.
810 1438 910 1479 Ern.)
929 1438 1063 1468 formam
1085 1437 1238 1478 pedestris
1260 1445 1330 1465 ora-

752 1487 847 1516 tionis
870 1487 905 1514 in
923 1495 1032 1514 caussa
1048 1483 1208 1513 reddenda
1233 1481 1328 1511 relin-

751 1533 822 1572 quit
844 1539 874 1561 et
897 1531 994 1560 simul
1007 1531 1146 1560 orationi
1161 1528 1328 1559 vehemen-

754 1580 829 1608 tiam
857 1577 986 1607 affectus
1015 1577 1199 1607 conciliat:
1223 1575 1330 1609 AEole‚

754 1624 1013 1665 quandoquidem
1032 1624 1088 1654 tibi
1110 1622 1247 1663 Jupzeer⁷
1268 1631 1330 1651 πα.-

754 1682 809 1713 ττρ
826 1666 975 1713 &adeso-e.
962 1681 994 1687 -·
984 1671 1046 1700 ιθε
1051 1672 1091 1700 ὁ]
1105 1668 1329 1707 r=‚ded1clzoc,

755 1725 790 1747 ut
797 1717 902 1758 possis
920 1724 1124 1758 tempestates
1139 1715 1283 1745 emicare
1301 1720 1332 1743 ec

753 1764 885 1799 sedare,
906 1764 1034 1793 concita
1059 1771 1193 1797 ventos,
1219 1768 1254 1790 uc
1277 1768 1334 1789 alle

756 1810 906 1839 obruatur
929 1809 1076 1849 fluctibus
1106 1808 1217 1838 classis
1255 1806 1334 1837 milzi

757 1855 878 1891 invisa,
897 1863 954 1884 aut
978 1854 1168 1896 disjiciatur.
1190 1855 1332 1885 Illulcetc

746 1902 879 1945 fluctus,
898 1903 1080 1943 reprimere,
1098 1909 1130 1931 et
1143 1901 1254 1931 tollere
1279 1912 1333 1932 eos

757 1955 858 1978 vento
869 1971 877 1983 ‚
893 1948 926 1978 h.
946 1960 973 1979 e.
989 1949 1160 1985 concitare,
1171 1955 1208 1978 ut
1217 1948 1278 1978 alte
1287 1949 1334 1978 in-

757 2001 898 2035 surgant.
927 1995 1091 2024 Illustrant
1111 1994 1209 2024 verba
1234 1994 1335 2025 Cerda

759 2048 789 2070 et
806 2043 977 2071 Burmann.
1001 2043 1150 2072 Sumtum
1174 2041 1213 2071 ab
1228 2043 1335 2072 Ennio

758 2088 874 2117 Annal.
900 2089 996 2118 XVII
1020 2089 1139 2118 Auster
1163 2094 1195 2117 et
1214 2088 1336 2128 Aquilo

760 2134 856 2163 Eudo
874 2133 960 2162 mari
973 2145 1092 2176 magno
1095 2135 1220 2178 fluctus
1232 2134 1336 2164 excol-

761 2181 825 2210 lere
847 2187 982 2211 certant.
999 2180 1114 2222 odyss,
1137 2191 1156 2210 γ.
1169 2204 1177 2218 ,
1193 2192 1248 2218 21,
1267 2191 1307 2210 22
1324 2190 1332 2211 :

761 2226 866 2258 Κεῖνεν
883 2223 945 2270 γὰρ
962 2225 1075 2270 ταμίην
1090 2225 1211 2271 ἀνέμων
1228 2224 1335 2259 mimz
