1433 2460
135 85 177 116 26
640 82 833 114 AENEIDOS

136 143 285 189 AEolus,
306 150 342 178 et
362 141 489 177 clauso
508 147 708 178 ventorum
726 153 879 177 carcere
898 150 1040 191 regnet.
1060 158 1075 173 ι»

190 203 253 240 sic
271 203 340 247 ait,
360 210 396 237 et
416 199 518 237 dicto
535 200 646 238 citius
662 199 808 238 tumida
828 214 981 251 aequora
999 202 1140 251 placat3

137 264 410 309 Conlectasque
431 260 534 310 sugat
550 260 689 306 nubes,
710 261 902 310 solemque
923 260 1082 298 reducit.

138 323 369 373 Cymothoe,
391 320 501 358 simul
522 330 559 358 et
572 322 706 358 Triton
727 321 905 368 adnixus,
927 332 1039 359 acuto

137 382 354 420 Detrudunt
370 382 475 418 navis
491 383 666 432 scopulo;
687 383 786 419 levat
808 382 887 432 ipse
905 382 1078 429 tridenti,

1292 389 1338 419 145

138 445 183 479 Et
203 450 326 479 vastas
347 441 469 491 aperit
489 443 621 490 syrtis,
642 452 679 479 ct
701 450 884 491 temperat
904 455 1053 492 aequor;

137 507 261 552 Atque
278 502 371 539 rotis
391 515 555 539 summas
573 501 722 540 levibus
741 501 954 552 perlabitur
970 503 1101 540 undas.

136 567 209 611 Ac,
225 562 343 601 veluti
362 574 498 614 niagno
512 563 551 599 in
566 563 709 614 populo
730 575 847 613 quum
863 576 962 613 saepe
979 573 1109 600 coorta
1126 573 1182 601 est

137 697 241 720 autem
257 690 348 719 locus
362 688 569 719 adumbratus
587 700 628 719 ex
644 691 712 719 110-

138 747 216 767 mer.
235 736 323 766 lliad.
356 746 377 765 α
391 759 400 773 ,
428 747 438 765 1
449 747 490 775 ῖς)
516 732 631 766 Οἴκσιὸ’
659 733 711 765 ἴων

136 781 188 813 σὺν
205 781 290 815 νηυσί
300 793 332 812 τε
349 785 401 824 σῇς
422 780 476 812 καὶ
491 782 552 818 σοῖς
567 781 712 826 ἑτάροισι,

137 826 381 872 Μυρμιδόνεσσιν
405 827 531 860 ἄνασσε.
558 831 600 859 At
623 840 715 859 orna-

136 877 201 905 tius
220 883 328 906 noster
346 876 461 905 extulit
478 887 489 905 .·
509 887 541 905 se
552 875 656 917 jactet
668 893 715 898 —

136 922 215 952 aula
227 945 236 959 ‚
253 924 346 963 regia.
363 923 402 952 cf.
417 923 455 952 ad
473 923 525 952 56.

190 975 252 1005 142
271 987 319 992 —-
342 970 416 999 156.
438 969 560 999 Placata
579 975 715 1008 tempes-

139 1022 195 1046 tas.
211 1016 316 1046 Aliter
351 1016 454 1044 simile
492 1022 716 1056 argumentum

137 1068 307 1091 tractatum
321 1061 408 1091 vides
420 1061 460 1091 ab
474 1061 592 1092 ovidio
607 1063 621 1090 Ι
636 1062 715 1091 Met.

140 1109 206 1138 330
223 1119 291 1148 sqq.
311 1108 406 1137 Dicto
421 1107 511 1138 citius
526 1119 593 1137 uon
604 1130 612 1145 ‚
632 1115 717 1137 aute-

137 1165 232 1194 quam
259 1154 399 1192 diceret,
431 1161 485 1184 aut
509 1155 602 1183 citius
619 1164 715 1193 quam

137 1201 203 1230 dici
217 1208 321 1241 potest
331 1223 340 1236 ‚
359 1207 396 1230 ut
411 1203 520 1237 Serv.;
536 1200 591 1230 sed
601 1223 610 1238 ‚
629 1208 716 1229 ante-

139 1258 238 1287 quam
260 1246 438 1276 orationem
450 1246 603 1289 finiisset.
629 1248 717 1277 Non—

139 1293 218 1323 dum
233 1295 340 1323 omm'a
357 1299 423 1323 erat
438 1293 611 1333 eloquutus
622 1316 630 1329 ‚
641 1304 716 1323 cum

137 1341 201 1378 jam
218 1351 304 1369 mare
320 1347 399 1369 esset
422 1339 593 1380 placatum.
614 1340 716 1380 Quale

138 1387 221 1416 illud
235 1386 398 1428 vulgatum
415 1396 422 1417 :
438 1388 569 1416 Dictum
585 1387 716 1424 factum3

140 1430 197 1475 ἅμ’
219 1431 307 1470 ἔπος,
325 1432 380 1475 ἅμ’
401 1431 511 1476 ἔργου
531 1440 563 1462 et
577 1432 665 1463 Iliad.
678 1444 711 1471 τ,

141 1486 207 1516 242
221 1490 228 1511 :
246 1478 342 1511 Αὺτίκ
364 1478 459 1509 ἔπειθ’
472 1478 541 1524 ἅμα.
551 1479 642 1523 μῦθος
654 1479 715 1517 ἔην,

140 1525 301 1557 τετέλεστο
323 1523 358 1556 δὲ
380 1525 482 1570 ἔργον.

193 1579 267 1610 144.
305 1573 470 1614 splendidi
509 1573 544 1603 hi
579 1579 719 1613 quatuor

141 1630 250 1650 versus
265 1631 295 1651 v.
317 1626 435 1656 144·—
450 1625 509 1658 147
526 1626 718 1660 quantarum

140 1666 263 1696 scilicet
284 1677 392 1696 rerum
420 1666 638 1697 adumbratio!
655 1668 718 1695 lla-

141 1712 213 1742 buit
234 1713 315 1744 forte
337 1720 409 1744 ante
431 1713 542 1743 oculos
564 1712 717 1753 Apollon.

141 1760 199 1795 IV,
214 1761 282 1799 930
295 1771 364 1800 sqq.
379 1760 437 1790 ubi
447 1760 555 1791 Thetis
570 1770 643 1788 cum
657 1760 719 1789 Ne-

141 1804 287 1835 reidibus
301 1816 415 1836 navem
434 1808 518 1847 Argo
537 1807 622 1835 inter
637 1816 721 1835 erra-

143 1852 220 1881 ticas
250 1863 346 1892 rupes
373 1853 492 1883 salvam
513 1851 642 1882 deducit
653 1875 661 1889 ‚
689 1858 720 1882 et

148 1898 234 1938 1609
251 1909 320 1939 sqq.
339 1899 511 1938 Cymothoe
527 1909 592 1929 una
609 1909 650 1928 ex
663 1900 722 1929 Ne-

143 1944 286 1974 reidibus
300 1954 307 1975 t
326 1945 479 1986 Apollod.
494 1947 524 1982 Ι,
538 1956 556 1974 2
569 1968 577 1983 ‚
592 1956 623 1982 7;
638 1946 722 1974 inter

143 1992 263 2020 Oceani
277 1990 358 2020 filias
373 2002 423 2032 ap.
438 1991 569 2022 Hesiod.
584 1993 621 2027 Θ,
641 1992 719 2026 245.

144 2036 331 2066 Dect-udum
360 2049 457 2068 naves
485 2038 614 2077 scopulo
638 2038 721 2066 refer

145 2081 184 2110 ad
199 2093 248 2112 eas
259 2094 290 2113 v.
306 2084 367 2113 108
379 2095 458 2124 quas
474 2086 577 2114 Notus
589 2083 621 2113 in
635 2093 721 2112 saxa

145 2127 283 2157 latentia
299 2137 432 2170 torquet.
446 2133 546 2161 Porro
558 2131 625 2170 ipse
633 2131 720 2170 Nep-

147 2180 246 2204 tunus
261 2175 344 2204 levat
357 2187 388 2206 n.
404 2186 516 2207 naves:
527 2178 634 2217 itaque
648 2182 722 2216 post

148 2221 276 2262 scopulo
292 2222 392 2252 nolim
408 2223 500 2263 plene
514 2223 701 2265 interpungi
710 2245 720 2261 ‚

764 690 808 720 ita
834 696 871 719 ut
897 690 1068 730 Neptunus
1098 696 1197 729 syrtes
1222 689 1343 719 levasse

766 736 915 766 dicatur:
936 736 1023 776 quod
1047 747 1113 766 non
1135 736 1217 766 hene
1239 736 1340 766 fleret.

765 801 813 806 —
829 793 839 811 1
850 783 902 818 45.
926 783 1110 812 Detendum
1120 782 1217 813 Goth.
1233 793 1282 823 pr.
1299 782 1343 812 le-

768 837 821 859 vat
836 837 933 869 atque
949 829 1063 859 Hamb.
1075 840 1123 870 pr.
1135 829 1196 859 Ille
1205 828 1342 859 Dorvill.

771 876 955 906 Tridentem
973 876 1070 906 Goth.
1085 883 1156 906 tert.
1167 886 1233 905 non
1243 875 1340 911 male;

768 924 830 952 nisi
854 922 990 951 alterum
1022 922 1148 951 doctius
1181 928 1271 952 esset.
1294 938 1341 944 —

774 980 785 998 1
795 970 848 1005 46.
861 968 975 1008 Aperit
989 976 1087 1008 syrtes
1097 991 1105 1005 ‚
1116 969 1166 998 via
1181 979 1221 998 ex
1230 978 1342 998 areno-

768 1017 810 1045 sis
828 1015 916 1044 vadis
931 1015 1010 1044 facta
1023 1038 1030 1052 ‚
1047 1022 1083 1044 ut
1097 1025 1193 1045 naves
1209 1013 1341 1054 expedi-

772 1073 805 1091 re
829 1073 861 1091 se
893 1068 1046 1102 possent:
1071 1068 1109 1091 ut
1132 1072 1215 1102 saepe
1238 1067 1341 1101 poetae

770 1108 810 1137 de
825 1108 912 1137 aditu
922 1107 1005 1137 facto
1016 1118 1024 1144 ;
1040 1107 1084 1136 sic
1093 1118 1183 1138 mare
1191 1106 1341 1148 aperitur.

769 1154 864 1185 Refer
873 1161 976 1184 autem
986 1153 1025 1184 ad
1040 1161 1102 1184 tres
1111 1164 1207 1185 naves
1216 1165 1246 1184 v.
1266 1164 1278 1182 1
1290 1164 1340 1191 10,

774 1211 786 1230 1
799 1212 833 1230 11
857 1208 888 1230 et
909 1208 1067 1241 temperat
1087 1211 1197 1239 mare,
1222 1200 1342 1230 fluctus

768 1247 881 1287 placat.
900 1248 975 1278 Non
1005 1255 1109 1278 autem
1139 1254 1214 1278 sunt
1239 1253 1342 1287 syrtes

766 1294 846 1331 illas,
876 1294 976 1332 major
1002 1301 1034 1324 et
1060 1296 1185 1332 minor,
1205 1293 1243 1324 ad
1266 1293 1342 1323 litus

769 1342 888 1370 Africae
899 1364 906 1378 ‚
935 1351 975 1370 ex
1005 1341 1222 1382 geographicis
1244 1346 1340 1370 notae.

768 1404 816 1411 -—
823 1398 835 1417 1
844 1393 861 1423 4
868 1399 882 1425 7
890 1411 897 1417 .
908 1387 992 1417 Talis
1002 1389 1172 1428 Neptunus
1181 1386 1343 1428 quadrigis

770 1441 882 1463 vectus
890 1435 982 1464 etiam
996 1435 1031 1464 in
1045 1435 1175 1475 gemmis
1189 1433 1342 1465 occurrit:

770 1480 854 1511 Mill.
866 1483 892 1518 I,
915 1490 944 1517 1,
961 1491 994 1511 n.
1018 1491 1093 1511 121.
1105 1478 1235 1520 Dadtyl.
1250 1479 1342 1521 Lipp.

771 1527 858 1557 Alias
882 1527 1022 1557 laudatas
1043 1539 1075 1558 v.
1095 1538 1112 1557 a
1127 1526 1230 1556 Saxio
1245 1528 1287 1557 V.
1307 1528 1342 1558 C.

771 1573 809 1603 ad
841 1573 952 1613 Virgil.
977 1573 1087 1604 Justic.
1114 1580 1137 1604 t.
1159 1575 1206 1610 V,
1229 1584 1262 1614 p.
1288 1577 1343 1612 37.

771 1621 827 1650 Est
855 1621 940 1649 enim
971 1627 1002 1650 et
1025 1620 1071 1650 ibi
1094 1619 1204 1649 similis
1222 1630 1344 1660 gemma

772 1676 929 1706 expressa.
941 1667 1033 1697 Conf.
1048 1669 1119 1697 AEn.
1134 1669 1175 1702 V,
1192 1666 1209 1695 8
1219 1677 1254 1704 17
1275 1679 1344 1708 sqq.

773 1712 909 1743 Pulchre
936 1720 1041 1742 autem
1065 1712 1189 1753 singula
1204 1713 1345 1744 celerita-

773 1765 837 1788 tem
867 1761 1070 1800 exprimunt,
1097 1760 1192 1789 etiam
1214 1757 1249 1789 τὸ
1280 1760 1350 1790 labi

767 1815 831 1845 per
838 1806 952 1836 undas.
962 1807 1059 1844 VIII,
1075 1816 1116 1847 91
1134 1805 1348 1837 Labituruuc-

775 1858 810 1881 ta
824 1852 922 1882 vadis
941 1851 1040 1883 abies.

825 1899 901 1934 148.
921 1899 999 1929 Cum
1008 1898 1099 1939 forte
1113 1898 1230 1929 Hamb.
1249 1909 1297 1939 pr.
1310 1900 1346 1930 in

773 1952 915 1985 excerpt.
929 1946 1015 1976 Cort.
1025 1947 1346 1985 Interpretamentum

772 1990 835 2021 hoc
864 2001 930 2020 esse
960 1991 1014 2021 τοῦ
1044 2001 1129 2030 saepe
1139 2013 1148 2028 ‚
1174 1997 1269 2031 atque
1282 1991 1345 2022 hoc

773 2047 868 2066 sensu
893 2047 958 2066 esse
984 2036 1206 2077 accipiendum
1217 2061 1226 2075 ‚
1253 2045 1291 2067 ut
1305 2039 1346 2068 sit

773 2080 854 2119 ἴσως,
864 2080 952 2122 τάχα
961 2106 969 2120 ,
980 2083 1180 2113 existimabat
1188 2083 1344 2116 Abresch.

772 2129 880 2160 Diluc.
908 2129 1059 2170 Thucyd.
1087 2140 1120 2170 p.
1151 2131 1185 2168 I,
1206 2141 1242 2170 p.
1269 2136 1344 2169 174.

772 2176 943 2216 Opiniom's
955 2177 1174 2206 auctoritatem
1187 2176 1278 2206 aliam
1293 2177 1348 2209 de-

774 2222 896 2260 sidero3
917 2229 985 2253 tum
1007 2222 1041 2254 h.
1061 2222 1083 2254 1.
1102 2222 1267 2265 langueret
1279 2233 1348 2254 ora-
