1433 2460
599 127 721 158 LIBER
746 128 771 158 Ι.
1226 133 1286 162 105

91 187 191 234 Quid
210 195 353 224 tantum
369 187 523 224 Oceano
539 193 747 236 properent
763 197 801 221 se
818 186 963 235 tingere
981 186 1076 225 soles
1238 199 1285 231 745

89 246 267 293 Hiberni‚
288 247 346 283 vel
362 259 446 296 quae
466 245 582 282 tardis
602 258 708 282 mora
726 244 900 282 noctibus
919 246 1053 283 obstet.

87 308 321 357 Ingeminant
336 307 471 357 plausu
486 305 612 355 Tyrii,
630 307 826 355 Troesque
847 316 1069 356 sequuntur.

137 369 217 404 Nec
233 380 309 404 non
330 375 366 403 et
383 367 491 403 vario
509 373 659 402 noctem
677 378 850 402 sermone
868 365 1043 402 trahebat

86 427 219 463 Infelix
239 426 358 473 Dido,
375 426 605 476 longumque
626 425 783 463 bibebat
804 439 989 473 amorem;

83 487 206 523 Multa
221 500 335 537 super
351 487 500 523 Priamo
522 487 707 536 rogitans,
724 499 838 535 super
855 489 1018 523 Hectore
1036 486 1151 523 multa
1168 500 1175 521 ε
1235 495 1283 528 750

82 549 211 593 Nune,
232 547 370 597 quibus
386 550 546 583 Aurorae
563 547 724 583 venisset
744 547 838 583 lilius
855 546 985 592 arinis;

82 608 210 652 Nunc,
227 607 354 657 quales
378 606 573 644 Diomedis
590 607 678 657 equi
697 620 704 642 :
720 620 838 653 nunc,
856 615 1018 656 quantus
1036 605 1210 644 Achilles.

84 686 97 699 «
117 670 236 704 Immo
252 681 338 718 age,
355 679 391 706 et
407 682 428 706 a
448 668 588 718 prima,
606 668 685 713 dic,
707 668 864 716 hospes,
880 667 1026 716 origine
1041 667 1151 705 nobis

83 727 259 773 Insidias,
276 728 416 778 inquit,
434 731 626 774 Danaum,
647 740 829 776 casusque
846 736 1019 770 tuorum,

82 788 316 836 Erroresque
332 797 415 824 tuos
432 802 439 824 :
461 800 547 824 nam
562 796 598 824 te
610 787 688 836 jam
710 786 869 836 septima
885 794 1011 836 portat
1233 795 1280 827 75⁵

81 911 119 941 ad
148 912 264 952 Georg.
290 913 356 949 III,
389 912 488 953 381),
515 914 588 952 quia
612 913 650 942 ab

79 960 214 999 antiquis
241 958 422 988 hominibus
447 959 506 988 sub
532 959 650 997 boum,

75 1005 152 1045 jugo
180 1006 363 1044 junctorum
380 1027 388 1042 ,
419 1005 519 1035 forma
549 1005 650 1035 sidera

77 1050 144 1080 haec
168 1050 392 1092 comprehensa
422 1052 517 1082 fuisse
539 1053 649 1081 viden-

77 1103 150 1134 tur;
174 1098 249 1128 hine
275 1098 408 1135 iisdem,
433 1105 464 1127 et
487 1099 648 1128 interdum

78 1145 190 1182 majori
213 1145 301 1173 Ursae
322 1144 380 1174 soli
403 1143 457 1185 (ut
473 1145 588 1184 Odyss.
615 1154 646 1181 ε,

79 1192 142 1227 273
155 1190 178 1230 ),
196 1190 350 1220 tributum
375 1200 492 1220 nomen
517 1188 626 1233 ἅμαξα
638 1214 646 1228 ,

69 1236 249 1276 plaustrum
262 1248 274 1271 ‚·
297 1243 326 1266 et
346 1236 420 1266 hinc
439 1239 571 1273 Bootes,
591 1238 647 1277 qui

77 1281 212 1319 deinde,
233 1283 383 1312 Ursarum
406 1282 515 1312 formis
535 1290 565 1312 et
588 1294 647 1313 no-

75 1328 215 1357 minibus
235 1328 401 1366 subjectis,
422 1328 647 1368 Arctophylax

76 1373 138 1403 dici
152 1374 257 1414 coepit.
276 1375 359 1403 Usus
372 1374 465 1403 etiam
483 1375 556 1404 tulit
567 1374 627 1405 hoc
636 1397 645 1411 ‚

75 1427 110 1449 ut
131 1426 249 1460 septem
264 1420 299 1448 in
311 1420 407 1449 altero
425 1420 540 1450 horum
554 1420 648 1450 terio-

75 1476 168 1501 num,
187 1468 266 1496 Ursa
281 1466 398 1503 majore
409 1489 418 1503 ,
434 1466 531 1496 stellae
546 1467 649 1497 claris-

74 1513 161 1541 simae
185 1511 248 1551 (cf.
274 1512 373 1542 Cicer.
393 1514 433 1543 N.
450 1514 490 1542 D.
515 1513 562 1550 11,
582 1513 648 1554 41)

74 1558 304 1597 septentriones
327 1558 570 1598 appellarentur.
599 1561 648 1590 De

75 1603 231 1633 sideribus
251 1604 300 1633 his
315 1605 381 1634 vid.
394 1604 551 1635 Eratosth.
567 1607 598 1643 Ι,
615 1617 646 1644 2,

77 1649 117 1687 8,
139 1656 189 1685 14.
204 1667 250 1672 —
268 1650 349 1688 745,
375 1651 406 1681 6.
430 1652 495 1682 Cur
521 1651 646 1682 dierum

74 1696 172 1735 spatia
186 1696 365 1726 decrescant
383 1707 418 1726 ac
437 1705 577 1728 crescant
588 1709 644 1739 per

75 1740 213 1771 diversas
232 1743 306 1771 anm'
318 1743 410 1772 vices.

123 1794 199 1826 747.
228 1788 379 1817 Plausum
403 1788 546 1829 vulgares
569 1789 644 1819 libri

72 1833 201 1864 habeut.
225 1835 276 1863 Sic
302 1835 395 1863 etiam
421 1835 455 1863 in
478 1836 643 1865 Servianis.

72 1879 132 1910 Sed
143 1880 265 1920 plausa
282 1882 445 1910 Romanus
460 1891 486 1910 c.
507 1880 575 1910 aliis
593 1892 645 1910 ve-

75 1927 190 1956 tustiss.
214 1927 324 1964 Pierii,
341 1927 416 1955 item
434 1926 551 1956 Medic.
571 1937 644 1957 eum

73 1974 182 2002 ceteris
208 1973 317 2002 Heius.
348 1979 462 2012 praeter
486 1975 591 2013 Sprot.
614 1981 646 2003 et

73 2017 154 2049 Ven.
171 2018 264 2049 Adde
278 2020 382 2049 Wass.
405 2019 445 2048 ad
463 2019 588 2050 Sallust.
607 2021 642 2050 B.

71 2066 102 2095 J.
118 2065 148 2095 5.
164 2065 284 2095 Plausu
301 2066 394 2094 etiam
408 2065 473 2094 (luo
487 2076 527 2095 ex
543 2066 638 2097 Goth.

71 2112 109 2140 In
126 2118 195 2141 tert.
209 2112 328 2141 Moret.
340 2111 484 2151 plausus.
497 2111 557 2142 Sed
565 2122 641 2152 prae-

71 2157 153 2187 clare
176 2158 295 2197 plausu
322 2165 449 2187 revocat
474 2159 643 2195 Heinsius,

70 2204 126 2243 qui
138 2210 169 2233 et
186 2203 338 2243 exemplis
359 2204 495 2233 illustrat
510 2205 644 2244 promis-

72 2259 130 2279 cue
150 2251 276 2291 positis,
294 2250 410 2290 quibus
427 2257 531 2280 tamen
549 2261 644 2291 appa-

704 918 752 942 ret
770 918 890 941 tantum
907 911 968 941 hoc
979 935 988 950 ‚
1009 911 1208 954 ingeminare
1224 911 1277 941 ab·

704 958 806 988 solute
831 958 894 989 dici
910 968 918 988 2
936 957 1116 1000 ingeminat
1133 959 1274 992 clamor,

704 1003 884 1045 ingemmac
890 1005 1024 1044 plausus
1038 1005 1049 1046 (
1060 1016 1102 1035 sc.
1119 1015 1150 1034 se
1161 1005 1172 1047 )
1190 1011 1221 1035 et
1233 1006 1276 1034 sic

705 1051 772 1081 alia.
795 1052 920 1082 Scilicet
943 1051 1138 1082 dicendum:
1157 1053 1277 1092 plausu

703 1108 902 1138 mgemmare
915 1109 979 1128 esse
989 1099 1112 1128 doctius
1123 1105 1153 1128 et
1168 1099 1277 1138 exqui-

702 1144 790 1173 sitius
817 1144 957 1182 dictum,
984 1156 1077 1185 quam
1096 1145 1272 1185 plausum,

703 1191 750 1219 uti
764 1190 864 1220 multa
883 1191 941 1220 alia
956 1191 1100 1221 similiter
1115 1192 1275 1220 immutari

700 1236 819 1274 solent,
834 1243 869 1266 ut
882 1238 1003 1276 poetica
1017 1237 1114 1267 dictio
1127 1247 1143 1266 a
1154 1237 1275 1277 vulgari

701 1281 835 1313 recedat.
855 1300 902 1305 —-
912 1283 1120 1324 Ingeminare
1130 1283 1275 1313 absolute

700 1339 829 1368 quoque
849 1329 974 1359 dieitur.

751 1375 827 1411 748.
860 1376 996 1404 Noctem
1036 1385 1182 1405 sermone
1212 1382 1273 1404 tra-

701 1419 797 1449 hebac
828 1420 952 1450 doctius
988 1431 1083 1460 quam
1119 1421 1252 1451 alterum
1264 1444 1272 1458 ,

701 1476 878 1496 sermonem
907 1465 1031 1496 trahere
1074 1467 1106 1496 in
1136 1474 1272 1497 noctem.

701 1519 827 1553 ——749.
854 1514 999 1554 Longum
1027 1512 1153 1544 bibebat
1184 1524 1273 1543 amo-

701 1570 786 1596 rem,
818 1559 1008 1596 imbibebat,
1047 1561 1136 1600 quasi
1175 1560 1273 1601 longo

699 1605 825 1636 haustu.
848 1605 1035 1646 Metaphora
1061 1617 1119 1648 per
1143 1617 1175 1636 se
1210 1606 1271 1636 fre—

700 1662 811 1692 quens.

748 1699 824 1736 751.
850 1699 954 1728 Miror
978 1699 1138 1728 neminem
1168 1698 1273 1736 conje-

700 1744 776 1773 cisse
797 1754 805 1774 :
825 1744 936 1784 quibus
957 1746 999 1774 A.
1024 1744 1169 1774 venisset
1180 1743 1273 1786 filius

699 1789 770 1819 oris.
789 1807 836 1812 ——
854 1791 930 1827 751,
950 1791 1026 1827 752.
1052 1792 1170 1821 Ornate
1187 1800 1272 1829 pro:

697 1845 793 1874 super
805 1837 958 1871 Hectore,
981 1837 1153 1865 Memnone
1164 1857 1173 1872 ‚
1194 1836 1272 1865 Dio-

698 1881 789 1910 mede
815 1888 845 1910 et
869 1881 1005 1911 Achille.
1024 1880 1145 1911 Debuit
1168 1889 1272 1911 autem

697 1928 732 1956 in
751 1928 843 1956 armis
862 1929 1044 1957 Memnonis
1065 1927 1185 1968 aliquid
1206 1938 1271 1958 me-

698 1973 850 2003 morabile
863 1984 928 2003 esse
937 1996 946 2011 ,
963 1973 1228 2014 quemadmon
1237 1975 1272 2004 in

698 2020 809 2049 ceteris
823 2030 962 2061 quoque.

746 2067 822 2103 753.
847 2067 884 2101 *A
903 2066 1014 2106 prima
1032 2076 1076 2097 or.
1101 2066 1271 2097 Excidjum

697 2113 801 2151 Trojae
827 2122 843 2141 a
865 2112 1011 2142 simulato
1033 2112 1108 2142 inde
1130 2112 1270 2143 Achivo-

698 2169 770 2187 rum
787 2158 909 2196 reditu,
933 2169 1080 2199 equoque
1108 2159 1270 2190 fabricato.

698 2205 783 2234 Male
799 2205 853 2236 alii
870 2211 942 2245 post
958 2206 1102 2236 Servium
1119 2215 1127 2236 :
1147 2216 1164 2235 a
1179 2212 1272 2246 raptu

698 2251 773 2281 inde
787 2251 924 2282 Helenae.
942 2269 988 2274 —
1005 2252 1047 2290 75
1053 2252 1084 2289 52
1101 2253 1273 2283 Annorum
