1433 2460
595 132 717 163 ruffin
742 132 767 162 1.
1243 130 1282 166 37

86 191 243 229 Praemia
258 190 370 240 digna
385 189 518 227 ferant.
536 191 631 236 Quae
651 197 687 225 tc
705 197 780 225 tam
796 188 880 225 laeta
901 189 1068 226 tulerunt
1237 195 1286 218 605

86 251 253 290 saecula?
275 252 340 301 qui
358 251 452 288 tanti
468 251 579 288 talem
601 262 766 300 genuere
783 252 979 299 parentes?

84 315 129 349 In
146 313 242 350 freta
257 311 347 350 dum
365 312 473 349 fluvii
489 320 661 358 current,
677 311 768 348 dum
789 310 982 347 montibus
1002 309 1146 348 umbrae

85 372 319 411 Lustrabunt
335 385 522 419 convexa,
538 373 648 423 polus
666 372 755 409 dum
774 371 900 409 sidera
918 379 1068 422 pascet,

86 436 246 485 Semper
264 434 404 481 honos,
425 447 639 484 nomenque
662 443 787 479 tuum,
807 432 1013 482 laudesque
1035 430 1259 477 manebunt,

83 497 178 542 Quae
193 509 253 534 me
271 508 432 546 cumque
447 504 585 533 vocant
601 503 722 532 terrae.
737 511 750 527 ›.
768 493 830 531 Sic
848 493 964 540 satus,
986 493 1149 530 amicum

128 694 206 724 605.
223 695 340 723 Ferent
363 695 412 723 vir
433 693 548 724 doctus
571 693 650 734 (Jo.

78 739 221 780 Jorn'n.)
237 741 270 769 in
287 740 379 771 Obss.
396 742 488 770 Misc.
507 742 540 776 1,
559 750 591 779 p.
612 750 627 777 7
642 762 650 777 ,

79 794 116 816 ut
130 788 176 817 lx
188 809 195 823 ‚
213 787 277 821 254
295 786 342 816 dii
354 796 518 826 moresque
532 785 653 816 dabunt

77 832 188 862 vestri.
203 834 279 863 Stat.
294 832 395 862 Theb.
407 834 481 869 VII,
501 833 566 872 379
582 833 652 862 Nec

78 879 214 909 laudare
238 878 315 907 satis
339 878 517 920 dignasque
540 889 655 918 repen-

77 925 151 955 dere
172 931 281 966 grates
311 924 475 968 Stffciam
485 936 498 960 ;
516 924 654 965 reserent

77 971 192 1012 Superi
211 978 271 1001 etc.
289 971 350 1001 Sed
366 981 424 1001 nec
432 971 551 1012 ferant
565 971 651 1001 dam-

75 1017 217 1048 nandum
229 1041 237 1053 ‚
266 1017 354 1058 quod
376 1028 485 1048 omnes
504 1018 579 1048 libri
598 1018 652 1048 ha-

74 1064 173 1102 bent,
195 1065 288 1094 etiam
308 1065 413 1095 Vatic.
438 1065 548 1106 fragm.
572 1066 652 1104 Quoe

75 1118 105 1140 te
115 1110 187 1152 jam
199 1111 296 1142 Goth.
308 1122 356 1152 pr.
373 1111 485 1140 Tulere
495 1111 561 1140 duo
575 1112 652 1141 Bur-

74 1167 182 1187 mann.
207 1164 243 1186 ut
259 1157 446 1187 emendabat
465 1158 649 1199 Cuningha-

73 1214 155 1233 mus.
165 1220 211 1226 —-
225 1204 314 1234 Felix
327 1204 495 1234 hominum
511 1211 582 1233 aetas
593 1227 601 1241 ,
614 1205 650 1234 in

75 1260 137 1290 qua
159 1257 189 1280 te
214 1256 276 1280 tam
296 1261 479 1291 generosam
501 1250 649 1281 feminam

72 1297 160 1325 nasci
185 1297 334 1338 contigit!
361 1299 452 1327 Loeta
475 1304 549 1326 sunt
569 1298 649 1327 faus-

71 1348 104 1371 ta
114 1365 124 1380 ,
139 1342 241 1372 felicia
255 1353 279 1373 s.
291 1344 444 1384 Compara
456 1343 478 1374 l.
492 1354 518 1374 c.
531 1343 646 1384 Odyss.

72 1385 107 1424 ζ,
138 1389 200 1425 154
217 1407 264 1411 -
284 1390 357 1428 157.
375 1391 423 1420 De
453 1390 552 1419 forma
579 1390 646 1420 lau-

71 1433 170 1464 dandi
182 1435 242 1464 hac
261 1435 326 1466 vid.
343 1436 438 1466 ovid.
452 1436 509 1466 lib.
524 1438 572 1465 IV
582 1438 648 1466 Me-

71 1481 229 1521 tamorph.
248 1493 295 1512 vs.
312 1483 377 1512 322
394 1493 440 1522 sq.
460 1489 490 1511 et
506 1482 551 1511 ibi
567 1484 647 1513 Bur-

72 1537 228 1558 mann.—
243 1529 321 1559 606.
342 1528 454 1558 Talem
471 1528 558 1558 tanti
574 1531 646 1560 Par-

71 1573 153 1604 rhas.

117 1621 312 1658 607—610.
330 1621 428 1662 Quod
443 1621 590 1652 Tibullus
609 1624 624 1652 1
635 1645 643 1660 ,

72 1671 91 1700 4
102 1689 110 1702 ,
138 1666 181 1696 65
198 1667 284 1697 nude
299 1678 307 1697 τ
323 1669 399 1698 dum
421 1669 535 1698 robora
551 1669 645 1698 tellus

69 1729 116 1734 —-
131 1712 247 1750 veliet,
272 1713 336 1744 hoc
363 1716 505 1744 ornatius
530 1715 645 1745 extulit

69 1758 222 1799 Virgilius
251 1769 258 1789 :
285 1759 387 1789 donec
415 1762 449 1790 in
480 1761 645 1791 montibus

69 1805 193 1835 umhrae
214 1805 365 1835 silvarum
390 1817 536 1836 convexa
553 1817 643 1836 mou-

67 1851 158 1887 tium,
172 1851 205 1882 h.
217 1863 244 1882 e.
255 1852 350 1882 latera
365 1859 395 1882 et
411 1853 558 1889 ambitus,
573 1853 644 1882 obs-

67 1898 246 1936 curabunt,
279 1905 309 1928 et
338 1901 498 1937 ornatius,
530 1899 643 1928 Instra-

66 1942 161 1981 bunt,
184 1944 298 1975 umbra
310 1956 370 1986 pro
384 1946 471 1976 flexu
486 1946 560 1976 solis
573 1956 644 1985 pro-

66 1990 197 2027 cedente
222 1998 253 2021 et
278 1993 513 2034 circumagente
538 2003 580 2022 se.
597 2009 642 2014 —-

67 2036 146 2069 608.
183 2038 335 2068 Convexa
364 2046 488 2069 veteres
521 2039 642 2068 librarii

66 2082 206 2124 (praeter
228 2084 337 2126 fragm.
355 2087 458 2116 Vatic.
485 2086 642 2125 Pieriique

66 2129 243 2173 oblongum
253 2154 261 2169 ,
283 2133 317 2161 in
333 2132 452 2172 quibus
471 2139 557 2162 recte
570 2138 643 2172 post

65 2186 210 2207 conve-ta
247 2179 466 2220 interpunctio
504 2179 606 2219 posita
630 2177 641 2218 )

65 2228 98 2252 et
124 2223 298 2254 scholiasta!
332 2225 397 2255 fere
425 2236 500 2255 cum
533 2225 641 2254 sidera

65 2271 285 2314 conjungunt3
311 2271 393 2303 male
416 2273 538 2313 utique.
558 2273 639 2304 Nam

1231 501 1282 528 διο

708 689 826 721 coelum
847 698 894 719 est
919 700 1121 727 convexum,
1150 701 1218 721 non
1239 702 1286 721 as-

707 744 764 768 tra.
796 738 866 766 Hoc
898 743 1002 765 tamen
1036 738 1140 776 posito
1174 739 1284 767 Heius.

707 782 921 821 conjiciebat:
940 783 1014 811 dum
1038 783 1198 812 montibus
1221 795 1288 814 um-

706 826 892 858 brae‘Luscra
905 829 1027 858 dabunt
1033 841 1046 865 ,-
1056 830 1231 870 ingeniose,
1241 832 1288 860 ni-

708 876 734 905 si
744 886 887 905 convexa
897 875 1021 905 obesset
1030 887 1037 913 ;
1050 883 1080 905 et
1090 876 1286 906 Lustrabunc

706 922 808 952 multo
834 923 927 951 etiam
957 923 1054 963 magis
1084 930 1164 952 esset
1196 924 1285 963 inge-

706 969 995 999 mosum—Polus
1008 969 1082 998 dum
1097 969 1288 1010 siderapas-

706 1022 773 1050 cet,
805 1026 866 1055 pro
885 1017 975 1045 tenui
990 1026 997 1046 :
1012 1015 1162 1053 habebit;
1188 1017 1286 1057 polus

699 1072 835 1101 pascere
856 1061 963 1091 sidera
986 1062 1051 1092 dici
1074 1069 1198 1103 potest,
1224 1074 1284 1104 pro

704 1107 806 1137 sidera
830 1109 917 1148 pasci
939 1110 974 1138 in
996 1109 1091 1149 polo,
1127 1117 1284 1150 quatenus

704 1154 802 1184 stellae
820 1164 924 1184 errare
936 1163 968 1185 et
983 1157 1089 1197 vagari
1097 1166 1154 1196 per
1163 1156 1283 1185 coelum

703 1200 864 1231 videntur.
897 1203 936 1231 Et
964 1202 1194 1233 Callimachum
1225 1213 1280 1231 ex-

702 1256 846 1287 pressum
870 1258 936 1277 esse
958 1259 974 1278 a
994 1255 1124 1285 nostro,
1154 1249 1219 1287 jam
1241 1248 1281 1278 ab

703 1294 799 1323 Anna
812 1294 907 1323 Fabri
921 1294 1064 1334 aliisque,
1080 1302 1111 1325 et
1127 1301 1198 1325 ante
1214 1305 1281 1325 om-

701 1349 757 1369 nes
783 1350 799 1369 a
824 1340 984 1370 Germano
1003 1341 1138 1371 Valente
1154 1341 1193 1370 ad
1206 1341 1239 1372 h.
1256 1341 1279 1372 Ι.

703 1393 748 1415 est
764 1393 929 1422 notatum,
949 1388 984 1416 in
996 1388 1068 1417 Del.
1084 1388 1146 1426 176
1157 1385 1280 1417 -Τεί-

703 1442 799 1473 pact-a,
827 1430 921 1465 ἡνίκα
944 1433 1079 1464 πλεῖστοι
1106 1436 1179 1464 κατ’
1199 1433 1278 1476 ’ἠέρα

702 1477 932 1516 &omlis-772³..
947 1480 1029 1510 Cum
1046 1488 1150 1510 tamen
1165 1482 1279 1510 Lucre-

702 1525 776 1555 tian.
796 1527 828 1562 Ι,
855 1527 919 1555 232
941 1527 1025 1555 unde
1048 1526 1148 1557 aether
1171 1527 1279 1557 sidera

693 1571 804 1611 pascit
814 1575 831 1601 ,³
848 1579 879 1601 et
893 1572 952 1601 alia
968 1573 1040 1603 loca
1050 1596 1058 1611 ‚
1074 1574 1221 1614 inprimis
1235 1576 1277 1611 V,

702 1618 767 1654 384
798 1629 867 1659 sqq.
878 1641 886 1656 ‚
922 1620 1025 1650 multo
1047 1622 1146 1660 magis
1176 1619 1279 1650 videri

697 1665 822 1705 possint
844 1672 947 1705 poetae
972 1668 1079 1697 animo
1100 1667 1251 1697 insedisse
1268 1676 1276 1697 ι

699 1712 880 1741 Servianam
899 1713 1194 1754 interpretationem
1209 1723 1278 1742 non

697 1758 791 1796 plane
821 1768 949 1798 spernas
960 1782 968 1796 ,
1003 1766 1039 1788 ut
1073 1759 1111 1788 ad
1136 1759 1277 1800 philoso-

696 1803 837 1842 phorum
854 1806 1040 1844 opinionem
1055 1806 1172 1835 referas
1183 1829 1191 1843 ‚
1213 1816 1276 1846 qua

699 1856 780 1877 astra
796 1851 925 1879 marinis
947 1852 1144 1892 terrenisque
1161 1852 1275 1882 humo-

697 1894 787 1924 ribus
805 1898 972 1926 attenuatis
989 1895 1218 1940 (ἀπορρείαις)
1234 1898 1275 1928 ali

697 1941 894 1980 putabantur
906 1965 914 1980 ,
936 1943 1000 1973 vid.
1018 1944 1118 1974 Cerda
1130 1952 1162 1975 et
1179 1946 1201 1976 1.
1217 1945 1240 1976 l.
1257 1956 1275 1974 a

696 1988 828 2025 Burm.;
851 1989 1121 2029 quemadmodum
1144 1993 1199 2022 iris
1217 1992 1274 2021 im-

697 2033 807 2064 bibere
831 2036 958 2066 imbres,
985 2048 1015 2067 v.
1040 2037 1078 2067 ad
1097 2038 1217 2070 Tibull.
1234 2040 1270 2076 Ι,

699 2086 717 2116 4
730 2103 737 2117 ,
763 2087 816 2117 44.
833 2100 879 2105 —
895 2083 981 2123 609,
1006 2084 1084 2115 610.
1105 2085 1271 2124 Suntjun·

696 2127 796 2168 genda
812 2137 819 2158 :
837 2131 1041 2170 Quocunque
1062 2130 1190 2170 abiero,
1217 2132 1272 2162 be-

695 2173 803 2203 neficii
825 2177 947 2216 accepti
969 2187 1091 2208 memor
1111 2188 1177 2209 ero.
1200 2180 1272 2208 Ma-

696 2220 834 2259 nebunt,
858 2224 964 2254 animo
988 2234 1079 2263 meo3
1103 2235 1271 2266 nunquam

694 2267 854 2301 excident.
884 2288 928 2293 -
947 2270 1014 2302 610
1030 2288 1076 2295 -
1100 2271 1180 2304 613.
1205 2273 1270 2302 1.ae-
