1402 2460
558 106 680 136 LIBER
705 105 748 135 11.

1194 114 1255 147 ιω]

56 169 171 203 Arma
189 165 333 202 dabunt
348 163 432 214 ipsi.
456 179 472 196 »
490 162 552 200 Sic
571 163 687 208 fatus,
707 161 844 198 deinde
865 173 1075 201 comantem

56 226 249 277 Androgei
267 226 411 276 galeam
428 224 628 274 clypeique
649 223 794 273 insigne
812 223 993 261 decorum

55 285 249 332 Induitur‚
266 285 449 335 laterique
466 284 653 334 Argivum
670 282 934 321 adcommodat
951 298 1088 322 ensem.

55 347 138 382 Hoc
153 346 343 396 Ripheus,
364 346 437 382 hoc
456 345 536 395 ipse
553 347 714 394 Dymas,
733 346 929 395 omnisque
944 347 1125 396 juventus

53 408 157 444 Laeta
178 408 286 454 faeit3
303 407 432 457 spoliis
448 420 487 443 se
507 406 669 455 quisque
689 406 905 443 recentibus
925 415 1056 444 armat.

1206 416 1255 450 395

54 466 236 504 Vadimus
256 467 418 503 immixti
436 465 577 503 Danais
601 465 704 502 haud
724 466 878 503 numine
896 476 1046 512 nostro,

54 528 252 577 Multaque
268 541 336 578 per
353 540 488 564 caecam
510 526 701 576 congressi
724 527 855 576 praelia
872 536 1020 563 noctem

55 588 312 633 Conserimus;
332 588 469 624 multos
486 589 659 622 Danaum
677 586 910 623 demittimus
928 590 1043 624 Orco.

54 647 270 697 Diffugiunt
289 647 350 683 alii
372 646 418 682 ad
436 646 559 691 navis,
578 655 614 682 et
630 645 742 682 litora
763 659 874 682 cursu

54 708 147 744 Fida
165 716 315 757 petunt;
334 720 419 756 pars
436 707 626 755 ingentem
650 705 852 741 formidine
874 706 977 755 turpi

1204 720 1252 746 ,ίοο

57 766 249 803 Scandunt
268 779 397 802 rursus
417 777 576 813 equum,
596 772 633 800 et
652 774 742 801 nota
765 764 982 801 conduntur
998 765 1036 802 in
1052 765 1147 802 alvo.

56 829 141 864 Heu
157 825 251 862 nihil
269 826 396 862 invitis
414 825 467 861 sas
485 838 714 874 quemquam
732 825 849 862 fidere
871 825 967 862 divis
982 829 988 862 !

109 890 205 924 Ecce
226 886 448 923 trahebatur
464 885 582 935 passis
602 886 788 922 Priameia
804 874 913 935 virg⁸go

57 947 232 986 Crinibus
251 961 272 984 a
290 947 428 996 templo
447 946 656 983 Cassandra
675 946 873 996 adytisque
890 948 1092 994 Minervae,

56 1007 116 1045 Ad
136 1008 271 1044 coelum
291 1006 446 1043 tendens
466 1006 638 1043 ardentia
654 1006 797 1043 lumina
818 1006 957 1043 frustra
975 1022 983 1044 :

57 1180 106 1202 tus
119 1173 174 1209 sit,
192 1171 388 1202 adhibeatur.
403 1172 484 1201 Mox
502 1181 630 1201 coman-

57 1227 119 1248 tem
144 1218 261 1260 galeam
285 1216 428 1260 ἵππουριν
450 1235 497 1240 -—
515 1225 545 1247 et
571 1218 628 1247 cli-

51 1275 149 1305 peum
170 1264 329 1294 induitur:
353 1265 422 1293 loro
447 1275 542 1304 super
569 1264 629 1293 hu-

56 1321 159 1341 meros
186 1312 324 1349 injecto,
351 1317 380 1340 et
395 1311 512 1339 inserta
534 1321 630 1340 manu

57 1367 157 1394 ansae,
187 1355 303 1400 ὁχάνῳ·
322 1363 357 1386 ut
374 1352 537 1386 ἐνεδύσατο
550 1379 558 1394 ,
585 1355 630 1386 ε’ν-

56 1400 138 1434 ὃῦνε·
169 1403 255 1434 conf.
287 1404 342 1433 inf.
371 1404 410 1441 67
422 1413 434 1432 1
450 1426 458 1440 ‚
488 1404 566 1441 672.
582 1420 629 1425 —-

59 1451 135 1490 391.
161 1452 264 1480 Arma
276 1454 293 1479 .³
328 1450 450 1479 dabunt
479 1450 548 1490 ipsi.
582 1451 630 1479 Ita

57 1497 183 1527 Servius
199 1497 383 1537 distinguit3
401 1497 507 1525 minus
524 1496 605 1526 bene
620 1505 628 1526 :

57 1543 178 1572 dabunt
193 1542 295 1572 hostes
309 1544 410 1583 Bigot.
424 1542 555 1572 Dabunt
570 1544 628 1572 int.

57 1588 179 1618 dicrum
198 1599 257 1629 pro
282 1589 378 1624 dent,
416 1589 597 1618 ministrent
620 1598 627 1618 :

60 1635 153 1664 clade
168 1645 228 1675 pro
243 1634 360 1664 deinde
376 1634 475 1664 Goth.
494 1645 555 1665 sec.

107 1681 184 1720 395.
215 1680 330 1720 Spoliis
351 1679 542 1717 recentibus,
574 1690 629 1709 ex-

58 1727 204 1767 quisitius
213 1736 318 1766 quam,
329 1727 433 1762 novis,
445 1727 522 1763 aliis,
533 1736 629 1766 quam

59 1783 130 1813 quae
150 1772 346 1808 habuerant,
369 1773 471 1802 armis.
488 1789 535 1794 —
553 1772 629 1811 396.

59 1819 160 1848 Haud
172 1818 303 1848 numine
320 1826 437 1853 nostro,
450 1817 483 1847 h.
499 1828 526 1848 e.
544 1828 632 1847 aver-

58 1876 93 1895 so
104 1888 113 1901 ‚
130 1865 225 1895 nobis
239 1875 306 1895 non
321 1865 460 1905 propitio
474 1873 485 1894 ;
499 1871 535 1893 at
546 1864 575 1893 si
587 1881 633 1887 --

59 1911 187 1942 Audiat
213 1921 322 1940 aversa
353 1922 418 1939 non
445 1921 532 1940 meus
556 1921 633 1940 aure

59 1958 137 1988 deus
150 1957 270 1988 Tibull.
290 1959 338 1986 111
350 1980 358 1993 ,
378 1958 395 1987 3
408 1980 416 1994 ‚
437 1958 477 1986 28
491 1979 500 1994 ‚
526 1957 584 1986 ubi
599 1968 632 1987 v,

60 2011 128 2034 not.
145 2010 176 2034 et
190 2004 222 2034 h.
242 2003 265 2034 l.
281 2003 381 2033 cerda
393 2013 400 2033 :
412 2014 489 2033 mox
508 2009 570 2039 402
589 2002 634 2032 in-

62 2050 131 2080 vitis
138 2049 227 2088 divis,
239 2047 346 2083 ἀέκητι
357 2051 442 2080 θεῶν.
453 2051 554 2080 Ninu's
564 2060 634 2079 aeu-

63 2103 93 2126 te
107 2107 180 2126 cum
196 2097 262 2127 aliis
275 2096 358 2137 apud
383 2097 526 2128 Servium
543 2099 633 2126 Pom-

63 2143 180 2183 ponius
196 2152 203 2173 ε
221 2157 237 2168 «ι
252 2145 325 2183 quja
351 2143 493 2173 ferebant
511 2144 633 2173 Miner-

65 2199 135 2218 vam
146 2211 155 2223 ,
173 2189 357 2220 Graecorum
373 2200 493 2220 numen
504 2213 512 2227 ,
531 2190 566 2218 in
579 2189 634 2219 cli-

65 2235 149 2276 peiS,
174 2245 240 2266 non
256 2237 443 2278 Neptunum
454 2258 462 2274 ‚
481 2236 633 2275 Trojano-

1206 1019 1256 1047 405

682 1182 754 1202 rum
764 1172 896 1213 insigne.
907 1186 921 1198 n
932 1173 1058 1213 —397.
1069 1173 1148 1204 Nox
1156 1184 1254 1212 caeca,

681 1220 716 1247 in
729 1230 790 1259 qua
803 1219 884 1248 nihil
899 1221 985 1248 cerni
999 1226 1123 1260 potest,
1143 1226 1181 1250 ut
1191 1221 1257 1258 jam

682 1276 795 1305 supra,
827 1272 858 1294 et
882 1276 973 1306 saepe.
991 1283 1037 1288 --
1053 1271 1134 1302 401.
1154 1267 1258 1297 Scan-

682 1311 763 1341 dunc
785 1322 889 1340 mrsu-5
913 1323 1038 1352 equum.
1061 1313 1159 1344 Forte
1192 1313 1258 1344 dic-

682 1364 750 1387 tum
776 1358 858 1388 nolis
876 1369 893 1387 a
912 1366 1023 1398 poeta;
1050 1359 1145 1388 nimis
1170 1360 1257 1390 enim

681 1411 902 1444 portentosum
925 1405 1007 1441 hoc,
1032 1413 1063 1435 et
1083 1404 1259 1438 abhorrens

683 1460 699 1479 a
716 1451 797 1480 fama
814 1452 942 1480 virtutis
958 1451 1181 1490 Achivorum3
1200 1454 1258 1482 etsi

673 1496 854 1538 fhrmidine
890 1498 973 1537 turpi
1004 1498 1126 1536 adjecit.
1166 1499 1258 1529 Certe

682 1554 810 1573 sensum
828 1554 935 1573 meum
956 1544 1091 1574 offendit
1103 1546 1138 1574 in
1152 1544 1257 1575 heroi-

683 1600 721 1619 co
734 1590 882 1620 carmine.
905 1590 996 1620 Vidit
1014 1591 1076 1620 hoc
1092 1591 1256 1632 elegantis-

683 1637 779 1665 simus
792 1658 800 1672 ‚
818 1635 896 1665 dum
912 1637 1051 1674 viveret,
1075 1637 1259 1668 Holdswor-

683 1681 779 1711 thius.
796 1699 842 1704 —-
863 1688 940 1717 402.
975 1682 1087 1712 Fidere
1116 1684 1257 1713 absolute

682 1738 742 1767 pro
760 1727 895 1765 audere3
920 1729 1054 1757 nimium
1071 1728 1166 1758 rebus
1183 1740 1258 1759 con-

684 1772 793 1802 fidere.

733 1825 774 1854 4ο
782 1820 926 1855 3—406.
937 1820 1011 1849 Vim
1022 1820 1203 1851 Cassandrae
1218 1823 1258 1852 ab

686 1866 782 1903 Ajace
799 1865 882 1895 Oilei
903 1866 925 1895 f.
952 1876 1058 1896 coram
1083 1867 1206 1898 Pallade
1223 1870 1261 1899 il-

684 1911 778 1941 latam
797 1922 861 1941 esse
880 1912 976 1952 vulgo
998 1921 1187 1945 memorant.
1211 1916 1259 1945 Ita

686 1957 773 1987 trahi
797 1964 901 1998 potest
925 1958 1050 1988 doctius
1070 1958 1192 1990 dictum
1212 1963 1259 1991 vi-

686 2004 763 2034 deri.
781 2006 886 2034 Potest
908 2010 1013 2034 tamen
1037 2013 1129 2045 poeta
1141 2008 1261 2049 simpli-

687 2052 764 2081 citer
771 2050 928 2080 declarare
940 2051 1077 2081 voluisse
1085 2075 1094 2090 ‚
1109 2063 1178 2083 eam
1189 2065 1259 2096 cap-

686 2098 783 2127 fivam
794 2098 825 2126 vi
839 2096 1005 2127 abductam
1016 2098 1121 2130 fuisse.
1133 2101 1258 2131 Tenen-

688 2143 765 2173 dum
780 2150 884 2173 autem
901 2151 962 2181 est,
973 2154 1040 2174 eam
1048 2144 1086 2174 ad
1102 2147 1257 2187 templum

687 2191 842 2220 Minervae
865 2190 1060 2233 confugisse,
1079 2193 1257 2234 supplicem

688 2236 754 2267 deae
773 2236 905 2275 factam,
930 2235 1135 2270 ἱκετεύουσαν.
1162 2241 1257 2270 Arce-

1031 2302 1096 2340 13*
