1402 2460
84 173 738 187 “Smmmmmmmm
743 173 1281 186 mmmmmmmmm

525 300 844 358 TABULA

252 438 434 467 RERUM
469 437 579 475 QUAE
605 438 671 467 -IN
703 438 808 467 HOC
842 437 1115 467 VOLUMINE

472 514 899 544 CONTINENTUR.

420 641 941 662 —Qssffi—

615 746 759 776 AENEIS.

1187 804 1259 843 Pag.

137 857 252 895 Liber
272 861 289 895 I
293 884 1142 897 ..............
1261 856 1282 891 3

136 922 253 960 Liber
266 926 306 961 II
309 948 1141 962 ..............
1210 932 1280 965 107

136 988 253 1026 Liber
267 992 335 1027 ΙΠ.
416 1014 1142 1028 ............
1212 986 1281 1032 187

136 1053 252 1091 Liber
275 1057 339 1092 IV.
412 1080 1143 1096 ............
1210 1051 1282 1087 265

403 1163 624 1195 EXCURSUS
647 1163 958 1194 NOTABILIORES

543 1246 590 1268 An
621 1245 768 1268 manvu
797 1246 823 1269 1.

84 1320 141 1354 De
162 1317 245 1353 loco
265 1316 412 1366 Libyae,
430 1317 478 1354 ad
498 1330 611 1367 quem
629 1319 766 1353 AEneas
786 1316 943 1366 appulit.
1012 1343 1020 1350 .
1080 1342 1087 1349 .
1146 1344 1152 1350 .
1212 1312 1285 1355 345

84 1385 142 1419 De
161 1382 205 1419 iis
225 1395 309 1432 quae
329 1382 488 1420 deorum
509 1383 747 1433 praesentiam
768 1390 944 1432 arguunt.
1015 1408 1022 1415 .
1081 1409 1088 1416 .
1147 1407 1154 1414 .
1210 1380 1287 1426 349

86 1453 143 1487 De
160 1448 416 1487 Amazonibus
435 1449 619 1487 auxilium
643 1450 715 1486 Ih'o
736 1448 955 1487 ferentibus.
1014 1477 1021 1484 .
1080 1475 1087 1482 .
1147 1475 1154 1481 .
1211 1444 1285 1481 355

542 1541 590 1562 AD
619 1540 765 1564 LIBRUM
795 1542 837 1564 II.

87 1611 145 1645 De
172 1620 270 1657 equo
294 1607 471 1657 Trojano.
539 1637 546 1642 .
614 1637 622 1642 .
685 1635 693 1643 .
752 1636 759 1642 .
817 1636 824 1642 .
883 1636 890 1643 .
949 1638 956 1644 .
1017 1636 1023 1642 .
1081 1635 1088 1642 .
1148 1634 1155 1641 .
1214 1605 1287 1651 357

87 1679 145 1712 De
168 1678 359 1713 Lacoonte
363 1700 1157 1710 .............
1215 1672 1290 1708 360

87 1743 145 1777 De
159 1739 362 1777 Penatibus
374 1768 383 1786 ‚
400 1737 566 1776 Palladio
582 1747 619 1775 et
636 1740 751 1775 Vesta
755 1765 1156 1774 .......
1214 1736 1288 1772 365

532 1828 580 1850 An
610 1827 759 1851 mmmm
788 1827 849 1850 111.

88 1900 146 1934 De
167 1908 341 1933 errorum
361 1897 488 1932 AEneae
511 1894 617 1930 annis
626 1921 1158 1930 .........
1215 1892 1290 1939 375

89 1966 141 1999 De
162 1962 359 2011 Harpyiis.
428 1987 1160 1997 ............
1217 1960 1292 1995 382

537 2051 585 2073 An
615 2050 765 2073 mmmm
792 2051 843 2073 1v.

89 2124 146 2159 De
165 2120 334 2166 Didone,
355 2119 511 2169 ejusque
528 2127 637 2155 aetate
658 2126 694 2153 et
717 2100 922 2154 amoribus.
954 2147 961 2154 .
980 2156 983 2157 ⁷
1020 2147 1027 2154 .
1085 2147 1092 2154 .
1153 2146 1160 2152 .
1217 2117 1292 2154 386

91 2185 276 2235 Apollinis
296 2197 466 2222 accessus
489 2183 536 2220 ad
562 2183 698 2220 Delum
703 2211 1161 2219 ........
1220 2183 1294 2230 390

514 2276 894 2294 ψ-
