1433 2460
184 93 245 125 303.

685 93 878 123 mxl-:mos

183 150 266 183 Heu
288 147 410 183 Furiis
429 146 579 184 incensa
600 147 716 185 seror!
734 152 843 185 Nunc
860 161 980 197 augur
999 148 1154 198 Apollo,

182 210 292 244 Nunc
310 207 434 255 Lyciae
451 216 588 254 sortes,
610 221 709 245 nune
727 219 762 246 et
782 209 1027 250 Jove-,missus
1046 208 1092 245 ab
1115 209 1196 258 ipso

182 268 373 315 Iuterpres
389 267 519 304 divum
541 268 612 305 sert
630 268 786 305 horrida
801 270 904 318 jussa
926 283 994 319 per
1015 281 1135 305 auram.

182 325 332 362 Scilicet
352 326 382 362 is
403 327 558 377 Superis
578 327 685 364 labor
703 337 778 374 est3
794 342 837 364 ea
855 342 944 365 eui-a
962 329 1110 377 quietos

181 386 379 422 Sollicitat!
396 390 529 437 Neque
547 396 582 424 te
601 396 728 434 tent-0,
746 401 867 437 neque
884 389 985 424 (licta
1004 388 1134 424 refello
1152 403 1159 424 ε
1332 396 1378 421 380

179 450 216 491 Ι,
234 460 392 496 sequere
409 448 554 485 Italiam
575 449 714 495 ventis;
736 457 821 498 pete
843 461 955 497 regua
976 461 1044 497 per
1064 448 1194 485 undas.

180 508 301 555 Spero
319 507 514 556 equidem,
533 507 685 553 mediis,
706 507 736 543 si
755 507 847 556 quid
868 507 930 556 pia
951 507 1105 543 numina
1126 515 1300 557 possunt,

179 566 373 615 Supplicia
394 566 601 603 hausurum
623 567 808 616 scopulis,
829 574 866 602 et
884 566 1035 602 nomine
1058 566 1158 602 Dido

177 628 286 675 Saepe
305 634 531 664 vocaturum
548 642 555 663 :
576 640 713 676 sequar
733 626 825 664 atris
843 626 994 675 ignibus
1015 625 1167 672 absens3

178 771 304 813 guidior
339 772 438 802 videri
467 783 475 803 :
499 774 605 813 itaque
633 774 747 804 Jacob.

175 820 295 859 Bryant
309 821 348 849 V.
361 820 395 849 C.
414 830 485 848 eum
501 819 670 849 delendum
685 831 748 850 esse

176 864 332 894 censebat.
351 883 399 888 —-
419 865 580 895 Amissum
615 866 746 896 classem

174 922 217 940 sc.
247 912 398 940 renovavi
429 918 459 940 et
486 911 612 941 reduxi.
641 914 726 942 Serv.
740 923 746 942 ε

174 957 303 985 classem
316 967 387 996 quae
400 957 433 986 in
446 968 570 986 summo
598 957 749 987 discrimi-

173 1013 214 1032 ne
231 1002 434 1039 versabatur,
452 1010 488 1032 ut
503 1004 565 1041 jam
585 1014 644 1043 pro
660 1005 749 1034 amis-

172 1059 204 1078 sa
220 1048 329 1078 haberi
346 1055 467 1088 posset,
492 1059 555 1078 una
574 1060 646 1079 eum
668 1052 748 1080 ’1Το-

171 1096 253 1133 janis
279 1094 317 1123 ad
341 1095 411 1124 loca
432 1101 499 1125 tuta
524 1095 633 1125 reduci
658 1097 747 1133 jussi.

173 1143 284 1181 Quum
308 1141 375 1170 haee
404 1149 615 1171 enumerasset
638 1142 671 1170 in
695 1145 747 1172 AE-

172 1197 263 1216 neam
294 1189 405 1217 merita
429 1198 463 1217 ac
487 1187 641 1217 beneficia
671 1198 745 1226 sua,

173 1232 284 1263 dolore
303 1241 333 1263 et
352 1234 442 1264 furiis
460 1241 556 1264 tantae
575 1235 636 1263 viri
653 1233 748 1274 perfi-

173 1278 233 1308 diae
245 1290 351 1309 amens
378 1280 509 1319 subjicit
527 1290 534 1310 :
558 1281 628 1310 Heu
645 1280 747 1310 Furiis

172 1325 426 1366 incensaferor!
442 1328 537 1356 Nunc
561 1326 746 1366 aliquandiu

171 1373 315 1401 oratione
331 1372 500 1401 subsistere
512 1372 672 1412 putanda;
686 1374 745 1402 sic-

169 1425 207 1449 ut
230 1419 362 1448 omnino
378 1428 436 1458 per
451 1418 615 1447 intervalla
638 1419 745 1459 singu·

170 1465 209 1494 lae
223 1465 387 1493 sententiae
414 1463 673 1504 pronuntiandae.
694 1465 745 1493 In-

169 1511 280 1551 primis
311 1510 373 1538 hou
397 1509 571 1537 tenendum
596 1520 625 1538 v.
653 1509 740 1546 380,

169 1563 201 1586 et
213 1561 285 1596 post
302 1556 318 1584 3
326 1555 342 1583 8
352 1565 364 1583 1
372 1578 379 1584 .

219 1603 258 1639 37
267 1601 284 1629 8
295 1624 303 1638 ‚
317 1602 393 1640 379.
408 1599 546 1630 Horrida
553 1599 645 1640 jussa
656 1623 664 1637 ‚
677 1601 745 1640 qui-

167 1649 230 1678 bus
245 1657 354 1687 parere
379 1646 492 1686 aliquis
514 1645 642 1675 horreat
658 1645 746 1676 adeo-

169 1705 231 1734 que
246 1693 400 1721 hactenus
424 1691 600 1721 terribilia:
625 1691 746 1732 quietos

168 1749 229 1780 pro
245 1748 298 1767 eos
309 1749 321 1773 ;
337 1744 367 1766 at
381 1744 498 1777 quanta
513 1747 587 1766 cum
601 1739 633 1766 vi
645 1739 651 1767 !
664 1738 746 1768 Con-

167 1785 263 1816 sentit
289 1785 484 1823 Epicureum
518 1783 631 1823 dogma
647 1806 656 1819 ‚
686 1794 746 1813 nec

170 1839 275 1861 tamen
293 1829 331 1858 ad
344 1830 406 1859 hoc
422 1830 595 1869 respexisse
613 1829 677 1858 dici
690 1829 744 1859 de-

167 1878 223 1907 het
238 1876 333 1906 Dido.
358 1877 397 1905 In
421 1886 489 1916 sqq.
517 1882 614 1905 artem
642 1882 744 1915 poetae

168 1922 382 1953 animadverte
394 1922 429 1951 in
440 1921 602 1951 reddenda
613 1922 744 1951 veritate

170 1979 321 1999 sensuum
332 1968 465 1998 amantis
478 1975 613 2008 spretae..

217 2016 257 2044 38
268 2026 279 2043 1
288 2038 294 2045 .
309 2017 383 2045 Post
393 2013 527 2044 Italiam
542 2014 743 2054 distinguunt

169 2061 262 2091 codd.
278 2060 388 2097 multi,
405 2067 437 2089 at
453 2060 506 2090 alii
525 2071 599 2090 cum
616 2061 740 2090 Lutatio

168 2113 199 2136 et
212 2104 385 2137 Rufiniano
400 2106 487 2146 apud
501 2109 674 2137 Burmann.
697 2106 740 2135 al-

169 2160 267 2182 teram
283 2153 437 2181 rationem
450 2160 642 2184 servant.—-
652 2152 742 2182 Com-

166 2205 278 2240 parant
299 2197 352 2227 illa
370 2200 618 2240 Agamemnonis
635 2208 643 2231 2
668 2200 742 2230 Φεῦ-

803 783 840 816 γε
855 771 929 814 μάλ’
942 779 1003 802 etc.
1016 771 1103 802 Iliad.
1117 782 1151 808 α,
1166 772 1288 810 173.-—
1299 772 1375 802 382.

803 818 920 848 Mediis
932 818 1067 859 scopulis
1082 818 1130 848 vel
1148 819 1180 847 in
1199 816 1302 848 medio
1315 828 1376 847 ma-

803 866 846 901 ri,
870 864 919 894 vel
949 866 1054 904 potius
1088 865 1210 905 poetica
1234 865 1374 900 ratione,

803 911 885 940 inter
907 911 1075 951 scopulos,
1095 911 1260 951 naufragio
1282 911 1373 940 facto.

803 958 848 986 'l‘e
861 957 1016 996 supplicia
1035 967 1099 986 esse
1114 957 1286 986 hausurum
1299 978 1307 992 ,
1322 955 1375 985 da-

804 1008 913 1032 turum
939 1014 1058 1043 pei-nas.
1079 1021 1123 1025 -
1142 1003 1217 1032 383.
1252 1001 1376 1041 Suppli—

803 1047 851 1077 cio
861 1047 1015 1078 laesarum
1027 1049 1114 1078 suere
1123 1049 1199 1078 olim
1210 1049 1264 1087 qui
1274 1058 1378 1077 einen·

803 1093 933 1132 darent,
952 1101 1082 1135 propter
1103 1094 1302 1124 insolentiam
1322 1103 1376 1123 vo-

804 1141 862 1177 cis,
879 1139 1039 1171 hausurus.
1051 1142 1089 1170 In
1101 1141 1193 1171 Witt.
1207 1146 1273 1169 erat
1286 1138 1377 1169 haus-

802 1194 922 1224 turum,
946 1187 1120 1228 vulgatiore
1145 1186 1284 1215 ratione:
1301 1184 1375 1214 lmu-

802 1232 864 1262 rire
883 1243 1018 1274 poenas,
1045 1233 1096 1263 vel
1117 1230 1306 1269 exhaurire,
1328 1238 1375 1261 est

800 1289 860 1318 pro
875 1280 1018 1319 accipere
1029 1301 1037 1316 ,
1053 1278 1192 1319 adeoque
1203 1277 1291 1307 luere
1301 1299 1309 1314 ‚
1321 1277 1374 1306 da-
1404 1307 1406 1310 ,

800 1335 834 1353 re
863 1335 994 1364 peenas:
1011 1325 1107 1355 modo
1123 1335 1153 1355 v.
1174 1324 1238 1364 359
1258 1334 1372 1353 vocem

800 1369 928 1400 ham-[re
948 1371 1085 1401 vidimus
1101 1371 1133 1401 h.
1155 1382 1182 1401 e.
1209 1370 1372 1410 accipere,

799 1417 924 1454 audii·e;
952 1419 999 1447 uti
1024 1418 1098 1447 alias
1124 1424 1170 1447 est
1206 1417 1372 1456 excipere,

799 1464 957 1501 recipere,
995 1465 1043 1490 uti
1079 1471 1111 1491 et
1147 1463 1262 1491 bibere.
1300 1464 1374 1492 Hae·

799 1517 865 1536 sere
884 1508 918 1536 in
934 1507 1024 1536 verbi
1044 1518 1105 1537 usu
1125 1508 1186 1537 viri
1215 1507 1311 1538 docti.
1327 1526 1374 1531 —-

802 1553 879 1588 384.
897 1555 1021 1593 Sequar
1031 1553 1110 1582 atris
1134 1553 1258 1594 ignibus
1265 1565 1278 1590 ;
1295 1555 1375 1584 mul-

799 1605 829 1627 ta
843 1606 1029 1639 argutantur
1041 1600 1155 1640 passim
1170 1600 1372 1640 interpretes:

801 1645 842 1674 cf.
857 1648 943 1676 Serv.
962 1647 1095 1675 Ducunt
1121 1646 1232 1686 utique
1248 1646 1314 1676 atri
1327 1646 1373 1688 ig-

801 1702 856 1720 nes
878 1691 917 1720 ad
938 1702 1072 1733 rogum3
1094 1702 1165 1722 voc.
1188 1698 1310 1730 tamen,
1326 1703 1372 1722 se-

799 1748 899 1778 quar,
918 1748 1031 1777 parum
1066 1739 1232 1775 convenit,
1247 1744 1285 1768 ut
1313 1739 1372 1776 sit,

799 1793 973 1824 prosequar
996 1791 1027 1813 te
1048 1791 1148 1814 morte
1171 1783 1249 1813 mihi
1275 1783 1371 1814 illata.

800 1831 927 1859 Praestat
943 1830 1111 1859 Furiarum
1132 1829 1232 1867 faces,
1246 1839 1318 1870 quae
1341 1838 1372 1860 et

798 1875 874 1914 ipsae
902 1885 958 1915 per
985 1874 1075 1916 ignes
1104 1883 1190 1905 aeros
1219 1875 1370 1906 declaram·

797 1920 900 1949 solent
910 1944 919 1958 ‚
938 1921 1001 1950 huc
1013 1931 1175 1959 revocare,
1192 1927 1228 1951 ut
1243 1923 1370 1952 Servius

797 1967 902 2006 primo
926 1967 998 1997 loeo
1017 1977 1025 1997 :
1045 1967 1209 1997 invocatus
1239 1967 1296 1997 cibi
1313 1968 1370 1997 im-

797 2012 922 2042 mittam
941 2013 1052 2048 Diras,
1078 2020 1109 2042 et
1131 2013 1242 2044 Cerda.
1263 2016 1367 2044 Voca-

794 2057 843 2087 his
858 2058 1071 2088 moribundus
1098 2059 1274 2097 Didonem3
1290 2067 1368 2090 tunc

794 2105 898 2134 Furiae
922 2105 1047 2134 sceleris
1074 2106 1108 2137 in
1133 2116 1183 2135 me
1208 2107 1368 2137 commissi

794 2150 853 2179 tibi
877 2150 1150 2190 observabuntur3
1175 2153 1263 2183 sive:
1288 2163 1365 2195 ego,

795 2197 852 2227 etsi
876 2197 1006 2237 absens,
1032 2198 1091 2229 tibi
1108 2209 1273 2230 occurram
1296 2206 1367 2230 tan-
