1402 2460
598 89 721 121 LIBER
747 91 802 120 IV.

1242 92 1305 130 29]

107 146 178 183 Hic
198 145 362 196 primum
380 145 537 196 paribus
554 147 677 185 nitens
693 148 882 198 Cyllenius
900 150 966 186 alis

106 206 282 243 Constitit
299 222 307 244 ε
326 207 414 244 hinc
430 216 510 244 toto
530 220 700 258 praeceps
719 222 758 246 se
777 221 939 259 corpore
960 208 1008 246 ad
1025 209 1144 247 undas

108 265 231 312 Misit,
251 266 311 302 avi
329 266 477 312 similis,
494 280 579 317 quae
596 267 740 305 circum
757 269 888 315 litora,
909 270 1052 307 circum

106 325 274 363 Piscosos
291 327 484 377 scopulos,
504 327 658 366 humilis
676 329 780 366 volat
801 342 955 379 aequora
970 331 1089 381 juxta.
1259 339 1306 363 25⁵

106 384 238 427 *Haud
257 387 365 427 aliter
383 395 501 425 terras
521 388 620 426 inter
639 389 851 440 coelumque
871 390 1042 438 volabat3

105 538 190 568 tibus
207 538 364 569 variandis
383 540 434 570 vel
458 539 680 571 transferendis

105 595 230 625 operam
246 584 345 616 ludat.

155 632 231 661 252.
259 632 310 661 Sic
340 640 370 662 et
402 632 564 672 Cyllenius
588 631 680 662 heros

105 678 201 708 Wall.
221 678 289 708 Nec
301 680 433 718 paribus
441 679 582 722 primum
599 681 680 709 Dor-

104 724 172 755 vill.
203 726 352 766 Quamvis
383 725 433 756 hic
461 725 583 757 vertice
607 726 681 757 coeli

105 773 207 802 Lutat.
224 772 263 802 ad
276 775 364 810 Stat„
381 772 435 803 sed
452 784 492 803 ex
508 774 529 803 l.
547 774 580 809 Ι,
598 774 676 810 225,

106 819 154 847 uli
167 819 276 849 Burm.
293 820 384 850 vidit.
394 837 439 842 —-
450 819 567 849 Nitens
577 842 586 857 ‚
604 821 637 851 h.
653 820 675 850 l.

106 866 145 896 de
162 865 281 895 volatu.
297 866 431 896 Par-ibus
443 865 505 895 alis
514 888 524 901 ,
543 865 609 896 leni
621 876 677 897 vo-

103 912 170 942 latu
181 934 190 949 ,
206 917 243 940 nt
257 912 345 943 Serv.
362 913 446 944 conf.
462 914 527 947 lx,
552 918 603 948 14.
622 914 679 944 Co*

104 961 166 1000 gita
190 958 230 988 de
254 969 291 988 eo
315 960 466 1000 temporis
495 967 658 990 momento
670 981 678 994 ,

104 1015 178 1035 cum
192 1004 357 1035 inhibetur
370 1006 494 1036 volatus
505 1027 513 1041 ‚
530 1012 567 1034 ut
580 1007 681 1036 subsi-

105 1051 157 1082 dat
172 1051 498 1083 ales.—253-255.
508 1053 593 1081 Ante
607 1063 680 1082 ocu-

104 1099 153 1128 los
170 1097 231 1129 Od.
250 1107 281 1135 ε,
304 1099 438 1134 50-54
450 1121 458 1135 ,
475 1097 532 1127 ubi
546 1099 611 1127 avis
623 1097 680 1129 λοί-

106 1154 155 1187 ρος
173 1155 334 1185 expressa,
349 1156 421 1186 quae
437 1145 532 1175 fulica
546 1155 611 1174 esse
624 1156 682 1185 pu-

107 1198 199 1222 tatur.
209 1191 386 1227 Admzclas,
403 1202 513 1221 versus
523 1201 607 1222 mare
617 1193 682 1222 Me-

105 1237 337 1275 diterraneum,
356 1237 443 1278 quod
459 1239 680 1280 Carthaginem

105 1282 285 1326 attingitfi'}
299 1283 365 1315 αἰθέ
368 1295 399 1315 00
402 1283 510 1328 ςὲμπε
500 1297 546 1316 -εσ
562 1296 600 1315 7?
589 1296 640 1315 ’ωτι
643 1297 678 1328 ῳ.

106 1333 146 1360 In
155 1341 192 1361 eo
206 1340 273 1360 non
282 1332 506 1373 argutandum‚
521 1332 608 1372 qnod
619 1321 681 1361 tain

106 1387 219 1419 parum
234 1377 357 1408 itineris
371 1379 597 1420 compendium
608 1378 682 1408 fecit

105 1425 298 1462 Mercurius,
321 1424 400 1454 dum
415 1426 577 1455 Atlantem
593 1426 682 1466 prius

106 1471 190 1507 adit,
221 1481 316 1511 quam
334 1471 571 1513 Carthaginem;
600 1481 683 1511 spec-

107 1525 191 1548 tatur
216 1523 340 1546 tantum
358 1517 497 1547 Atlantis
520 1518 619 1547 altum
636 1519 683 1555 ju-

106 1575 191 1605 gum,
203 1564 255 1593 cui
264 1563 341 1593 deus
351 1573 391 1592 ex
400 1563 481 1593 coelo
489 1563 683 1593 descendens

106 1612 211 1651 primo
224 1610 296 1640 loco
311 1610 436 1645 insistit,
446 1610 522 1639 hinc
534 1610 574 1639 ad
582 1609 683 1639 hnmi-

106 1657 186 1687 liora
200 1656 272 1686 loca
286 1655 442 1696 procedit.
456 1657 682 1695 Antiquior-em

108 1709 235 1744 poetam
247 1709 320 1731 ante
333 1701 443 1732 oculos
455 1712 526 1731 eum
538 1701 682 1730 habuisse

80 1745 85 1748 ’
107 1749 260 1790 suspicari
272 1747 357 1784 licet,
375 1757 415 1776 ex
430 1758 541 1777 eorum
558 1758 682 1787 genere,

108 1797 164 1835 qui
183 1795 288 1825 Persei
308 1800 339 1823 et
359 1793 508 1823 Herculis
526 1804 574 1822 res
596 1792 684 1823 fabu-

108 1841 173 1871 losa
195 1839 382 1882 geographia
401 1840 613 1870 involverant.

158 1888 224 1917 256
236 1909 246 1924 ‚
271 1887 348 1924 257.
372 1887 490 1927 Ingrati
507 1896 615 1915 versus
627 1907 635 1921 ,
652 1892 684 1915 et

110 1944 192 1964 sono
207 1935 241 1964 in
256 1943 334 1963 voce
353 1940 493 1962 extrema
510 1932 622 1962 eodem
635 1932 683 1961 bis

110 1979 264 2010 redeunte
274 2002 283 2017 ,
300 1986 331 2009 et
346 1979 496 2019 impedita
511 1977 682 2008 verborum

97 2033 280 2057 ·stmetura.
305 2025 401 2056 Haud
423 2025 512 2055 facile
540 2024 600 2054 fuit
626 2024 684 2064 qui

111 2073 278 2102 Maronem
301 2072 437 2113 legeret,
461 2072 541 2111 quin
566 2070 604 2100 ad
624 2070 682 2100 hos

112 2129 222 2148 versus
239 2118 428 2149 offenderet.
446 2119 486 2148 In
501 2116 594 2148 codd.
611 2117 681 2146 Me-

113 2163 174 2195 dic.
187 2172 218 2194 et
230 2165 336 2195 multis
350 2164 417 2194 aliis
425 2165 548 2195 Heinsii
563 2170 594 2193 et
607 2165 685 2193 Bur-

113 2221 219 2242 mann.
234 2222 242 2242 :
256 2222 296 2241 ac
317 2211 443 2250 Libyae,
463 2210 515 2242 rel
530 2218 563 2241 ec
583 2211 635 2246 L.,·
655 2217 685 2240 at

736 541 822 572 Gud.
849 553 866 572 a
887 552 929 571 m.
949 552 998 582 pr.
1023 551 1096 570 cum
1111 540 1178 570 aliis
1194 539 1241 570 ad
1256 540 1308 571 Li-

734 589 822 626 byae,
839 587 926 630 quod
940 588 1118 619 Izi-unkium
1133 589 1309 627 praetulisse

734 635 839 666 video.
868 638 1033 676 Vencoque
1056 637 1139 665 Ven.
1163 634 1223 665 Sed
1242 635 1310 665 haec

733 692 846 722 parum
868 683 990 720 juvant.
1017 682 1124 711 Heius.
1146 681 1229 719 conj.
1252 692 1309 711 σα·-

734 728 862 768 Iamque
876 729 990 758 volatu
1000 750 1008 761 ,
1029 728 1079 757 vel
1094 727 1253 759 volando.
1270 730 1309 758 E-

730 774 886 815 legantior
909 782 955 804 est
976 774 1110 803 Bentleii
1130 774 1308 804 emendatio

732 821 772 850 ad
799 821 910 850 Horat.
935 823 968 857 I,
1009 819 1071 851 Od.
1099 822 1140 856 34
1169 820 1306 861 legebat.

731 869 811 897 Tan.
843 866 944 896 Faber
977 876 1104 896 versum
1139 866 1275 896 alterum
1302 878 1309 897 2

733 912 821 942 Licus
855 923 1023 943 arenosum
1044 912 1226 953 jugulabat,
1254 916 1309 953 qui

733 965 764 988 et
790 958 965 990 Zulichem.
989 959 1097 989 deest:
1120 969 1253 996 verum,
1284 962 1310 990 si

731 1005 820 1035 hunc
843 1004 947 1034 solum
968 1005 1152 1040 sustuleris,
1186 1011 1311 1036 senten·

734 1052 776 1080 tia
814 1061 926 1080 manca
963 1051 1166 1091 relinquitur.
1207 1052 1311 1083 Debet

735 1099 820 1127 enim
836 1098 991 1127 Mercurii
1005 1098 1131 1129 volatus
1142 1098 1234 1135 juxta
1249 1110 1310 1129 ma-

735 1155 769 1174 re
793 1155 829 1174 ac
851 1144 926 1174 litus
947 1144 1110 1175 declarari.
1140 1145 1221 1174 Sunt
1246 1153 1311 1175 tan-

736 1192 809 1222 dem
823 1190 919 1222 codd.
936 1193 1018 1224 Pier,
1032 1200 1063 1222 et
1076 1192 1186 1223 Heius.
1199 1196 1230 1219 et
1241 1191 1312 1222 bini

736 1238 877 1269 Gothani
891 1262 899 1276 ,
928 1247 1001 1268 cum
1018 1239 1083 1270 Erf.
1103 1250 1119 1268 a
1139 1247 1224 1266 man.
1247 1249 1309 1269 sec.

733 1286 769 1314 in
797 1286 916 1325 quibus
943 1296 1052 1316 versus
1079 1286 1229 1316 Blaterno
1254 1296 1313 1315 ve-

735 1331 827 1360 niens
847 1334 1048 1373 praeponitur
1079 1332 1169 1362 alteri
1193 1342 1200 1362 :
1223 1331 1310 1361 Litus

735 1388 904 1408 arenosum
915 1391 929 1415 ,-
953 1379 1015 1408 hoc
1032 1378 1193 1408 arridebat
1211 1379 1310 1408 Hein-

735 1425 801 1461 sio,
825 1435 899 1454 cum
914 1426 958 1454 sic
976 1427 1118 1466 ingratus
1139 1435 1236 1454 sonus
1254 1424 1311 1454 tol-

734 1470 829 1502 latur.
850 1473 894 1501 At
914 1473 1087 1501 Burmann.
1100 1494 1109 1508 ,
1139 1472 1195 1511 qui
1220 1470 1312 1500 docte

736 1517 776 1546 de
791 1518 852 1547 hoc
870 1518 943 1548 loco
966 1518 1049 1559 egit,
1075 1518 1241 1558 vulgatum
1260 1528 1311 1546 or-

736 1562 843 1593 dinem
870 1563 989 1604 (cujus
1013 1564 1106 1592 etiam
1134 1565 1170 1593 in
1198 1564 1309 1603 fragm.

735 1610 842 1640 Vatic.
858 1611 988 1650 vestigia
1003 1609 1175 1650 visuntur)
1204 1615 1311 1638 tuetur

736 1655 888 1685 similium
903 1666 1055 1685 versuum
1075 1656 1222 1695 exemplo
1233 1677 1241 1691 ,
1261 1655 1311 1684 in-

734 1702 845 1741 primis
875 1701 931 1732 lib.
959 1704 1008 1738 X,
1037 1701 1124 1739 213,
1160 1707 1237 1736 214.
1264 1702 1310 1730 Ita

736 1754 877 1776 maneret
894 1747 1003 1777 saltem
1017 1747 1079 1776 hoc
1093 1756 1101 1777 2
1119 1757 1183 1777 esse
1202 1757 1311 1775 versus

735 1793 851 1822 similes
873 1794 907 1823 in
931 1792 1086 1833 Virgilio,
1111 1803 1182 1823 non
1205 1793 1311 1821 minus

736 1839 816 1868 male
832 1849 936 1869 cusos.
954 1841 1082 1869 Praestat
1100 1837 1222 1875 dicere,
1245 1848 1310 1867 esse

736 1895 844 1915 versus
859 1884 1005 1926 Virgilii,
1022 1885 1078 1914 sed
1092 1895 1222 1914 manum
1234 1883 1309 1914 ulti-

736 1942 819 1961 mam
838 1942 892 1961 eos
913 1930 998 1961 haud
1013 1941 1077 1960 esse
1093 1937 1250 1971 expertOS.
1266 1931 1310 1960 At

736 1988 795 2007 nec
816 1978 922 2008 minus
943 1976 1199 2019 probabilitatem
1213 1976 1310 2007 habet

735 2023 836 2061 illud,
856 2034 923 2054 non
937 2022 1035 2054 modo
1053 2033 1156 2054 unum
1171 2023 1223 2053 vel
1237 2023 1308 2054 alte-

738 2081 829 2106 rum,
862 2069 917 2100 sed
943 2080 1052 2100 omnes
1079 2076 1141 2100 tres
1167 2079 1278 2100 versus
1300 2078 1308 2098 :

735 2117 838 2147 Haud
847 2116 949 2148 aliter.
963 2116 1050 2147 Litus
1061 2126 1094 2148 a.
1109 2117 1256 2146 Materno
1269 2128 1306 2147 v.

737 2163 847 2193 deberi
861 2165 969 2204 inepto
986 2163 1223 2204 interpolatori,
1252 2164 1308 2203 qui

737 2208 932 2241 desiderabat
941 2210 1184 2252 comparationis
1194 2209 1310 2250 apodo-

1082 2271 1150 2308 25*
