1433 2460
161 73 217 104 1³4

663 68 855 98 AENEtDOS

150 132 278 177 Longa
299 127 368 164 tibi
389 125 538 171 exsilia,
559 135 596 163 et
611 135 758 164 vastum
778 126 891 163 maris
914 139 1045 176 aequor
1068 126 1275 174 arundinum
1316 137 1364 168 730

148 190 193 224 Et
214 198 352 224 terram
374 185 597 234 Hesperiam
614 186 742 223 venies
760 215 769 232 ,
791 186 856 222 ubi
876 186 1046 235 Lydius,
1065 200 1156 223 arva

153 252 255 285 luter
276 246 403 295 opima
423 244 568 292 virum,
589 246 664 283 leni
684 246 768 282 ssuit
785 248 934 296 agmine
957 246 1139 296 Thybris.

154 309 233 344 Illic
252 320 310 343 res
327 307 438 352 laetae‚
456 319 712 356 regnumque,
729 315 767 343 et
783 307 887 357 regia
909 308 1049 358 conjux

156 373 263 404 Parta
286 366 365 403 tibi.
383 366 574 403 Lacrimas
595 365 744 403 dilectae
764 367 860 416 pelle
879 370 1044 405 Creiisae.

152 433 237 466 Non
256 441 326 478 ego
347 426 634 477 Myrmidonum
651 426 758 464 sedes
777 426 1020 477 Dolopumve
1041 427 1227 477 superbas
1322 437 1368 469 7⁸⁵

158 488 391 538 Adspiciam,
409 497 475 524 aut
491 487 617 525 Graiis
636 487 823 524 servitum
840 487 1030 525 matribus
1047 486 1132 535 ibo,

154 548 363 594 Dardanis,
383 557 421 584 et
437 547 535 584 divae
556 547 716 584 Veneris
733 560 866 585 nurus.

157 609 232 646 Sed
249 622 307 646 me
329 621 464 659 magna
484 608 598 646 deum
619 599 791 659 genetrix
813 609 871 646 his
889 608 1033 645 detinet
1056 608 1143 644 oris.

155 674 314 720 Jamque
333 670 432 715 vale,
449 678 486 706 et
503 669 581 706 nati
598 682 709 706 serva
726 670 938 706 communis
959 681 1139 705 amorem.
1161 685 1174 699 υ

1323 677 1370 709 783)

207 732 298 767 Haec
319 729 383 766 ubi
400 729 501 766 dicta
516 729 640 775 dedit,
659 729 938 774 lacrimantem,
958 737 995 765 et
1013 729 1132 765 multa
1151 728 1343 765 volentem

155 791 292 828 Dicere
314 790 499 836 descruit,
518 790 718 839 tenuisque
737 790 890 826 recessit
911 789 947 824 in
966 801 1089 825 auras.

155 959 210 978 seu
233 948 380 977 voluntas
396 945 540 975 deorum.
563 946 604 976 ef.
622 947 732 976 Heius.

156 1012 203 1018 —-
220 994 284 1031 780
302 1011 348 1016 -—
367 993 444 1030 784.
461 990 593 1021 Exsilia
605 1003 665 1032 pro
679 1003 734 1022 ez·-

154 1041 262 1071 silium
274 1063 282 1077 ‚
303 1047 334 1069 et
352 1039 413 1068 hoc
427 1048 487 1078 pro
501 1038 600 1080 longo
622 1039 736 1069 itinere

156 1088 208 1117 vel
239 1097 346 1116 errore
361 1109 369 1121 ‚
403 1084 551 1122 adjuncta
580 1086 713 1116 notione
727 1108 736 1123 ‚

154 1133 243 1173 quod
259 1139 349 1163 extra
363 1133 496 1172 patriam
510 1130 557 1161 fit.
571 1131 611 1162 cf.
626 1133 736 1163 Burm-

156 1182 300 1210 Ductum
316 1189 357 1208 ex
372 1175 467 1221 φυγή·
479 1184 510 1207 et
524 1189 564 1208 ex
578 1178 736 1208 arandum

156 1225 391 1256 adsumendum
407 1223 543 1253 verbum
558 1224 670 1254 latius:
686 1225 737 1254 ob-

156 1272 281 1309 cunda,
296 1278 333 1301 ut
342 1271 407 1308 jam
420 1272 508 1300 Serv.
527 1271 615 1300 Arva
629 1270 736 1300 virum

154 1320 290 1359 signate,
309 1316 457 1356 exemplo
477 1316 581 1346 Graeci
603 1312 738 1359 ανὸρῶν.

158 1363 330 1407 Leniflnit
341 1361 485 1403 agmine.
500 1363 603 1402 Supra
619 1363 737 1403 Georg-

157 1413 172 1440 Ι
183 1434 192 1448 ,
211 1412 274 1440 322
291 1419 410 1451 agmen
421 1418 580 1449 aquarum
594 1408 737 1446 dixerat;

156 1466 187 1487 at
207 1457 240 1487 h.
258 1457 280 1487 l.
306 1455 451 1486 absolute
476 1456 572 1485 Ennii
591 1457 738 1496 exemplo

157 1504 275 1534 Annal.
303 1505 343 1539 V,
373 1501 468 1542 Quod
487 1511 549 1541 per
574 1513 738 1532 amoenam

157 1550 266 1580 urbem
285 1548 442 1591 letziflnic
464 1548 597 1589 agmine
607 1549 738 1591 flumen

156 1597 243 1638 apud
262 1596 407 1627 Macrob.
431 1597 494 1631 VI,
514 1601 544 1631 l..
565 1595 658 1625 Adde
676 1598 737 1626 Lu-

155 1651 231 1674 cret.
242 1646 284 1681 V,
303 1654 367 1682 272
379 1649 411 1672 et
425 1643 527 1672 nostri
545 1643 737 1673 imitatorem

158 1693 234 1720 Stat.
249 1693 264 1720 Ι
281 1690 384 1720 Theb.
405 1689 482 1719 356.
497 1689 538 1719 ef.
551 1688 662 1721 cerda.
678 1690 739 1720 Ae-

158 1743 287 1777 ceptum
297 1738 395 1777 igitur
411 1746 534 1765 novum
550 1736 738 1766 vaticinium

159 1794 174 1812 a
188 1784 314 1814 Creusae
322 1783 436 1813 umbra
446 1782 484 1812 de
495 1782 626 1812 sedibus
636 1784 669 1812 in
680 1784 737 1813 Ita-

158 1830 198 1860 lia
214 1829 403 1870 quaerendis.
411 1847 459 1852 —
470 1840 485 1867 7
494 1830 511 1858 8
521 1839 547 1859 1.
559 1830 605 1859 Ec
617 1837 734 1859 cert-am

158 1878 199 1907 H.
216 1879 326 1908 Heius.
344 1887 418 1906 cum
441 1877 565 1916 optimo
586 1886 734 1916 quoque,

158 1925 251 1953 etiam
262 1925 341 1954 Pier.
355 1935 363 1960 ς
377 1923 557 1964 Virgiliano
579 1933 667 1953 more
693 1934 734 1953 ex

159 1970 280 1999 Graecis
296 1970 394 2000 ducto
406 1992 414 2005 ‚
438 1976 475 1999 ut
496 1969 543 1999 ad
557 1970 733 2000 omittatur.

157 2016 252 2055 Vulg.
267 2023 373 2046 tamen
383 2015 440 2045 Ad
448 2023 482 2052 ιη,
494 2023 530 2045 ut
540 2023 572 2046 et
584 2016 734 2046 nonnulli

161 2061 255 2092 codd.
264 2063 393 2098 habent,
405 2070 435 2092 et
448 2063 544 2093 Proh.
558 2063 593 2092 in
600 2063 737 2093 Arte.—

163 2108 241 2146 783.
258 2110 318 2139 Res
337 2109 429 2138 Italae
448 2108 567 2139 Medic.
585 2115 615 2138 et
633 2109 737 2140 Colot.

162 2155 248 2196 apud
282 2157 388 2185 Urs-in.
406 2179 413 2189 ,
447 2157 528 2186 miro
561 2155 643 2186 lusu.
680 2158 741 2185 Res

160 2202 236 2232 [ceca
261 2209 292 2233 et
312 2213 361 2232 res
381 2203 457 2233 lacae
476 2202 626 2232 nonnulli
649 2211 656 2234 :
683 2202 739 2233 sed

788 957 836 975 res
865 945 949 976 let-ccv
974 945 1123 985 praeclare
1148 951 1242 984 poeta
1263 944 1301 974 de
1328 945 1368 974 fe-

788 993 841 1021 lici
863 999 894 1021 et
919 1001 1072 1032 prospero
1098 1001 1204 1020 rerum
1231 998 1314 1020 statu
1337 998 1369 1020 et

790 1037 988 1075 conditione,
1002 1045 1038 1067 ut
1052 1047 1134 1078 saepe
1150 1036 1366 1075 alibi—784.

791 1087 892 1115 Parta
911 1083 969 1114 tibi
984 1094 1091 1119 nunc,
1117 1083 1181 1113 fato
1200 1082 1365 1114 destinata,

792 1131 959 1161 Lacrimas
973 1131 1115 1168 Creusae,
1131 1136 1263 1171 propter
1277 1130 1370 1161 Creu-

791 1188 858 1207 sam
873 1188 880 1209 :
897 1185 934 1207 ut
949 1177 1017 1208 alia.

840 1224 907 1261 785
916 1240 964 1247 -—-
975 1224 1054 1263 789.
1079 1221 1226 1252 Praeclari
1242 1232 1370 1258 versus3

792 1276 932 1299 metuere
947 1276 1052 1299 autem
1068 1267 1196 1305 debuit‘,
1213 1278 1253 1297 ne
1268 1268 1322 1298 illa
1336 1269 1371 1298 in

793 1316 934 1347 hostium
952 1324 1065 1344 manus
1081 1314 1243 1344 incidisset
1256 1321 1287 1344 et
1303 1325 1373 1356 cap-

792 1363 856 1392 tiva
878 1361 1101 1391 abduceretur.
1125 1359 1372 1391 Similitudiuem

792 1408 913 1438 habent
928 1408 985 1438 inf.
1008 1409 1076 1445 111,
1097 1408 1159 1436 321
1181 1418 1226 1447 sq.
1245 1406 1374 1437 Andro-

793 1454 911 1485 machae
923 1454 1021 1484 verba
1033 1465 1041 1491 ;
1057 1461 1087 1484 et
1101 1454 1226 1494 quoties
1238 1463 1306 1483 non
1321 1453 1373 1483 de-

794 1508 918 1531 cantata
934 1508 980 1531 est
994 1500 1063 1530 haec
1078 1500 1235 1530 calamitas
1249 1500 1283 1529 in
1299 1502 1373 1530 Tra-

791 1549 869 1589 gicis
886 1550 892 1578 !
917 1549 1076 1578 Memorat
1101 1553 1205 1576 autem
1230 1547 1371 1587 Neopto-

791 1595 866 1624 lcmi
893 1595 1012 1635 regiam
1043 1605 1074 1624 v.
1106 1594 1171 1632 785
1183 1616 1192 1631 ,
1221 1599 1372 1633 tanquam

792 1642 984 1682 praecipuam
1001 1641 1156 1681 praecipui
1174 1641 1259 1669 inter
1274 1639 1370 1670 Achi-

792 1698 908 1718 vorum
933 1687 1041 1718 duces.
1072 1686 1168 1716 Sedes
1197 1685 1348 1727 superbas
1363 1709 1372 1723 ‚

791 1736 909 1775 regiam
925 1734 1139 1775 superborum
1155 1733 1370 1763 dominorum.

791 1799 837 1804 -
852 1782 930 1820 787.
951 1782 995 1811 Ec
1010 1789 1065 1811 tua
1080 1779 1202 1822 conjux
1221 1779 1374 1820 supplent

791 1828 941 1859 nonnulli
949 1837 1077 1858 versum
1090 1827 1124 1857 in
1137 1828 1223 1858 Serv.
1234 1843 1281 1848 —-
1293 1836 1309 1864 7
1317 1825 1371 1855 88.

790 1876 908 1916 Magna
926 1874 1021 1904 deum
1035 1874 1150 1904 Mater.
1169 1871 1308 1903 Videtur
1323 1872 1371 1901 in-

790 1923 847 1952 nui
858 1944 866 1959 ‚
881 1932 898 1951 a
914 1921 1034 1961 Cybele
1047 1930 1115 1950 eam
1128 1920 1162 1949 in
1173 1918 1372 1948 consortium

788 1979 853 1999 esse
881 1974 1050 1998 assumtam
1066 1989 1074 2004 ,
1093 1973 1244 2006 tanquam
1269 1965 1370 2006 Nym-

788 2015 884 2056 pham
899 2016 934 2044 in
952 2014 1056 2055 patrio
1072 2011 1282 2051 sola—789.
1304 2011 1372 2041 Ple-

792 2071 853 2091 nus
878 2060 1010 2091 affectus
1034 2069 1154 2089 versus.
1181 2057 1372 2089 Praeclarum

790 2108 900 2138 locum
917 2106 1075 2147 Propertii
1083 2107 1131 2136 IV
1142 2112 1223 2136 extr.
1242 2116 1256 2143 7
1266 2106 1295 2142 3,
1313 2110 1354 2142 74
1364 2127 1372 2141 ,

793 2161 824 2184 et
838 2154 949 2195 Eurip.
968 2153 1087 2184 Alcest.
1110 2152 1173 2192 378
1193 2152 1257 2191 jam
1271 2150 1373 2183 Cerda

792 2200 944 2231 laudavit.

1411 0 1433 30 ⁸³

1414 28 1431 44 m

1342 69 1383 107 Ο
1429 74 1432 83 ’

1430 100 1433 107 .
