1433 2460
126 87 192 118 311

631 85 821 115 AENEIDOS

125 149 287 182 Moru-m
306 152 407 186 orat,
426 143 536 179 loedvt
557 142 638 179 coeli
659 156 827 179 convexa
849 142 957 178 num-i.

125 211 212 251 Quo
233 204 348 252 magis
370 203 560 252 inceptum
581 213 754 253 pot-agat,
776 204 971 252 lucemque
991 201 1195 251 relinquat,

124 264 245 305 vidit,
268 263 480 298 turicremis
500 276 615 311 quum
638 263 734 300 dona
756 265 965 312 imponeret.
985 262 1076 307 aris,

124 322 365 359 Ilm-rvndum
387 321 510 358 diem!
533 322 658 359 latices
677 323 889 371 nigrescere
910 334 1056 367 sacrm,

125 385 298 430 Fusaquc
319 382 354 417 111
374 381 577 418 obscenum
599 397 638 419 sc
658 389 806 418 vertere
827 382 913 417 vina
933 393 1118 417 cruorem.

1270 386 1321 416 ⁴3⁵5

128 446 207 478 1111(-
227 442 349 478 visum
371 443 481 488 nulli,
502 456 576 479 non
599 443 668 492 ipsi
689 443 803 479 effata
820 441 953 478 sorori.

125 507 308 540 I‘raetcrca
331 504 396 539 11111
420 504 457 540 111
479 503 585 540 tectis
605 503 651 539 dc
672 515 859 540 marmore
880 500 1060 551 templum

125 563 301 612 Conjugis
322 563 487 613 antiqui,
507 563 603 599 miro
623 562 727 613 quod
746 562 891 599 honore
911 559 1076 604 colebat,

124 728 284 765 ‹¹.1*!err1't1'‚
307 731 363 769 qui
383 731 575 759 consternati
590 730 696 760 subito

124 783 210 805 metu
228 776 278 805 vel
301 777 413 815 qumis
431 787 502 805 casu
523 784 626 806 mente
644 777 697 805 de-

121 822 197 860 jecti
225 829 255 851 et
283 822 407 850 alienati
435 823 614 859 insaniunt,
647 823 695 851 vel

124 869 197 908 qui,
227 868 304 896 dum
334 869 495 897 insaniunt
507 891 514 904 ‚
549 869 696 897 monstris

124 925 158 942 ac
173 914 262 942 furiis
277 921 443 943 terrentur.
460 915 588 953 Proprie
602 913 640 942 de
653 924 697 942 ar-

124 960 236 988 mentis
254 959 390 987 vidimus
403 960 518 999 Geor-g.
532 961 577 988 III
589 982 597 995 ‚
622 970 632 988 1
642 965 694 999 49.

123 1007 171 1034 De
196 1003 309 1034 Medea
334 1005 458 1033 furente
474 1005 578 1034 Valer.
595 1005 695 1035 Flacc.

125 1052 223 1087 VIII,
256 1050 420 1091 450Ji13·ie
433 1051 582 1080 ardentes
597 1059 698 1080 exster-

125 1096 187 1126 rt'ta
203 1104 312 1126 tauros
323 1120 330 1132 ,
360 1108 440 1136 quos
457 1097 563 1127 videre
579 1097 639 1127 sibi
654 1098 699 1126 vi-

123 1143 267 1172 debatur.
284 1144 383 1172 Etiam
401 1145 546 1183 proxime
562 1143 601 1173 ad
618 1154 697 1183 prce-

121 1197 242 1219 seutem
264 1189 376 1230 Virgil.
403 1190 515 1219 locum-
532 1190 587 1219 inf.
614 1191 696 1226 XII,

123 1236 190 1265 660
221 1237 334 1265 Amata
355 1253 401 1257 —
422 1236 539 1265 deaecra
575 1235 700 1265 Occidit

124 1282 193 1321 ipsa
202 1293 259 1311 sna
271 1283 435 1321 lucemque
445 1282 695 1323 exterrilafitgl't.

125 1330 170 1357 Ita
195 1329 288 1357 etiam
312 1327 406 1356 malis
431 1328 568 1357 attonita
595 1338 694 1364 mens,

124 1374 218 1403 malis
233 1384 405 1414 percussa,
433 1375 546 1413 passim
569 1373 696 1404 dicitur.

125 1422 333 1457 450-473,
355 1422 450 1449 Hunc
476 1420 583 1449 locum
608 1419 697 1450 facile

123 1468 206 1496 inter
221 1467 416 1496 felicissimos
436 1473 467 1495 et
489 1466 696 1495 elaboratissi-

123 1523 191 1542 mos
222 1512 424 1542 referendum
454 1523 519 1541 esse
548 1512 694 1543 arbitror.

124 1561 275 1599 Praesagia
288 1559 340 1588 illa
356 1565 387 1588 et
400 1565 533 1595 ostenta,
550 1560 696 1598 supersti-

124 1606 169 1635 tio
185 1605 222 1634 ad
240 1606 362 1634 animos
379 1606 466 1644 gravi
482 1615 616 1633 moerore
628 1615 699 1644 per-

125 1651 229 1681 culsos
250 1657 313 1680 tam
335 1651 588 1687 accommodata,
615 1661 701 1691 egre—

125 1699 174 1737 gie
190 1697 243 1726 hic
261 1704 549 1741 commemorantur
560 1719 568 1734 ,
586 1703 701 1737 tempe-

126 1750 232 1773 ranter
248 1751 351 1773 tamen
366 1754 402 1773 ac
424 1743 582 1783 pudenter
593 1765 601 1780 ,
628 1753 701 1773 cum

127 1790 199 1819 alias
217 1797 320 1830 poetae
343 1791 376 1819 in
400 1791 438 1819 iis
462 1790 619 1819 luxuriari
650 1800 699 1819 so-

126 1836 228 1873 leant3
257 1837 359 1866 multo
391 1836 488 1877 magis
521 1836 642 1865 somnia
668 1847 699 1865 v.

129 1883 309 1917 465—468
329 1905 337 1919 ,
371 1892 441 1922 quae
469 1893 510 1911 ex
539 1881 702 1911 recondita

127 1929 292 1958 hominum
310 1930 396 1969 gravi
412 1938 551 1958 aerumna
567 1928 701 1957 afflicto-

128 1985 197 2003 rum
226 1975 447 2004 observatione
466 1981 540 2003 sunt
558 1974 703 2014 deprom-

128 2028 169 2050 ta.
187 2020 241 2050 Nil
257 2021 396 2051 divinius
413 2021 474 2050 illis
489 2030 496 2050 ε
517 2031 702 2060 semperque

131 2065 269 2106 relinqui
293 2068 369 2096 Sola
389 2067 465 2104 sibi,
493 2077 618 2107 semper
641 2073 700 2096 etc.

129 2114 216 2142 Inter
249 2111 386 2143 adversae
416 2113 551 2143 fortunae
581 2111 702 2142 benefi-

129 2159 177 2188 cia
203 2157 319 2188 referre
345 2159 425 2188 sorte
446 2160 546 2200 possis
568 2166 598 2189 et
619 2159 700 2196 hoc,

129 2203 217 2245 quod
235 2204 344 2235 talium
361 2216 468 2235 rerum
484 2216 518 2235 ac
538 2206 648 2236 talium
668 2205 703 2235 iu

751 730 851 769 poclis
864 728 1010 758 locorum
1024 736 1151 756 sensum
1161 732 1192 756 et
1205 725 1323 757 dulcio--

751 786 816 804 rem
828 775 946 804 'habens
961 781 990 803 et
1006 774 1158 803 altiorem.

800 822 862 856 453
874 839 920 843 —-
931 827 946 856 l,
955 821 1007 850 55.
1035 821 1121 848 Inter
1143 817 1321 848 sacrifican-

750 866 826 896 dum
842 867 920 896 vidit
935 868 1042 895 vinum
1055 888 1062 901 ‚
1077 866 1110 894 in
1126 867 1230 906 ignem
1244 865 1321 895 liba-

751 919 817 941 tum
830 936 838 949 ,
882 914 914 942 111
945 912 1130 952 sanguinem
1161 911 1260 948 verti;
1294 917 1323 940 at

750 969 844 998 quam
861 966 970 988 ornate
986 958 1124 998 singula,
1145 958 1237 986 etiam
1250 967 1323 997 pro-

750 1005 826 1044 priis
843 1005 962 1033 verbis!
980 1004 1145 1033 obscenum
1161 1003 1200 1033 de
1215 1013 1247 1031 re
1261 1013 1323 1032 ma-

750 1050 772 1078 li
786 1051 901 1079 ominis
915 1057 945 1079 et
957 1050 1032 1079 alibi
1048 1057 1191 1079 notatum
1207 1059 1214 1079 :
1227 1050 1284 1078 Ge.
1297 1051 1322 1085 Ι,

753 1102 839 1134 4703
856 1097 1005 1133 AEn.111‚
1028 1101 1066 1130 24
1078 1106 1104 1125 1.
1127 1095 1323 1124 Turicremas

751 1153 826 1171 aras
837 1143 899 1180 jam
916 1145 1040 1172 Lucret.
1058 1141 1140 1171 dixit
1157 1142 1284 1178 11‚743.

800 1194 814 1223 l.
824 1190 876 1219 56.
906 1188 958 1218 Ad
984 1188 1133 1226 majorem
1159 1187 1325 1218 horrorem

751 1235 930 1264 faciendum
945 1235 1067 1276 egregie
1080 1234 1132 1263 hic
1148 1244 1227 1264 vers.
1243 1243 1326 1263 com-

751 1288 888 1320 paralus.
912 1282 1006 1311 Nunc
1025 1279 1153 1309 demum
1173 1279 1212 1308 de
1230 1278 1325 1309 Dido-

751 1327 801 1355 nis
822 1327 921 1355 salute
939 1327 1094 1366 desperes.
1111 1327 1190 1356 Nam
1206 1326 1246 1354 ita
1262 1325 1323 1354 hu-

752 1382 843 1401 mana
858 1379 970 1401 natura
986 1372 1064 1409 sert,
1084 1378 1120 1400 ut
1135 1373 1169 1400 iu
1185 1378 1324 1400 extrema

751 1429 847 1447 ruens
863 1419 1004 1453 animus,
1031 1424 1061 1446 et
1077 1418 1140 1455 jam
1154 1416 1324 1446 deliberata

751 1471 852 1494 morte
873 1463 1014 1499 defixus,
1040 1463 1165 1493 silentio
1184 1464 1322 1503 pertina-

751 1511 828 1539 citer
841 1511 946 1540 omnia
956 1511 1036 1539 intra
1051 1520 1082 1538 se
1097 1509 1320 1549 premat.Vidit

751 1559 813 1596 jam
821 1557 990 1596 Trappius,
1009 1556 1033 1584 si
1046 1556 1125 1585 bene
1136 1556 1277 1586 memini.

801 1603 999 1642 457-491,
1014 1604 1109 1631 Hunc
1130 1601 1236 1631 locum
1255 1609 1326 1632 ante

753 1650 865 1679 oculos
886 1648 1002 1678 habere
1026 1648 1137 1677 debuit
1156 1648 1273 1688 Popius
1290 1649 1325 1678 in

753 1695 933 1735 plenissima
956 1694 1085 1725 affectus
1114 1696 1231 1724 summi
1259 1695 1324 1735 epi-

754 1742 834 1771 stola
858 1742 970 1771 Eloisae
988 1752 1018 1771 v.
1045 1742 1108 1778 307
1135 1751 1202 1781 sqq.
1235 1742 1326 1770 Tem-

748 1788 861 1828 plum,
882 1787 1022 1828 inteUige
1043 1786 1192 1816 sacellum
1214 1786 1327 1817 Sichaei

754 1833 906 1864 Manibus
919 1833 1070 1870 dicatum,
1082 1833 1163 1863 forte
1173 1843 1246 1862 cum
1260 1833 1327 1870 ejus

754 1881 845 1920 siguo
856 1903 865 1917 ‚
894 1886 930 1909 ut
944 1878 1077 1910 Ovidius
1095 1879 1248 1919 expressit
1266 1879 1324 1918 Ep.

756 1927 838 1963 VII,
864 1936 918 1965 99,
939 1925 1053 1956 Saltem
1066 1925 1127 1954 fuit
1141 1934 1326 1954 monumen-

755 1979 824 2002 tum
853 1972 1041 2012 sepulcrale,
1079 1969 1165 2011 quod
1199 1970 1325 2010 religio-

755 2029 828 2047 nem
846 2018 966 2047 habuit.
995 2017 1102 2047 Simile
1123 2016 1229 2046 Elissae
1249 2023 1326 2046 tem-

755 2064 845 2104 plum
862 2069 1014 2093 memorat
1029 2063 1123 2093 Silius
1139 2064 1154 2091 I
1165 2085 1173 2099 ‚
1199 2062 1237 2091 81
1257 2073 1326 2103 sqq.

755 2127 801 2132 —
816 2110 891 2146 458.
910 2108 1025 2138 Misero
1037 2108 1125 2149 quod
1141 2109 1250 2148 fragm.
1261 2110 1326 2139 Va-

755 2157 808 2186 tic.
833 2167 849 2185 a
871 2166 953 2185 man.
979 2166 1028 2195 pr.
1052 2155 1150 2184 multo
1172 2154 1261 2195 quod
1276 2164 1327 2194 pr.

756 2202 869 2233 Hamb.
881 2225 890 2240 ,
912 2201 1046 2232 soHenm'
1062 2201 1245 2232 variatione.
1261 2198 1326 2231 vid.
