1402 2460
574 133 696 164 LIBER
721 133 764 162 11.

1211 133 1269 162 161

68 185 226 223 AEdibus
243 186 281 223 in
299 186 453 234 mediis,
471 188 651 239 nudoque
667 188 738 227 sub
759 188 910 226 aetheris
931 203 1020 237 axe,

67 250 203 297 Ingens
222 260 286 284 ara
303 248 391 294 suit;
404 249 590 299 juxtaque
606 251 954 288 veterrimaiam-us

65 307 292 346 Incumbens
309 322 401 356 arae,
419 318 532 360 atque
553 310 690 347 umbra
707 311 905 361 complexa
923 314 1090 349 Penates.

65 368 138 405 Hic
154 369 311 406 Hecuba
329 378 365 406 et
382 380 479 408 natae
497 371 755 421 nequidquam
777 372 909 408 altaria
926 372 1089 418 circum,
1220 381 1268 406 515

65 428 280 479 Praecipites
297 439 379 467 atra
398 444 468 468 ceu
485 439 707 482 tempestate
723 431 928 479 columbae,

64 489 289 537 Condensae,
307 500 343 528 et
363 491 493 529 divum
508 492 689 542 amplexae
710 493 926 539 simulacra,
943 493 1135 531 sedebant.

63 550 195 599 Ipsum
212 561 338 589 autem
355 553 487 590 sumtis
503 553 693 590 Priamum
709 554 952 604 juvenalibus
970 554 1084 591 armis

64 611 117 647 Ut
133 611 229 647 vidit
244 627 251 648 ε
269 630 283 645 «
303 615 398 658 Quae
413 626 516 650 mens
533 622 608 650 tam
629 614 731 660 dira,
748 615 958 651 miserrime
979 615 1137 664 conjux,

65 672 220 721 Impulit
237 671 295 709 his
312 673 412 723 cingi
433 674 542 710 telis?
560 682 624 710 aut
639 687 717 723 quo
738 675 841 710 ruis?
858 674 993 723 inquit.
1218 684 1266 708 520

64 732 151 767 Non
170 731 233 767 tali
252 732 413 777 auxilio,
433 745 503 768 nec
524 731 787 769 defensoribus
804 732 884 769 istis

64 792 229 840 Tempus
249 799 350 841 eget;
370 804 466 838 non,
483 792 515 828 si
531 792 613 842 ipse
630 805 736 829 meus
756 806 858 829 nunc
878 793 1027 830 adforet
1043 796 1195 830 Hector.

63 852 148 887 Huc
166 851 315 887 tandem
338 851 520 898 conced03
537 851 618 888 haec
639 865 703 888 ara
720 852 890 889 tuebitur
906 854 1028 890 omnis
1046 867 1053 888 :

63 913 140 947 Aut
159 911 322 947 moriere
338 911 459 948 simul.
481 928 496 943 »
514 912 576 949 Sic
596 924 663 948 ore
683 912 816 958 effata,
832 913 978 962 recepit

63 970 123 1006 Ad
140 983 239 1016 sese,
262 980 299 1007 et
314 984 420 1008 sacra
439 971 653 1021 longaevum
670 973 709 1008 in
728 971 816 1009 sede
834 972 985 1009 locavit.
1216 981 1263 1006 525

117 1034 213 1069 Ecce
232 1041 377 1079 autem,
394 1033 542 1083 elapsus
561 1033 698 1082 Pyrrhi
715 1033 762 1070 de
781 1032 883 1070 caede
898 1033 1034 1070 Polites
1045 1060 1055 1079 ,

63 1094 171 1130 Unus
191 1102 368 1130 natorum
385 1094 542 1139 Priami,
560 1106 629 1143 per
650 1093 740 1140 tela,
762 1106 830 1142 per
846 1093 966 1130 hostis

64 1153 277 1191 Porticibus
293 1154 414 1204 longis
435 1154 548 1204 fugit,
568 1163 604 1191 et
623 1167 742 1190 vacua
759 1154 854 1190 atria
870 1153 1003 1190 lustrat

113 1333 188 1363 512.
218 1331 337 1363 Graecis
368 1333 470 1373 poetis
499 1338 565 1362 erat
587 1343 637 1362 ara

65 1380 156 1410 Jovis
178 1380 294 1409 Hercei
314 1377 406 1421 (Διὸς
428 1371 580 1422 Ἑρκείου)
603 1381 638 1408 in

65 1427 144 1456 atrio
157 1425 273 1456 aedium
283 1426 410 1462 Pfiami‚
422 1424 451 1455 ἐν
466 1425 635 1468 abl-{mam

65 1481 149 1502 aram
162 1472 314 1514 Virgilius
330 1474 364 1502 in
378 1472 571 1512 impluvium
583 1495 591 1509 ‚
610 1473 636 1502 si

64 1519 215 1549 interiora
235 1518 348 1549 domus
371 1519 415 1548 ita
430 1519 588 1559 appellare
601 1519 637 1549 li-

65 1571 134 1601 cet,
157 1565 339 1602 transtulit;
362 1566 448 1595 nudo
472 1565 527 1594 sub
541 1565 638 1595 aetlze-

65 1611 108 1641 ris
121 1622 187 1642 axe
197 1635 206 1650 ‚
219 1611 280 1641 sub
294 1612 408 1641 aethere
418 1635 427 1650 ,
441 1611 501 1642 sub
515 1612 585 1649 dio,
601 1619 637 1642 ut

65 1660 231 1688 Penatium
247 1668 298 1687 ara
311 1665 408 1694 esset3
426 1659 560 1699 propius
574 1658 637 1688 hoc

65 1704 103 1733 ad
127 1707 307 1735 Romanum
329 1714 462 1735 morem.
487 1722 533 1727 -—-
559 1705 635 1735 513.

66 1751 198 1781 Notabis
211 1760 330 1780 morem
341 1772 349 1786 ‚
365 1760 432 1779 aras
446 1750 507 1780 sub
525 1750 635 1780 arbore

65 1798 142 1837 poni
156 1797 278 1833 solitas;
293 1796 368 1825 alibi
384 1797 418 1825 in
432 1796 538 1825 media
553 1807 634 1827 area.

65 1860 111 1866 —
128 1843 167 1873 51
176 1854 205 1882 7.
225 1843 386 1873 Sedebant
398 1843 507 1872 Heins.
521 1843 636 1872 iterum

62 1889 193 1920 reduxit
209 1890 419 1919 vetustiorum
434 1888 526 1918 codd.
543 1890 635 1918 etiam

62 1937 279 1966 Piex'ianorum
296 1936 483 1964 auctoritate
494 1958 502 1972 ‚
528 1942 557 1965 et
572 1945 636 1964 rec-

62 1989 94 2012 te
116 1982 200 2012 idem
218 1984 420 2012 Burmannus
434 1988 543 2011 nsonet
559 1991 635 2010 con·

63 2024 172 2059 venire
187 2031 231 2058 τῶ
247 2027 367 2057 altaria
383 2026 499 2056 circum
517 2034 547 2057 et
561 2037 634 2056 con-

30 2076 33 2078 ’
64 2074 182 2105 densae.
204 2074 313 2114 Vulgo
343 2073 513 2111 tenebant,
547 2072 635 2114 quod

65 2131 136 2151 cum
150 2121 258 2151 multis
273 2120 342 2150 aliis
360 2119 478 2150 Medic.
494 2130 510 2149 a
526 2130 568 2150 m.
582 2130 631 2160 pr.

63 2167 160 2197 habet
173 2173 204 2197 et
219 2168 276 2197 Ge.
300 2166 465 2197 Fabricius
481 2177 521 2196 ex
536 2166 632 2197 ovid.

63 2214 144 2243 xm
164 2214 243 2244 Met.
268 2213 332 2248 413
356 2212 523 2243 defendere
546 2212 631 2243 vole-

65 2258 128 2290 bat.
161 2259 319 2290 Ferebanc
341 2259 419 2289 alter
446 2260 562 2299 Moret.
587 2276 634 2283 —

695 1332 771 1362 518.
795 1332 999 1362 Iuvenalibus
1017 1332 1166 1362 Heinsius
1193 1343 1265 1362 cum

691 1379 811 1409 Medic.
823 1385 854 1408 et
869 1379 935 1408 aliis
949 1378 1153 1415 melioribus,
1172 1380 1264 1409 etiam

691 1426 795 1455 Pierii.
809 1443 855 1448 ——
871 1426 946 1465 519.
961 1427 1056 1454 Mens
1073 1424 1147 1454 dira
1157 1448 1165 1461 ‚
1193 1436 1265 1466 quae

691 1471 757 1501 dira
769 1494 777 1509 ,
797 1472 877 1501 male
899 1473 1054 1508 ominata,
1083 1471 1266 1502 abominan-

692 1518 731 1548 da
744 1518 875 1548 consilia
891 1519 1055 1559 agitat..-—
1071 1518 1148 1549 522.
1165 1520 1264 1560 Eget,

691 1575 758 1594 non
770 1565 859 1595 locus
874 1572 986 1595 est.—
1002 1566 1078 1595 525.
1099 1566 1201 1594 Sacra
1217 1576 1264 1594 se-

692 1611 748 1648 de,
765 1622 828 1648 ara,
848 1622 878 1641 v.
899 1612 963 1641 513
976 1634 984 1648 ‚
1002 1618 1032 1641 et
1045 1612 1167 1648 altare,
1187 1612 1263 1642 515.

741 1658 817 1688 526.
833 1657 951 1687 Polites
963 1659 1046 1687 inter
1055 1658 1172 1688 Priami
1180 1656 1265 1687 filios

689 1704 753 1742 jam
766 1715 807 1733 ex
822 1706 962 1734 Homero
978 1711 1092 1741 norus;
1108 1703 1265 1733 celeritate

692 1749 811 1790 pedum
835 1751 966 1790 insignis
987 1751 1091 1779 statim
1115 1749 1207 1779 Iliad.
1225 1747 1264 1787 β,

693 1806 734 1835 79
743 1806 771 1832 13
788 1802 980 1825 memoratus
988 1795 1074 1824 idem
1090 1796 1174 1824 inter
1186 1805 1263 1836 pug-

690 1848 811 1872 nantes.
838 1842 914 1879 Ejus
940 1840 1062 1877 filium,
1082 1841 1261 1877 Priamum,

690 1887 870 1917 videbimus
882 1888 965 1916 inter
978 1889 1083 1917 AEneae
1095 1888 1196 1917 socios
1205 1886 1262 1917 inf.

690 1936 731 1971 V,
754 1934 830 1970 564.

739 1981 816 2010 528.
833 1979 1007 2010 Porticibus
1019 1978 1134 2020 longis.
1149 1980 1183 2011 Si
1196 1981 1261 2010 Ho-

690 2028 807 2057 merica
830 2033 861 2056 et
884 2036 951 2056 nou
977 2035 1035 2055 sua
1057 2026 1165 2066 potius
1186 2032 1263 2055 tem-

690 2084 767 2113 pora
784 2079 937 2113 sequutus
952 2078 1016 2108 est,
1046 2069 1187 2101 αἴθουσαν
1205 2082 1261 2101 ex-

687 2120 819 2160 pressit,
848 2128 919 2159 quae
947 2115 1040 2150 αὐλήν
1063 2117 1103 2147 ah
1124 2124 1260 2158 utraque

687 2172 776 2206 parte
797 2164 940 2195 ornabat.
958 2166 1040 2195 Mox
1060 2164 1175 2194 lustrat
1184 2164 1217 2194 h.
1235 2164 1258 2194 l.

688 2211 832 2241 discursu
842 2234 851 2249 ‚
867 2218 897 2241 et
909 2221 1019 2241 vacua
1034 2221 1108 2240 cum
1121 2210 1241 2240 dilectu
1250 2233 1258 2247 ‚

687 2265 723 2288 ut
745 2256 902 2299 significet
922 2258 1077 2298 Trojanos
1098 2257 1164 2296 jam
1186 2256 1261 2297 fuga

1063 2309 1128 2354 14*
