1433 2460
133 130 196 166 :348
606 126 827 156 iflxcuust‘s
852 127 864 154 1

133 189 276 220 cuniculi
299 187 436 228 speciem
448 208 455 221 ‚
483 196 498 215 a
518 185 586 216 solo
604 186 642 215 ad
664 186 813 215 verticum
829 184 867 214 ad
888 186 999 227 viginti
1022 185 1071 215 vel
1090 185 1215 227 triginta
1229 186 1342 228 pedes,

132 245 247 273 relictis
272 253 329 283 per
352 239 518 271 intervalla
540 240 578 270 ad
599 241 717 270 montis
742 240 858 270 molem
881 240 1117 270 sustentandam
1134 240 1291 271 columnis
1315 247 1346 270 et

132 298 273 327 arcubus
291 307 346 326 seu
365 295 565 333 fornicibus3
582 296 782 336 spiramentis
802 297 896 325 etiam
915 297 1029 337 passim
1045 307 1098 326 aer
1112 302 1143 326 et
1159 295 1275 325 coelum
1293 294 1346 325 de-

131 364 226 393 super
251 351 438 381 admittitur.
473 352 580 381 Fuisse
608 350 664 379 has
687 349 874 390 lapicidinas
897 350 1047 381 Straboni
1068 352 1185 388 XVII,
1204 361 1236 391 p.
1258 360 1341 390 1191

131 410 159 438 Α
178 414 458 444 commemoratas,
490 406 672 447 suspicatur
691 404 774 436 idem
793 403 950 442 Shavium
966 412 1070 444 recte,
1093 415 1152 436 nec
1174 416 1214 436 ne
1226 429 1234 444 ,
1258 415 1346 436 nunc

131 472 196 490 nou
214 460 434 501 disputamu53
450 459 537 490 unde
566 458 742 501 Carthago,
763 460 876 498 Utica,
898 465 928 489 et
948 459 1016 489 aliae
1036 460 1149 490 vicinae
1163 460 1259 490 urbes
1279 470 1346 489 ma-

132 515 241 544 teriam
258 521 413 555 peterent.
441 515 537 544 Mons
562 515 630 555 ipse
654 514 733 543 silva
755 512 890 543 obsitus.
915 514 1012 543 Antri
1034 514 1113 544 ostia
1134 524 1243 544 versus
1261 524 1345 543 mare

130 576 257 609 patent,
273 570 374 610 iisque
395 569 520 607 objecta
540 575 585 599 est
602 569 785 609 AEgimurus
800 568 905 598 insula
929 567 992 609 (de
1006 579 1068 610 qua
1085 579 1156 609 sup.
1171 567 1209 598 ad
1226 580 1256 600 v,
1283 570 1343 599 108

130 634 193 652 ——1
206 624 276 664 12).
294 625 330 652 [n
350 624 434 652 antri
455 622 544 652 aditu
564 623 668 652 fomes
685 622 808 663 aliquot
831 623 915 652 inter
937 633 1032 663 rupes
1053 629 1290 663 prorumpunt;
1312 623 1345 652 iu

129 683 301 717 prospectu
325 678 440 717 passim
465 676 576 706 sedilia
597 688 614 706 e
630 677 706 705 vivo
720 686 797 705 saxo
808 698 818 713 ‚
831 673 959 715 'quibus
984 686 1090 716 operae
1106 675 1183 705 olim
1199 685 1348 716 peperce-

130 738 199 760 rant
211 754 218 767 ,
235 731 313 761 dum
331 738 434 761 cetera
453 730 651 761 exciderent.
670 732 767 760 Hunc
785 729 893 759 locum
914 731 1022 770 itaque
1045 729 1178 760 Slzavius
1195 729 1348 770 (Travels

129 795 160 824 p.
182 785 244 825 159
262 784 302 815 cf.
317 795 464 826 mappam
479 796 586 826 geogr.
604 784 643 814 ad
661 795 692 825 p.
716 783 805 825 146)
828 790 930 824 poetae
945 791 1018 813 ante
1040 783 1152 814 oculos
1171 783 1265 813 fuisse
1280 793 1347 813 non

131 839 277 875 dubitat,
296 838 374 868 dum
390 839 499 870 locum
513 839 727 876 describebat,
743 838 783 868 ad
797 849 891 880 quem
906 842 1019 870 AEneas
1033 838 1166 879 appulit.
1184 837 1348 868 Videntur

129 903 203 923 sane
219 894 326 924 omnia
341 895 385 924 sic
409 895 483 924 satis
497 905 562 924 esse
577 893 830 924 accommodata.
855 893 988 924 Accedit
1010 893 1102 924 locus
1118 904 1167 934 ap.
1194 894 1347 925 Caesarem

130 946 170 976 de
184 948 218 977 B.
239 947 308 977 civ.
324 948 374 985 11,
391 949 432 978 23
446 957 452 977 :
473 948 507 978 C.
529 947 622 977 Curio
639 947 671 976 in
686 946 834 988 Africam
845 945 1196 988 profectus—appellit
1210 946 1258 977 ad
1270 956 1342 977 eum

131 1003 235 1031 locum
250 1023 259 1038 ,
279 1001 336 1042 qui
349 1002 533 1043 appellatur
554 1001 741 1043 Aquilaria.
766 1002 829 1032 Hic
856 1003 942 1032 locas
966 1003 1056 1032 abest
1080 1013 1101 1032 a
1129 1002 1251 1043 Clupea
1263 1012 1343 1043 pas-

130 1066 218 1086 suum
234 1057 341 1086 XXII
358 1056 480 1093 millia,
505 1055 664 1098 habetque
681 1068 747 1087 non
765 1057 1001 1087 incommodam
1020 1065 1132 1087 aestaee
1148 1057 1343 1092 stationem;

130 1118 162 1140 et
175 1110 296 1140 duobus
309 1111 523 1141 eminentibus
535 1111 774 1152 promontoriis
789 1111 983 1142 continetur.
998 1111 1208 1154 Intelligenda
1223 1111 1346 1142 scilicet

131 1166 197 1195 haec
217 1165 326 1196 eadem
352 1166 418 1196 duo
433 1168 658 1207 promontoria
675 1167 838 1207 Apollinis
862 1174 894 1198 et
915 1168 1074 1198 Mercurii
1095 1176 1190 1208 supra
1207 1176 1345 1198 comme-

133 1227 264 1250 morata.
290 1221 398 1250 Insula
424 1228 530 1250 tamen
553 1221 747 1261 scrupulum
769 1221 872 1251 facere
895 1228 1019 1262 potest,
1037 1222 1063 1251 si
1085 1221 1267 1261 AEgimurus
1289 1220 1344 1250 ina

131 1282 197 1312 est,
223 1285 298 1306 cum
324 1275 457 1306 eandem
478 1275 563 1305 illam
588 1286 646 1316 per
672 1276 754 1306 Aras
777 1275 930 1306 declarari
952 1286 1048 1316 supra
1070 1275 1255 1306 viderimus.
1269 1274 1343 1314 ‚Sed

131 1330 334 1369 AEgimurum
357 1340 414 1359 seu
436 1329 515 1360 duas
537 1331 647 1370 potius
670 1330 812 1367 insulas,
839 1330 1006 1367 Zimbras,
1033 1340 1090 1360 seu
1112 1332 1339 1364 Zowamores,

130 1385 174 1413 ita
193 1394 258 1414 esse
274 1385 348 1414 sitas
360 1407 367 1421 ‚
393 1391 536 1422 constat,
561 1391 597 1414 ut
613 1385 675 1425 ipsi
698 1385 855 1414 Mercurii
872 1384 1097 1425 promontorio
1114 1383 1277 1422 subjacere
1295 1384 1341 1413 vi-

132 1438 287 1478 deantur,
306 1439 407 1478 major
424 1438 553 1480 quidem
577 1446 718 1479 quatuor
739 1439 863 1478 leucas,
884 1445 915 1468 at
931 1439 1038 1468 minor
1058 1447 1172 1478 pamm
1187 1444 1308 1468 remota
1323 1448 1341 1467 a

130 1494 235 1524 litore.
252 1495 362 1525 Potuit
377 1495 475 1535 igitur
493 1493 532 1524 ad
550 1495 701 1532 majorem
715 1504 788 1535 pars
806 1493 912 1524 classis
927 1493 1107 1531 adhaerere3
1127 1499 1158 1522 at
1173 1492 1268 1522 altera
1285 1493 1342 1522 mi-

130 1560 191 1579 nor
212 1548 367 1578 habeatur
388 1559 448 1589 pro
470 1549 573 1579 insula
595 1548 683 1579 litori
706 1548 840 1587 objecta.
864 1549 974 1578 Potuit
992 1548 1086 1578 etiam
1107 1553 1201 1587 poeta
1226 1556 1341 1578 ornare

129 1602 239 1632 locum
251 1625 259 1640 ‚
283 1609 338 1632 aut
356 1603 447 1643 sequi
467 1602 600 1640 samam,
624 1612 689 1643 qua
705 1603 861 1644 AEgimuri
877 1601 1004 1643 scopuli
1018 1601 1096 1632 olim
1111 1600 1218 1631 insula
1244 1600 1341 1631 fuisse

131 1657 402 1688 memorabantur.
419 1658 487 1688 Nec
501 1664 606 1688 tamen
616 1664 742 1698 poetam
754 1658 892 1688 levitatis
905 1664 936 1687 et
950 1658 1098 1687 vanitatis
1112 1660 1258 1687 adcusare
1270 1666 1340 1698 pos-

130 1721 257 1749 semus,
274 1722 315 1742 ne
335 1718 405 1741 tum
421 1711 551 1752 quidem
563 1734 572 1750 ,
592 1712 618 1741 si
639 1712 765 1742 nullum
788 1712 885 1751 hujus
905 1711 1052 1742 locorum
1069 1712 1149 1742 situs
1168 1711 1338 1752 vestigium

128 1768 164 1797 in
178 1767 332 1798 Africano
348 1767 442 1797 litore
457 1777 544 1796 nunc
560 1773 769 1807 compareret.
783 1769 904 1798 Totum
920 1767 1005 1797 enim
1019 1767 1111 1797 istius
1127 1772 1248 1797 tractus
1260 1765 1337 1796 litus

129 1823 224 1853 maris
238 1822 353 1853 alluvie
368 1821 552 1852 incredibili
566 1821 662 1852 modo
676 1829 722 1852 est
736 1823 940 1852 immutatum
951 1844 959 1859 ‚
974 1829 1005 1852 et
1014 1845 1022 1860 ‚
1040 1820 1127 1862 quod
1143 1821 1194 1853 vel
1207 1831 1247 1852 ex
1264 1820 1336 1853 Sha-

129 1878 182 1906 vio
199 1877 272 1906 satis
292 1883 421 1917 apparet
432 1899 441 1914 ‚
457 1875 605 1917 procedit
617 1886 705 1906 nunc
719 1876 797 1906 litus
815 1877 900 1905 inter
918 1876 1137 1906 Ruscinonem
1157 1882 1189 1906 et
1206 1874 1337 1906 Cartha-

129 1931 235 1969 ginem
258 1930 362 1960 multo
381 1930 475 1960 altius
497 1931 531 1960 in
555 1940 659 1968 mare,
683 1940 779 1971 quam
798 1930 887 1960 olim.
913 1931 946 1961 Si
964 1931 1036 1970 quis
1059 1929 1144 1960 ultra
1164 1930 1281 1960 instare
1305 1935 1335 1958 et

130 1984 318 2013 calumniari
343 1983 437 2022 velit,
462 1994 478 2014 a
497 1990 607 2014 monte
626 1995 684 2026 per
708 1984 859 2015 Shavium
876 1983 1039 2026 designato
1058 1983 1097 2014 ad
1113 1982 1333 2024 Carthaginem

130 2047 231 2077 usqne
246 2037 396 2068 locorum
417 2038 623 2068 intervallum
648 2048 713 2069 esse
738 2039 839 2077 majus
862 2037 963 2076 forte,
986 2047 1081 2078 quam
1103 2043 1141 2066 ut
1159 2036 1258 2067 altero
1282 2035 1334 2066 die

129 2092 243 2120 AEneas
261 2091 397 2121 navibus
411 2102 595 2134 progressus
611 2093 684 2122 satis
706 2099 830 2122 mature
852 2091 1073 2132 Carthaginem
1092 2089 1259 2131 pervenire
1274 2099 1334 2130 po-

131 2144 229 2173 tuerit
241 2167 250 2181 ‚
266 2155 340 2174 eum
356 2145 500 2176 dicemus
511 2153 641 2189 poetam
656 2147 692 2177 in
704 2145 850 2176 ordinem
863 2155 976 2186 cogere
986 2150 1018 2174 et
1029 2143 1171 2174 historiae
1183 2143 1335 2174 severiori

130 2197 193 2238 legi
207 2197 387 2228 obnoxium
401 2200 515 2231 facere.
528 2201 678 2232 Ceterum
685 2199 754 2230 haec
766 2206 797 2230 et
811 2199 865 2230 illa
879 2209 950 2240 sup.
964 2197 1045 2229 adv.
1066 2197 1128 2228 108
1144 2208 1213 2239 sqq.
1224 2196 1334 2239 paullo

132 2251 283 2283 subtilius
300 2251 475 2294 disputasse
491 2265 558 2286 non
579 2254 768 2297 poenitebit,
784 2254 931 2295 inprimis
947 2254 974 2284 si
997 2252 1244 2293 descriptionem
1261 2260 1334 2293 geo-
