1433 2460
150 119 214 149 328

651 118 845 148 AExssmos

147 177 319 226 Com-ipit
337 189 356 211 e
374 188 507 212 somno
527 188 687 226 corpus,
704 176 902 226 sociosque
920 177 1047 226 fatigat
1067 191 1073 210 :

148 258 160 270 ιι
180 237 396 286 Praecipites
412 236 582 286 vigiiate,
602 236 694 282 viri,
715 245 751 274 et
769 236 953 274 considite
970 236 1161 283 transtris;

147 298 291 334 Solvite
312 297 394 333 vela
416 295 492 333 citi.
513 299 635 343 Deus,
655 297 795 334 aethere
812 298 945 334 missus
962 297 1009 334 ab
1030 297 1124 343 alto,

147 357 338 394 Festiuare
355 356 480 407 fugam
491 385 500 403 ‚
517 364 712 406 tortosque
732 356 898 393 incidere
915 357 1013 394 funis
1301 365 1350 398 ⁵7⁵

147 419 243 453 Ecce
264 416 402 453 iterum
417 416 595 454 stimulat.
617 417 822 466 Sequimur
840 424 894 462 te,
911 425 1038 454 sancte
1056 417 1234 462 deorum,

147 476 330 525 Quisquis
352 488 410 523 es,
432 476 670 526 imperioque
691 477 829 514 iterum
847 489 1024 526 paremus
1042 485 1207 515 ovantes.

148 535 258 572 Adsis
278 539 317 572 o!
339 536 586 586 placidusque
597 536 727 586 juves,
747 546 783 573 et
801 537 928 573 sidera
946 536 1040 573 coelo

146 599 291 633 Dextra
308 596 421 633 feras!
437 613 452 629 »
469 597 594 644 Dixit,
617 597 831 646 vaginaque
850 597 964 647 eripit
985 609 1111 639 ensem

148 656 405 700 Fulmineum,
423 655 632 706 strictoque
650 657 737 693 serit
754 657 961 693 retinacula
979 656 1091 692 ferro.
1305 663 1352 687 ⁵80

148 716 254 753 Idem
272 717 394 752 omnis
411 717 522 753 simul
543 717 658 753 ardor
673 716 805 764 habet3
824 717 1073 767 rapiuntque,
1095 724 1304 765 ruuntque;

150 778 280 814 Litora
301 776 521 814 deseruere:
538 777 628 813 latet
648 778 718 815 sub
737 776 918 814 classibus
935 789 1086 826 aequor3

151 837 292 874 Adnixi
310 845 488 886 torquent
504 850 675 887 spumas,
693 847 730 875 ct
749 837 888 874 caerula
907 844 1078 873 verrunt.

203 899 249 934 Et
262 898 340 947 jam
360 897 483 947 prima
503 911 603 935 novo
623 898 825 949 spargebat
843 898 983 935 lumine
1005 907 1124 935 terras

150 958 306 995 Tithoni
324 971 502 996 croceum
521 959 694 1008 linquens
711 963 860 997 Aurora
880 959 1016 997 cubile.
1309 966 1356 990 ⁵8⁵

155 1137 341 1167 Lucretiana
356 1136 477 1172 oratio,
494 1134 551 1165 lib.
566 1136 632 1173 111,
654 1136 730 1173 1643

154 1183 187 1213 h.
216 1193 243 1212 e.
273 1182 376 1218 levat,
413 1188 530 1212 movet.
561 1181 731 1223 Sociosque

148 1228 294 1272 fiztigat,
313 1227 492 1257 hortatibus
508 1227 541 1258 h.
558 1227 598 1265 l.‚
614 1235 651 1258 ut
663 1239 731 1259 oru-

153 1277 233 1305 nino
265 1273 305 1304 de
340 1274 456 1314 saepius
487 1280 608 1305 tentato
641 1282 732 1306 motu

155 1321 274 1351 dicitur
294 1321 408 1360 poetis.
432 1320 517 1350 conf.
534 1320 573 1350 ad
588 1323 623 1358 Ι,
646 1321 732 1359 2803

156 1368 237 1398 VIII
247 1389 255 1403 ,
272 1373 326 1406 94.
338 1383 385 1388 —
396 1367 473 1404 573.
495 1366 707 1406 Praecipitans
719 1391 729 1403 ‚

156 1424 192 1443 v.
217 1423 254 1442 v.
277 1411 464 1441 emendabat
488 1413 542 1442 Jo.
568 1412 732 1443 Schrader.

156 1460 192 1489 in
221 1457 356 1488 schedis,
392 1457 582 1489 offendebat
615 1459 735 1489 scilicet

151 1504 334 1546 praecipites
369 1515 443 1533 cum
472 1503 613 1545 vigilate
641 1506 734 1542 junc-

157 1559 238 1588 tum,
249 1550 337 1590 quod
352 1551 498 1590 poeticus
512 1560 616 1579 sermo
632 1551 666 1579 in
677 1550 735 1580 fes—

159 1598 313 1627 linatione
338 1596 419 1626 bene
438 1595 508 1625 fert.
530 1595 736 1637 Proevigz'late

158 1643 244 1680 viri,
263 1653 378 1672 moneo
394 1653 454 1672 sec.
478 1641 630 1672 Rottend.
652 1642 736 1672 ludi-

160 1689 288 1725 brium,
313 1696 393 1729 puto
404 1711 412 1725 ,
428 1688 562 1718 librarii.
578 1689 623 1716 Ec
646 1687 735 1718 deest

161 1736 250 1765 alteri
274 1735 470 1775 Hamburg„
494 1744 562 1763 non
586 1734 735 1764 male.—

159 1783 283 1816 Funes,
301 1780 475 1810 retinacula
497 1790 528 1810 v,
545 1780 621 1810 580.
647 1781 732 1811 conf.

159 1829 228 1865 ΙΙΙ,
246 1828 330 1868 639,
348 1827 414 1862 640
427 1848 436 1863 ,
457 1826 535 1863 667.

209 1874 274 1912 576
284 1897 292 1911 ,
306 1874 383 1911 577.
399 1874 471 1903 Jam
481 1872 608 1902 Servius
622 1882 734 1903 secun-

161 1920 238 1949 dum
267 1921 406 1950 Ennium
438 1919 543 1948 dixit:
560 1919 735 1959 Respondic

160 1969 246 1995 ,Ιιιηο
264 1965 417 1996 Saturnia
440 1971 555 1994 sancta
577 1964 728 2002 dearum,

161 2008 216 2042 ’δῖοι
231 2010 341 2043 eadm.
360 2014 399 2042 In
422 2010 565 2052 quisquis
586 2022 619 2041 es
640 2022 732 2053 argu-

159 2065 243 2087 tatur
252 2060 380 2089 Servius
394 2065 507 2088 etcum
517 2058 587 2098 ipso
597 2057 661 2089 alii.
674 2060 732 2088 At-

159 2105 216 2143 qui
225 2104 341 2145 sbrma
366 2104 626 2134 dei—Mercurio
648 2103 732 2134 simi-

158 2148 198 2178 lis
210 2160 304 2190 supra
315 2159 379 2180 erat
391 2163 398 2187 ;
413 2153 518 2191 ipsum
533 2151 733 2181 Mercurium

158 2206 224 2225 esse
239 2219 248 2233 ‚
274 2196 353 2226 nihil
383 2205 447 2226 erat
459 2220 466 2234 ‚
493 2197 579 2238 quod
602 2199 731 2228 AEneam

158 2248 282 2272 certum
295 2241 450 2274 redderet.
461 2261 508 2266 —
520 2244 596 2283 578.
616 2243 730 2274 Sidera

783 1136 920 1171 dextra,
940 1136 1069 1176 proprie
1090 1144 1228 1176 quorum
1242 1141 1357 1164 exortu

783 1183 872 1213 venti
892 1182 1024 1211 secundi·
1045 1180 1124 1212 flant
1149 1190 1184 1211 ac
1207 1190 1357 1222 prospera

783 1229 944 1269 navigatio
961 1227 1009 1259 fit.

834 1276 911 1306 580.
927 1274 1002 1305 Vid.
1025 1273 1140 1314 Odyss.
1157 1284 1176 1303 κ
1188 1296 1196 1310 ,
1220 1283 1294 1311 127.
1315 1272 1356 1302 cf.

786 1321 896 1353 Cerda.
906 1338 954 1344 —
965 1321 1005 1351 58
1015 1320 1158 1350 1—-583,
1181 1320 1274 1350 Utin
1292 1325 1359 1347 toto

784 1367 858 1397 loco
869 1389 877 1405 ,
891 1368 934 1396 ita
952 1367 1098 1407 inprimis
1110 1366 1145 1395 in
1158 1365 1206 1395 his
1216 1364 1360 1394 versibus

786 1414 837 1443 vel
853 1413 1025 1442 verborum
1048 1412 1165 1442 dilectu
1177 1433 1186 1448 ‚
1202 1411 1253 1441 vel
1269 1421 1361 1451 asyn-

788 1459 887 1495 detis,
907 1458 958 1487 vel
987 1459 1062 1498 ipsis
1088 1457 1261 1487 verborum
1281 1464 1359 1486 tem-

788 1504 919 1546 poribus
937 1504 1071 1544 ipsoque
1080 1513 1215 1533 numero
1234 1502 1360 1533 festina-

788 1553 833 1581 tio
859 1551 1069 1591 exprimitur,
1085 1556 1122 1579 ut
1141 1549 1231 1578 facile
1253 1549 1360 1579 obser-

789 1607 852 1627 ves.
874 1598 968 1625 Latet
988 1596 1043 1625 sub
1070 1595 1220 1625 classibus
1240 1606 1358 1636 aequor.

787 1644 874 1673 Boua
888 1644 934 1672 rei
948 1644 1070 1682 imago,
1088 1652 1150 1682 qua
1167 1648 1198 1671 et
1216 1642 1269 1671 alii
1284 1651 1359 1682 poe-

787 1696 826 1719 tae
856 1690 971 1729 passim
995 1694 1144 1718 utuntur.
1170 1690 1252 1718 Loca
1275 1687 1360 1728 apud

787 1734 932 1767 Cerdam.
965 1734 1142 1775 Adspectui
1166 1734 1360 1764 subducitur

788 1792 874 1811 mare
897 1791 955 1821 per
977 1791 1072 1810 naves
1099 1782 1229 1821 aequatis
1256 1781 1360 1821 proris

787 1826 1005 1868 procedentes.
1021 1828 1175 1867 Sputum,
1191 1837 1274 1856 mare
1289 1837 1361 1867 spu-

788 1883 876 1903 mans
886 1896 894 1909 ,
913 1880 946 1903 et
956 1873 1075 1903 caerula
1091 1881 1227 1903 verrunt
1235 1895 1244 1911 ,
1254 1874 1358 1903 remis.

835 1920 853 1949 5
859 1921 899 1955 84
913 1942 920 1956 ‚
949 1919 1025 1949 585.
1055 1920 1219 1950 Homerici
1251 1929 1361 1948 versus

787 1965 874 1996 Iliad.
893 1968 930 2001 λ,
952 1976 986 2003 13
1001 1976 1024 1995 ω
1035 1987 1043 2003 ,
1061 1965 1127 2006 695
1141 1972 1172 1995 et
1185 1965 1280 2002 alibi,
1294 1976 1361 1994 ver-

786 2011 835 2042 bis
867 2012 932 2041 sere
963 2012 1101 2041 Lucretii
1132 2011 1188 2041 lib.
1214 2013 1261 2048 11,
1284 2012 1358 2047 143.

785 2058 935 2089 Ceterum
947 2057 1053 2087 locum
1068 2056 1156 2086 hune
1174 2057 1213 2087 de
1225 2057 1360 2088 Didonis

784 2104 963 2134 novissimis
978 2103 1048 2133 fatis
1064 2104 1184 2133 variare
1198 2104 1300 2134 voluit
1315 2105 1360 2133 Si-

784 2149 846 2179 lius
873 2151 972 2186 VIII,
994 2150 1036 2185 84
1062 2160 1129 2191 sqq.
1144 2173 1151 2186 ‚
1171 2160 1244 2191 quae
1273 2160 1359 2180 com-

784 2202 891 2237 paret,
902 2196 958 2237 qui
967 2196 1178 2237 virgilianum
1193 2195 1289 2232 πάθος
1304 2196 1358 2226 ad-

785 2244 924 2274 curatius
942 2252 1133 2286 cognoscere
1146 2243 1225 2274 vult.
