1402 2460
511 155 571 184 AD
596 155 760 185 LIBRUM
785 156 826 185 11.
1205 156 1268 187 363

72 215 223 256 gnitatem
250 220 353 244 tamen
377 219 409 243 et
434 215 635 254 gravitatem,
663 224 726 254 qua
756 213 802 243 illi
827 220 948 250 carent,
975 223 1015 242 ex
1038 213 1195 255 Tragids,
1221 226 1272 255 pe-

70 271 160 299 titam
197 268 329 308 adjecit,
360 268 558 307 conjicimus.
590 269 682 299 Certe
712 279 752 298 ex
788 268 850 298 illis
887 269 988 309 poetis
1023 274 1088 299 tota
1114 269 1273 310 Augustei

68 322 175 352 saeculi
202 322 355 364 elegantia
377 332 412 352 ac
443 323 529 352 nitor
552 321 681 353 fluxisse
709 322 854 359 videtur,
879 330 909 352 et
940 325 1049 353 Romae
1073 323 1112 353 ab
1146 323 1271 364 elegan-

68 377 204 407 tioribus
235 377 420 408 hominibus
456 377 693 408 Alexandrinos
722 377 794 407 illos
827 378 922 407 unice
947 378 1106 419 frequenti
1136 377 1283 408 lectione

69 432 158 461 tritos
178 430 294 469 fuisse,
311 431 362 461 vel
384 442 423 461 ex
448 432 602 461 Cicerone
624 441 774 472 apparere
791 438 871 472 puto
891 431 1022 462 Tus-cul.
1043 434 1108 472 Qu.
1126 433 1173 461 111
1185 455 1195 471 ,
1211 441 1251 472 19
1264 455 1273 466 ,

67 486 124 516 ubi
140 486 281 516 Ennium
296 487 337 516 ab
350 486 398 516 leis
415 485 630 527 Euphorionis
644 486 825 516 cantoribus
841 485 853 527 (
881 486 913 517 h.
930 498 956 517 e.
974 488 1028 524 iis,
1051 487 1107 527 qui
1130 497 1203 517 eum
1222 487 1273 517 vel

65 541 162 571 latine
187 541 371 579 redderent,
393 548 429 571 ut
447 541 614 572 Cornelius
639 541 764 578 Gallus,
791 541 841 571 vel
866 552 940 571 eum
965 542 1143 571 imitatione
1162 551 1273 582 seque-

65 601 177 624 rentur
193 602 248 625 aut
268 595 400 626 omnino
417 595 510 628 valde
527 595 788 637 frequentarent)
811 597 973 625 contemni
990 596 1048 632 ait;
1071 595 1192 625 scilicet
1213 601 1275 625 ter-

65 650 180 680 siorem
214 657 245 679 et
270 651 433 691 puriorem
461 649 678 691 Euphorionis
702 651 879 680 orationem
904 650 1092 689 judicabant
1117 650 1273 680 Enniana.

65 706 168 735 Etiam
186 704 353 735 Tiberium
373 705 527 736 Caesarem
545 705 802 745 Euphorionem,
818 705 998 744 Rhianum,
1016 712 1047 735 et
1068 700 1274 736 Parthenium

65 758 237 789 admodum
250 759 414 800 probasse,
430 767 466 790 ut
480 766 511 789 et
525 770 637 789 eorum
650 760 828 790 imitatione
841 762 981 791 carmina
998 770 1098 801 graeca
1111 759 1274 796 scriberet,

64 823 81 842 e
108 815 238 843 Sueton.
266 813 337 843 Tib.
367 823 409 851 70
435 819 569 843 constat.
598 815 672 844 Non
691 814 790 853 igitur
809 815 875 842 veri
895 813 974 843 adeo
999 812 1151 842 dissimile
1172 811 1275 841 videri

63 872 185 906 potest,
205 866 232 895 si
246 867 317 906 quis
330 867 569 908 Euphorionem
584 877 600 896 a
613 867 750 906 Virgilio
765 867 800 896 in
813 867 872 896 hac
888 866 994 897 fabula
1008 877 1192 907 expressum
1209 876 1273 895 esse

66 928 206 957 censeat,
224 931 296 951 cum
306 943 315 959 ,
331 932 403 962 quae
417 932 433 951 a
447 922 556 952 Servio
570 931 610 951 ex
626 931 664 950 eo
682 929 990 959 commemorentur,
1008 921 1193 963 Virgilianis
1209 920 1274 950 fere

66 974 269 1005 conveniant.
287 974 376 1005 Idem
397 976 431 1005 in
449 975 556 1005 fabula
582 974 621 1005 de
638 975 777 1006 Coroebo
801 983 912 1006 auctor
928 976 1065 1017 Virgilio
1083 975 1180 1005 fuisse
1200 984 1272 1015 per—

63 1028 203 1060 hibetur.

111 1085 192 1114 Tota
210 1091 316 1115 tamen
330 1085 430 1122 ratio,
452 1095 515 1125 qua
533 1091 627 1125 poeta
652 1084 714 1115 hoc
737 1084 915 1125 episodium
941 1085 1100 1121 tractavit,
1117 1085 1271 1125 tragicum

64 1139 172 1178 potius
188 1139 337 1178 spiritum
351 1139 592 1179 orationemque
606 1139 775 1168 affectibus
789 1149 917 1180 gravem
933 1145 964 1168 et
980 1143 1124 1168 ornatam
1137 1137 1272 1178 prodere

64 1191 203 1222 videtur.
218 1192 341 1223 Debuit
356 1200 462 1222 autem
474 1194 510 1222 in
525 1193 633 1223 multis
646 1193 807 1234 tragoediis
820 1194 929 1234 graecis
946 1193 1126 1233 latinisque,
1135 1203 1272 1233 quarum

66 1252 249 1287 argumenta
263 1246 426 1276 excidium
443 1248 618 1285 Trojanum
635 1247 842 1287 respicerent,
857 1246 925 1277 haec
940 1248 1079 1277 narratio
1092 1257 1271 1278 occurrere.

67 1301 217 1340 Inprimis
239 1306 344 1330 tamen
365 1300 483 1330 nobilis
503 1301 580 1330 olim
598 1300 659 1330 fuit
684 1300 850 1341 Sophoclis
868 1301 1038 1342 tragoedia,
1055 1302 1205 1331 Laocoon
1222 1302 1272 1331 in-

64 1354 200 1394 scripta,
218 1364 235 1384 e
250 1364 313 1394 qua
334 1365 445 1384 versus
467 1355 587 1395 aliquot
601 1356 738 1385 servavit
758 1355 895 1396 Dionys.
910 1355 1014 1386 Halic.
1035 1357 1050 1384 Ι
1062 1377 1070 1392 ,
1089 1354 1129 1391 48
1155 1355 1272 1396 (quem

66 1406 163 1448 vide)
179 1414 210 1437 et
229 1407 295 1438 duo
310 1408 387 1438 alios
402 1409 637 1449 Harpocration
657 1410 691 1438 in
714 1405 838 1452 ἀγυιᾶς.
855 1410 905 1439 Ex
923 1409 1032 1439 eadem
1047 1419 1113 1439 esse
1126 1409 1271 1446 videtur,

65 1472 130 1502 quo
146 1461 289 1493 Eustath.
306 1462 346 1492 ad
363 1463 479 1503 Odyss.
496 1473 529 1503 p.
549 1463 635 1503 1496
650 1463 672 1493 l.
692 1463 733 1492 36
750 1474 766 1493 a
788 1463 945 1504 Sophocle
961 1474 1081 1504 equum
1094 1464 1270 1503 Trojanum

63 1517 224 1558 eleganter
242 1515 373 1548 ὕπουλον
391 1516 511 1546 dictum
529 1524 693 1548 memorat.
715 1518 769 1548 Au
794 1529 834 1547 ex
857 1519 911 1548 illa
935 1518 1117 1558 SophocliS‚
1140 1520 1269 1555 nescio,

62 1570 117 1600 sed
131 1581 171 1600 ex
184 1571 289 1612 aliqua
306 1578 390 1601 certe
409 1571 514 1601 Graeci
528 1578 630 1612 poetae
644 1572 796 1613 tragoedia
814 1571 954 1602 breviter
967 1578 1092 1602 narrata
1107 1579 1153 1602 est
1165 1572 1270 1602 fabula

63 1625 102 1654 ab
120 1625 250 1666 Hygino
275 1625 297 1655 f.
319 1625 403 1663 1353
421 1625 485 1663 jam
509 1631 612 1655 autem
630 1626 657 1655 is
680 1637 754 1656 cum
769 1626 908 1666 Virgilio
931 1627 1034 1656 multo
1053 1627 1150 1667 magis
1174 1637 1267 1666 quam

64 1689 137 1708 cum
153 1680 264 1709 ceteris
278 1678 462 1710 auctoribus
472 1702 480 1715 ‚
499 1680 667 1710 consentit.

107 1733 180 1763 Jam
203 1734 347 1763 omnium
377 1733 495 1763 horum
518 1731 640 1762 fontem
661 1742 765 1762 unum
784 1732 920 1772 aliquem
945 1743 985 1763 ex
1010 1732 1149 1773 Cyclicis
1167 1734 1270 1772 poetis

63 1788 175 1825 fnisse,
191 1787 315 1817 dudum
330 1785 523 1827 suspicabar,
537 1787 746 1827 inprimisque
759 1786 900 1817 Leschen
910 1809 918 1823 ‚
933 1797 1028 1827 quem
1041 1788 1153 1827 utique
1168 1788 1269 1827 Quin-

63 1848 113 1870 tus
136 1842 324 1882 expressisse
340 1841 427 1870 visus
445 1847 521 1871 erat.
544 1839 789 1870 Dubitationem
808 1847 915 1871 tamen
933 1840 1067 1871 faciebat
1081 1841 1143 1871 hoc
1155 1863 1163 1878 ,
1179 1841 1269 1881 quod

63 1895 185 1926 Tabula
201 1896 313 1932 Iliaca,
341 1904 413 1935 quae
437 1901 510 1935 post
527 1896 708 1925 Homerum
733 1901 764 1925 et
786 1896 959 1926 Arctinum
978 1905 1019 1925 ex
1038 1895 1144 1925 Iliade
1163 1906 1268 1936 parva

64 1960 210 1991 expressa
229 1957 292 1988 est,
307 1951 519 1980 Laocoontem
534 1951 670 1991 ignorat.
687 1950 747 1982 Sed
762 1951 870 1992 potuit
892 1960 927 1980 ea
943 1961 992 1980 res
1010 1960 1045 1980 ac
1063 1950 1175 1980 debuit
1194 1961 1268 1980 cuni

64 2000 192 2041 ceteris,
206 2014 277 2044 quae
292 2003 522 2040 desiderantur,
538 2005 573 2034 in
592 2004 686 2034 altera
699 2004 831 2036 Tabulae
843 2010 948 2045 parte,
966 2014 1038 2045 quae
1049 2005 1144 2045 periit
1154 2027 1162 2042 ,
1179 1996 1269 2035 exhi-

64 2057 144 2088 beri.
163 2059 259 2088 Nunc
284 2068 325 2087 ex
347 2058 453 2088 Procli
480 2058 590 2100 fragm.
616 2058 684 2088 haec
705 2058 828 2089 tradere
850 2059 925 2089 licet
945 2068 952 2089 ζ
970 2060 1149 2100 praecipuus
1170 2058 1268 2097 hujus

66 2110 180 2140 fabulae
200 2110 319 2141 fundus
337 2111 398 2142 fuit
417 2105 496 2142 Ῐλίου
522 2111 627 2156 πέρσις
650 2113 778 2143 Arctini
800 2123 807 2144 :
831 2124 903 2152 seu,
924 2112 1013 2154 quod
1031 2113 1197 2154 probabile
1211 2111 1268 2150 fit,

65 2165 190 2195 Leschis
200 2188 208 2203 ‚
224 2166 259 2196 in
274 2167 364 2205 cujus
381 2167 475 2198 initio
488 2168 593 2198 statim
608 2169 789 2209 expositum
805 2168 865 2198 suit
879 2177 887 2198 :
904 2167 943 2203 ὡς
958 2165 999 2198 τὰ
1016 2165 1090 2211 περὶ
1105 2166 1155 2198 τὸν
1171 2165 1266 2198 ἵππον

64 2217 92 2248 οἱ
108 2221 209 2262 Τρῶες
227 2217 370 2256 ἑπόπτως
390 2219 521 2261 ἔχοντες,
538 2220 738 2265 περιστάντες
752 2220 969 2261 βουλεύονταὶ,
984 2219 1017 2260 ὅ,
1034 2233 1064 2253 τι
1079 2221 1140 2265 χρὴ
1154 2221 1266 2252 ποιεῖν·

62 2270 118 2302 καὶ
136 2272 197 2309 τοῖς
220 2271 273 2315 μὲν
294 2270 381 2304 δοκεῖ
395 2274 647 2319 κατακρημνίσαι
665 2275 755 2306 αὑτὸν
768 2299 776 2314 ,
793 2275 854 2312 τοῖς
874 2273 908 2306 δὲ
925 2274 1151 2319 καταφλέγειν.
1173 2273 1211 2307 Οἱ
1229 2271 1264 2305 δὲ
