1433 2460
161 61 220 89 lsso

659 57 851 87 AENEfflos

156 119 236 162 Me,
255 116 353 152 bello
371 128 391 150 e
413 121 518 150 tanto
536 113 744 164 digressum
763 123 798 150 et
820 113 922 150 ccede
944 114 1102 157 receuti,

154 176 375 213 Adtrcvtare
392 174 514 220 nefas,
533 174 654 212 donec
672 187 730 211 me
752 174 906 211 flumine
924 174 1010 210 vivo

155 236 331 272 Ablucro.
351 252 365 266 υ

206 299 295 333 Hoec
316 295 432 340 satus,
448 295 543 332 latos
563 295 742 332 humeros
762 295 1007 345 subjectaque
1027 294 1121 330 colla

154 360 262 393 veste
279 369 392 406 super
412 355 581 405 fulvique
599 355 786 393 insternor
803 356 898 404 pelle
916 356 1051 401 leonis;

151 417 397 467 Succcdoque
413 418 532 454 oneri.
550 420 703 453 Dextrae
720 430 760 453 se
777 429 916 466 parvus
932 416 1037 452 Iulus

149 478 339 528 Implicuit
351 505 360 523 ,
377 477 624 527 sequiturque
642 485 788 526 patrem
806 488 879 512 non
898 475 1069 525 passibus
1089 476 1216 525 aequis.

151 543 250 575 l‘onc
268 539 368 576 subit
389 539 538 588 conjux.
561 538 734 575 Ferimur
754 551 823 586 per
843 549 961 587 opaca
982 536 1162 572 locorum.
1302 545 1348 577 725

154 603 195 636 lit
212 613 289 645 mc,
310 612 422 649 quem
442 598 586 635 dudum
604 611 679 635 non
701 599 774 635 ulla
793 598 926 649 injecta
946 596 1150 634 movebant

149 661 258 705 Tela,
276 674 397 709 neque
419 659 578 697 adverso
597 660 794 709 glomerati
815 674 860 697 ex
882 659 1029 710 agmine
1051 657 1176 702 Graii,

150 726 260 759 Nunc
278 735 407 759 omncs
425 729 567 758 terrent
584 734 703 767 aurae3
723 734 835 757 sonus
853 721 992 757 excitat
1009 719 1129 755 omnis

150 785 402 831 Suspensum,
423 791 459 818 et
475 781 618 831 pariter
635 781 841 830 comitique
860 781 1044 829 onerique
1065 778 1267 815 timentem.

198 845 357 891 Jamque
376 840 679 891 propinquabam
695 841 834 891 portiS,
853 852 1080 889 omnemque
1096 836 1254 874 videbar
1297 846 1345 878 730

144 901 315 938 Evasisse
332 901 452 938 vicem
466 929 476 946 ,
494 901 621 937 subito
643 913 760 950 quum
777 900 910 937 creber
929 899 975 935 ad
993 899 1094 936 auris

143 962 253 999 Visus
273 962 401 999 adesse
419 961 558 1011 pedum
575 961 740 1006 sonitus,
758 961 981 1011 genitorque
999 973 1066 1010 per
1087 959 1259 997 umbram

146 1129 174 1148 v.
191 1119 268 1158 293.
283 1119 354 1148 Sive
368 1124 405 1147 ut
425 1129 521 1148 sacra
531 1119 595 1147 sint
608 1127 718 1159 geum,

141 1164 345 1205 complexum
357 1175 430 1194 cum
444 1164 582 1196 Palladio
591 1187 599 1202 ,
611 1166 718 1202 Vesta,

138 1212 207 1253 igni
224 1221 329 1247 sacro,
347 1212 493 1252 inprimis
512 1215 661 1249 l‘euates3
678 1213 719 1242 si-

141 1269 180 1287 ve
206 1264 241 1287 ut
265 1258 328 1287 sint
348 1257 480 1288 diversae
504 1269 562 1288 res.
578 1276 626 1281 —
640 1268 655 1296 7
667 1259 717 1289 18.

143 1304 235 1334 Bello
250 1310 339 1333 tanco
350 1304 486 1335 Dorvill.
499 1315 573 1334 cum
587 1304 624 1334 al.
638 1305 718 1335 Pier.

143 1361 184 1379 ex
198 1357 287 1379 tanto
298 1349 349 1379 alii
360 1349 501 1388 ejusdem
511 1374 518 1387 ‚
533 1361 606 1380 cum
618 1350 715 1381 Goth.

142 1403 213 1426 tert.
230 1403 262 1425 et
279 1403 370 1426 tanto
380 1406 441 1427 sec.
455 1397 608 1427 Rotteud.
625 1397 716 1427 Bello

141 1453 299 1484 egressum
315 1453 357 1472 ex
373 1450 464 1472 lamo
477 1444 570 1474 Witt.
581 1461 627 1466 —
639 1454 654 1481 7
665 1454 676 1472 1
685 1454 715 1483 9.

141 1489 338 1518 Aderactare
351 1496 383 1519 et
395 1497 570 1519 attractare
583 1491 617 1519 in
634 1500 716 1519 non-

141 1535 237 1565 nullis
254 1535 335 1566 Pier.
371 1542 401 1565 et
422 1537 531 1566 Burm.
551 1536 715 1576 scriptum.

141 1583 252 1611 Donec
263 1581 342 1625 insl.
354 1581 431 1612 duo.
444 1581 594 1612 Flumine
607 1581 639 1612 in
653 1593 716 1612 uno

141 1629 268 1668 Hugen.

190 1685 253 1713 721
275 1692 320 1697 —-—
337 1675 413 1713 723.
434 1676 585 1705 lustravit
606 1677 717 1705 AEneas

140 1722 281 1751 humeris
294 1727 422 1759 vestem,
435 1721 577 1761 vestique
590 1721 716 1762 pellem.

141 1769 404 1808 Superiusternor
419 1774 504 1797 veste
518 1774 548 1797 et
560 1767 643 1808 pelle
654 1768 718 1798 leo-

142 1815 190 1843 nis
203 1814 290 1855 (ante
303 1814 413 1844 oculos
427 1813 541 1844 habuit
554 1814 591 1845 Il.
607 1825 638 1851 κ,
652 1815 716 1845 326

142 1872 209 1901 sqq.
219 1884 228 1899 ,
243 1860 301 1890 ubi
316 1861 537 1901 Agamemnon
554 1861 650 1891 simili
661 1861 718 1891 ha-

144 1906 214 1936 bitu
230 1906 411 1948 inducitur)
426 1907 577 1937 humeros
590 1915 622 1938 et
637 1908 718 1938 colla

142 1953 284 1991 subjecta
293 1977 301 1990 ,
317 1954 348 1983 h.
360 1964 387 1984 e.
400 1953 535 1991 collum,
550 1954 637 1995 quod
644 1954 718 1984 sub-

142 1998 233 2037 jicio,
249 1999 403 2031 submitto
416 2002 507 2031 oneri
522 2001 683 2042 imposito.

193 2045 385 2086 726—729.
400 2048 544 2077 Suaviter
560 2055 591 2077 et
609 2059 649 2078 ex
669 2047 714 2077 af-

144 2091 243 2120 fectus
258 2094 404 2123 veritate!
421 2095 611 2135 Comparant
619 2094 717 2135 Apol-

144 2138 210 2168 lon.
229 2139 287 2176 III,
302 2139 379 2178 953,
392 2140 470 2179 955.
484 2141 663 2171 Glomerati
674 2151 717 2170 ex

145 2184 274 2225 agmine
291 2184 336 2226 (v.
351 2196 421 2226 sup.
436 2186 514 2227 (414)
531 2187 656 2218 doctior
669 2197 716 2217 ra-

774 1117 818 1146 tio
830 1127 838 1153 ;
864 1118 1007 1157 quamvis
1029 1122 1060 1145 et
1086 1115 1146 1155 ipsi
1169 1116 1203 1145 iu
1231 1125 1347 1157 agmen

773 1164 965 1205 colligebant
982 1173 1031 1200 se,
1050 1173 1091 1192 ex
1114 1161 1283 1192 hostilibus
1302 1169 1347 1191 ta·

773 1221 846 1240 meu
861 1211 960 1250 copiis
974 1208 1207 1239 confluxerant.

823 1258 944 1295 730-
960 1256 1036 1293 734.
1054 1254 1170 1285 Portis.
1185 1255 1241 1285 Est
1255 1261 1347 1294 porta

773 1302 811 1332 ab
821 1303 910 1333 hoste
924 1312 1030 1332 aversa
1039 1325 1047 1339 ,
1062 1302 1101 1331 ad
1112 1301 1201 1331 Idam
1215 1299 1349 1338 ducens,

772 1355 804 1379 et
817 1350 855 1379 ad
871 1356 975 1390 partes
985 1348 1150 1385 australes,
1169 1347 1256 1378 unde
1271 1347 1347 1376 litus

769 1397 835 1437 peti
851 1403 991 1436 poterat,
1011 1402 1042 1425 et
1056 1396 1090 1425 iu
1107 1405 1144 1425 eo
1162 1393 1347 1424 Antandrus

770 1444 831 1480 ΙΙΙ,
846 1443 878 1472 6.
895 1443 1031 1473 Omnem
1044 1441 1162 1478 vicem,
1174 1440 1344 1477 fortunam,

769 1489 959 1530 periculum.
975 1487 1096 1518 Adesse
1115 1486 1161 1515 ad
1172 1496 1264 1515 aures
1279 1486 1345 1516 dic-

771 1542 839 1565 tum
854 1541 960 1576 potest
980 1533 1081 1564 videri
1100 1543 1158 1574 pro
1177 1532 1345 1570 accedere,

771 1583 822 1612 vel
837 1581 978 1612 accidere
989 1580 1027 1611 ad
1037 1590 1127 1610 aures
1136 1602 1145 1618 ,
1159 1579 1254 1610 allabi
1266 1579 1347 1609 auri-

771 1629 846 1665 bus,
861 1635 898 1658 ut
911 1628 967 1658 inf.
980 1629 1046 1665 IX,
1062 1631 1138 1664 474.
1154 1626 1291 1657 Poeticae
1303 1632 1346 1655 ta-

770 1686 844 1705 men
859 1675 993 1705 dictioni
1007 1672 1094 1703 haud
1109 1674 1323 1714 incongruum
1333 1695 1342 1707 ‚

771 1723 796 1751 si
813 1722 890 1751 velis
900 1722 1033 1763 jungere
1047 1730 1055 1752 :
1071 1719 1178 1749 creber
1193 1719 1240 1748 ad
1253 1729 1345 1748 aures

770 1769 909 1805 senium,
926 1769 983 1809 qui
996 1767 1109 1797 crebro
1120 1789 1129 1804 ‚
1144 1766 1264 1803 clarus,
1282 1765 1344 1795 cla-

771 1817 900 1856 riusque
911 1837 919 1851 ‚
949 1814 1088 1844 auditur.
1119 1811 1318 1853 Prospiciens
1334 1834 1343 1847 ,

771 1863 890 1903 quippe
906 1862 942 1891 in
955 1861 1105 1891 humeros
1118 1857 1177 1889 filii
1189 1858 1344 1890 sublatus:

771 1919 839 1939 non
858 1907 896 1937 ad
914 1915 1034 1938 metum
1053 1905 1262 1937 referendum.
1283 1906 1344 1934 Ar-

770 1955 882 1985 dentes
900 1954 1018 1995 clipeos
1027 1954 1189 1984 relucente
1204 1950 1342 1988 flamma,

770 2002 889 2042 quippe
913 2011 1020 2031 aereos·
1035 2017 1081 2022 —-
1097 1998 1173 2037 731·
1197 1996 1344 2027 Evasisse

766 2047 872 2077 vicem
883 2045 1075 2082 Marklanffi,
1083 2044 1204 2077 adStat.
1214 2046 1256 2081 V,
1266 2043 1342 2075 Silv.

769 2095 819 2132 II,
842 2094 920 2130 152,
937 2094 1120 2131 conjectura
1131 2115 1139 2130 ,
1158 2093 1344 2122 Burmanno

769 2140 963 2181 improbata,
977 2139 1031 2169 sed
1043 2139 1135 2169 unice
1152 2148 1242 2175 vera,
1258 2145 1291 2168 et
1303 2138 1343 2169 ab

770 2187 889 2218 editore
921 2187 954 2216 in
990 2192 1115 2216 textum
1150 2184 1341 2226 recipienda.
