1402 2460
567 61 689 90 LIBER
716 61 757 88 11.

64 127 142 160 Nos
158 120 283 171 pavidi
303 118 492 168 trepidare
507 127 629 162 metu,
648 116 866 165 crinemque
886 116 1104 165 flagrantem
1213 126 1261 148 fis:-

64 185 268 226 Excutere,
286 189 323 217 et
338 187 487 216 sanctos
505 178 739 228 restinguere
761 176 931 214 sontibus
950 178 1066 228 ignes.

63 247 112 280 At
132 251 240 292 pater
254 239 437 278 Anchises
458 238 590 276 oculos
608 238 657 275 ad
675 238 801 276 sidera
820 238 929 274 laetus

63 303 224 348 Extulit,
242 311 278 339 et
295 301 389 338 coelo
407 301 552 350 palmas
573 311 660 336 cum
676 311 770 335 voce
789 297 949 334 tetendit
967 313 974 334 :

64 381 78 394 «
95 362 271 412 Juppiter
288 361 547 409 omnipotens,
567 357 746 408 precibus
766 358 797 395 si
816 358 978 395 flecteris
995 357 1099 403 ullis,

62 423 226 472 Adspice
241 435 327 468 nos,
349 420 422 457 hoc
438 429 602 465 tantum3
619 428 673 464 ct,
687 419 720 455 si
739 418 879 468 pietate
899 431 1109 464 meremur,

1217 427 1267 459 690

62 486 122 520 Da
137 482 273 520 deinde
293 481 495 526 auxilium,
513 488 638 529 pater,
659 488 773 528 atque
793 479 874 516 haec
891 479 1019 516 omina
1038 479 1156 516 firma.
1178 496 1193 511 »

114 544 188 580 Vix
205 557 248 580 ea
266 543 363 579 satus
379 549 460 578 erat
476 541 622 586 senior,
644 539 848 589 subitoque
868 540 1020 590 fragore

65 605 235 641 Intonuit
251 605 406 648 laevum,
423 612 459 639 et
480 601 526 637 de
546 602 640 638 coelo
656 602 759 650 lapsa
779 614 847 650 per
866 599 1024 637 umbras

67 664 181 701 Stella
199 663 318 700 facem
333 662 473 699 ducens
489 660 606 697 multa
623 673 707 697 cum
725 660 808 696 luce
826 660 1005 696 cucurrit.

66 723 192 769 Illam,
211 735 355 760 summa
375 734 489 770 super
510 719 698 757 labentem
716 719 880 756 culmina
897 720 1004 764 tecti,

67 857 138 888 quae
166 846 204 877 de
237 846 334 876 stellae
356 846 449 887 lapsu
473 845 538 885 693
567 855 635 885 sqq.

64 895 170 932 Major
185 892 358 923 difficultas
372 894 407 922 iu
422 891 514 921 molli
521 915 530 927 ‚
549 892 638 931 quod

65 947 157 970 antea
170 939 331 981 legebatur
342 961 350 976 ‚
379 946 411 969 et
427 948 501 968 sane
517 948 638 967 accom-

66 985 318 1016 modau'ssimum
333 993 380 1015 est
393 987 438 1027 τῷ
455 992 540 1014 tactu
550 1007 559 1020 ‚
578 994 638 1013 nec

66 1039 172 1062 tamen
187 1033 248 1062 nisi
267 1032 348 1062 forte
369 1033 403 1061 in
416 1031 639 1061 recentissimis

67 1078 162 1109 codd.
178 1085 208 1108 et
223 1079 258 1108 in
273 1085 350 1108 vett.
363 1077 447 1114 edd„
461 1087 539 1118 quas
554 1078 641 1116 equi-

65 1124 138 1154 dem
156 1124 281 1161 evolvi,
306 1124 455 1154 omnibus
473 1133 639 1153 occurrere

65 1170 202 1201 videtur.
222 1171 340 1201 Contra
357 1169 510 1211 quicquid
524 1176 571 1199 est
586 1180 639 1199 co-

65 1216 187 1254 dicum,
219 1223 251 1246 et
276 1217 312 1245 in
335 1216 385 1246 his
409 1216 638 1256 antiquissimi,

62 1263 180 1293 Medic.
193 1273 267 1292 cum
282 1263 391 1303 fragm.
404 1262 519 1300 Varie„
532 1262 638 1292 mollis

60 1307 191 1339 habent.

108 1356 186 1386 686.
208 1356 323 1384 Sacros
342 1354 440 1385 Goth.
456 1364 518 1384 sec.
538 1355 632 1384 Men-

60 1401 113 1432 tel.
127 1412 189 1431 sec.
205 1408 236 1430 et
248 1401 297 1432 ed.
308 1402 392 1431 Dan.
404 1423 413 1437 ,
430 1411 470 1431 ex
486 1411 634 1441 compen-

60 1447 116 1478 dio
134 1448 306 1478 literarum.
322 1458 352 1478 v.
367 1448 478 1477 Burm.
488 1447 632 1477 Macrob.

59 1494 108 1523 ΠΙ
119 1516 127 1530 ,
144 1495 161 1524 3
180 1501 326 1529 sanctos,
343 1503 466 1528 sacros,
483 1493 560 1533 quia
588 1493 635 1522 di-

60 1539 175 1570 vinitus
193 1539 403 1580 contigerunt.
413 1538 634 1580 Exscinguere

59 1593 162 1624 quart.
184 1587 300 1616 Moret.
325 1592 356 1615 et
379 1587 471 1615 Voss.
491 1602 538 1607 —
554 1585 632 1624 690.

59 1630 200 1671 Adspice
225 1641 302 1667 nos,
329 1641 389 1670 pro
423 1630 568 1670 vulgari,
587 1641 634 1660 re-

58 1676 163 1716 spice,
189 1683 226 1706 ut
244 1676 385 1706 animum
408 1674 449 1704 ad
476 1677 633 1714 Trojanos

59 1722 218 1758 advertat3
238 1731 313 1751 nam
331 1721 434 1751 adhuc
446 1731 574 1750 aversus
591 1721 633 1750 ab

59 1770 97 1798 iis
112 1779 176 1799 esse
191 1767 371 1798 videbatur.
394 1768 464 1797 Hoc
486 1773 608 1796 tantum
619 1789 629 1802 ,

58 1825 102 1845 sc.
116 1815 209 1855 plura
222 1824 238 1843 a
254 1821 284 1844 te
298 1823 365 1843 non
383 1820 457 1854 peto
469 1822 476 1843 :
490 1813 546 1843 inf.
565 1813 611 1843 IX
622 1834 631 1849 ‚

60 1862 126 1891 636
152 1862 222 1891 Hoc
248 1867 375 1889 tantum
397 1858 568 1889 Ascanius.
586 1876 633 1882 —-

59 1907 138 1948 691.
154 1906 334 1937 Turbatam
346 1906 399 1935 hic
419 1905 538 1946 aliquid
554 1905 632 1936 olim

59 1964 125 1983 esse
151 1952 282 1989 debuit,
307 1953 334 1982 si
360 1954 516 1993 Pompon.
545 1952 633 1983 Sabi-

60 2010 139 2030 num
159 1999 308 2040 inspicias
330 2008 338 2028 ε
361 1998 481 2028 Probus
498 1998 547 2028 ait
563 2009 574 2027 .·
590 2004 635 2028 at-

60 2055 124 2086 que
135 2046 203 2076 haec
216 2046 322 2076 omina
339 2043 449 2081 firma,
470 2045 534 2074 nisi
547 2044 634 2074 enim

56 2091 202 2131 petiisset
218 2091 348 2128 omina,
372 2101 537 2132 nunqnam
556 2102 633 2121 con-

53 2137 184 2180 firmari
199 2145 340 2179 optasset
354 2137 417 2180 (an
434 2137 496 2168 hoc
516 2137 556 2168 ad
570 2138 633 2168 lec-

61 2185 182 2215 tionem
193 2183 302 2214 omina
315 2186 480 2226 spectavit,
496 2194 556 2225 pro
569 2194 633 2226 quo

1219 729 1266 761 695

690 846 725 875 in
744 844 852 874 multis
867 843 977 874 omnia
991 843 1108 885 legitur
1118 845 1132 874 Ρ
1160 846 1267 876 Fuisse

690 892 836 931 suspicor
847 891 882 920 in
897 890 1061 920 nonnullis
1071 901 1079 921 ;
1089 898 1187 932 atque
1200 891 1268 923 haec

692 937 797 966 omine
819 937 923 980 firma
943 936 966 978 ).
986 937 1032 966 Ec
1057 938 1267 978 Apronianus

692 983 848 1013 auxilium
864 983 958 1024 legit,
979 990 1014 1012 ut
1031 982 1072 1013 sic
1086 995 1097 1013 .·
1113 985 1167 1014 Da
1180 985 1268 1015 dein-

692 1030 732 1059 de
747 1030 908 1059 auxilium
917 1037 1017 1070 pater
1032 1037 1064 1059 ct
1066 1029 1171 1072 firma
1187 1033 1268 1061 omiss

694 1086 749 1106 na.
765 1077 867 1116 Atqui
878 1075 946 1106 haec
963 1082 1110 1105 constans
1125 1079 1268 1108 omnium

692 1122 850 1152 librorum
878 1130 925 1152 est
947 1122 1054 1152 lecu'o.
1078 1123 1172 1152 Forte
1191 1124 1268 1154 olim

694 1168 755 1198 fuit
766 1178 773 1198 :
790 1169 845 1197 Da
858 1168 976 1198 deinde
987 1168 1175 1208 auspicium.
1188 1170 1268 1199 Hoec

694 1216 843 1244 omissum
859 1216 894 1244 in
909 1216 1036 1255 Hugen.
1053 1221 1084 1244 et
1101 1214 1266 1256 fragment.

691 1261 794 1290 Vatic.
810 1277 856 1283 —
869 1261 949 1290 Haec
962 1259 1201 1302 ominafirma,
1222 1273 1267 1292 se-

691 1306 834 1336 cundum
852 1306 1034 1347 auguralem
1048 1306 1265 1347 disciplinam,

689 1359 728 1383 nt
743 1353 812 1384 h.1.
832 1355 920 1384 Serv.
940 1355 1096 1393 Pompon.
1119 1355 1190 1384 Hoc
1204 1362 1264 1384 sta-

686 1400 744 1429 tim
756 1398 813 1437 fit,
832 1398 910 1429 dum
927 1399 1044 1430 laevum
1060 1406 1160 1430 tonat.
1178 1401 1265 1431 conf.

687 1445 803 1486 odyss,
822 1455 859 1483 υ,
889 1455 929 1485 97
957 1456 1026 1486 sqq.
1046 1447 1138 1475 Dicta
1159 1453 1265 1477 autem

685 1491 754 1521 haec
778 1491 818 1522 ad
841 1492 1028 1532 opinionem
1045 1499 1208 1530 veterum,
1234 1500 1267 1524 et

687 1548 810 1568 morem
844 1537 974 1578 petendi
1007 1548 1102 1567 omen
1126 1548 1143 1567 a
1170 1538 1230 1568 diis
1255 1549 1264 1569 ε

687 1583 786 1623 quod,
800 1585 827 1614 si
838 1584 1017 1624 propitium
1028 1594 1150 1614 numen
1163 1592 1244 1614 esset
1254 1608 1262 1622 ,

687 1630 849 1670 extemplo
877 1629 917 1658 ab
950 1640 987 1660 eo
1019 1631 1242 1670 impetraretur
1255 1642 1263 1667 ;

686 1675 789 1714 quid?
813 1674 903 1715 quod
916 1682 947 1704 et
964 1677 1036 1715 cogi
1051 1686 1171 1705 numen
1189 1686 1263 1716 pos-

687 1731 720 1750 se
735 1727 892 1761 putarunt
901 1743 911 1757 ‚
925 1727 962 1750 ut
975 1721 1081 1751 ederet
1094 1731 1208 1758 omen;
1234 1729 1265 1751 et

687 1766 777 1805 quod
786 1767 879 1796 etiam
888 1765 1058 1797 absurdius
1065 1789 1074 1803 ‚
1085 1766 1161 1796 elici
1170 1777 1263 1808 posse

686 1813 802 1841 Jovem
809 1822 866 1852 per
876 1818 978 1842 certos
992 1813 1084 1850 ritus,
1095 1814 1176 1842 utin
1190 1824 1263 1843 con-

686 1864 828 1897 spectum
839 1858 956 1895 veniat,
973 1866 1005 1888 et
1017 1868 1074 1888 seu
1089 1859 1262 1900 impetran-

687 1904 721 1933 di
735 1904 851 1934 ominis
865 1903 997 1934 modum
1014 1903 1128 1935 doceat
1141 1915 1198 1936 seu
1213 1916 1262 1936 re-

687 1960 760 1980 rum
775 1957 924 1980 eventum
937 1957 1074 1982 moneat.

734 1996 814 2036 693.
831 1998 957 2026 La’vom
976 1998 1086 2027 Burm.
1109 2007 1151 2027 ex
1175 1997 1261 2028 Gud.

691 2043 842 2073 Umbram
856 2044 969 2074 Franc,
981 2066 990 2081 ‚
1006 2050 1044 2073 ut
1056 2043 1260 2083 alibi—693

689 2090 814 2130 -698.
836 2089 930 2120 Stella
949 2089 1063 2120 cadens
1084 2100 1155 2130 sup.
1178 2091 1262 2120 inter

687 2136 892 2177 prognostica
913 2136 1029 2178 Georg.
1046 2137 1080 2172 Ι,
1110 2136 1176 2166 365
1192 2147 1260 2177 sqq.

687 2183 813 2220 habita3
829 2182 870 2213 cf.
887 2182 1004 2223 Spanh.
1025 2183 1066 2212 ad
1086 2182 1208 2214 Gallim.
1228 2184 1263 2213 in
