1402 2460
573 65 694 97 LIBER
719 63 777 93 111.

1216 67 1272 95 1151

78 124 268 174 Virgulta,
290 132 326 160 et
341 122 466 161 densis
484 122 683 161 hastilibus
698 119 855 157 horrida
873 127 1026 167 myrtus.

79 183 255 230 Adcessi3
271 183 509 233 viridemque
530 183 577 221 ab
594 182 712 219 humo
730 180 941 218 convellere
958 179 1088 216 silvam

80 247 262 290 Conatus,
280 245 391 281 ramis
413 254 578 294 tegerem
595 252 638 280 ut
653 240 916 280 frondentibus
937 252 1018 276 aras
1035 268 1045 285 ‚
1250 245 1279 267 νῦ

80 303 323 340 uox-rendum
339 312 376 340 et
391 303 493 341 dictu
509 303 623 340 video
644 300 817 338 mirabile
834 309 1054 336 monstrum.

80 366 178 400 Nam
200 376 285 413 quae
305 364 428 413 prima
446 364 526 400 solo
547 362 669 413 ruptis
691 361 883 398 radicibus
901 360 1016 396 arbor

80 423 259 468 vellitur,
280 423 369 460 huic
385 433 468 461 atro
485 423 686 472 liquuntur
704 421 885 471 sanguine
901 428 1035 470 guttae,

82 486 128 519 Et
146 492 283 520 terram
301 483 390 520 tabo
409 484 610 520 maculant.
627 482 726 518 Mihi
744 482 902 531 frigidus
922 481 1061 516 horror

82 543 255 581 Membra
271 544 411 594 quatit,
432 543 653 593 gelidusque
669 542 745 578 coit
763 541 963 577 formidine
979 540 1140 589 sanguis.
1253 545 1282 568 30

82 607 227 641 Rursus
248 613 284 641 et
300 604 454 641 alterius
469 603 612 639 lentum
630 601 841 639 convellere
856 601 982 636 vimen

86 666 286 713 Iuscquor,
304 672 341 699 et
358 674 506 699 caussas
528 661 677 711 penitus
698 668 842 697 tentare
862 659 1010 695 latentis
1027 674 1036 703 ;

86 853 255 881 tectumJn
263 861 347 880 mare
355 849 531 891 projectum
540 860 656 890 corpus

85 899 119 927 in
138 898 212 927 litus
222 897 324 927 fluctu
333 898 457 935 ejicitur
476 907 524 937 ap.
543 897 656 937 Eurip.

86 943 218 974 Hecuba
233 955 264 974 v.
291 944 333 973 26
346 966 355 981 ,
372 944 436 983 697
455 954 524 983 sqq.
537 967 545 980 ‚
563 952 658 983 quem

86 991 176 1030 sequi
203 991 313 1020 maluit
338 989 433 1021 Ovid.
458 991 538 1020 Met.
556 990 658 1025 XIII,

90 1038 151 1074 437
173 1047 241 1077 sqq.
264 1036 323 1066 ubi
343 1036 492 1076 pleraque
507 1046 548 1065 ex
566 1036 659 1064 Euri-

88 1083 161 1124 pide
189 1092 344 1123 expressa.
370 1100 416 1105 —
441 1083 496 1111 23.
519 1081 660 1111 Horrida

90 1130 156 1158 noli
172 1129 261 1158 aliter
284 1129 442 1169 accipere,
456 1138 551 1168 quam
576 1138 661 1168 myr-

90 1182 189 1205 tetum
217 1175 349 1205 horrere
372 1174 477 1204 densis
491 1174 636 1215 virgultis
653 1185 661 1210 ς

91 1224 136 1251 uti
165 1223 269 1251 omm'a
297 1222 510 1261 prominentia
538 1219 662 1249 leot-rere

90 1268 252 1298 dicuntur.
284 1266 426 1297 Haseilia
462 1277 521 1307 pro
567 1266 663 1307 virgis

90 1313 332 1355 myrti(Bu1-m.
354 1312 464 1343 laudat
489 1314 596 1353 Intpp.
626 1312 664 1341 ad

91 1361 179 1390 Grat.
197 1361 318 1401 Cyneg.
343 1358 448 1400 129),
464 1358 551 1389 uude
564 1359 665 1388 hastas

92 1414 122 1437 et
135 1406 237 1445 jacula
256 1406 412 1436 faciebant
423 1412 560 1442 veteres;
576 1405 665 1445 quod

90 1455 153 1491 jam
174 1452 311 1482 vidimus
334 1452 451 1493 Georg.
474 1452 521 1488 Π,
542 1457 603 1489 447
621 1454 668 1482 Ac

94 1507 212 1539 myrtus
250 1498 375 1528 validis
425 1496 606 1534 hastilibus,
637 1505 668 1527 et

93 1546 176 1576 bona
197 1545 280 1575 bello
299 1545 430 1575 cornus.
446 1544 567 1575 Jaculis
583 1545 667 1573 enim

96 1591 243 1622 confixus
266 1590 446 1633 Polydorus
463 1590 522 1620 inf.
551 1601 582 1621 v,
606 1591 646 1625 45
659 1613 666 1626 ‚

98 1639 139 1674 46
152 1649 160 1674 3
174 1647 245 1678 quae
253 1637 354 1667 infixa
367 1644 457 1667 terrae
472 1636 592 1666 radices
603 1646 668 1676 ege-

98 1691 177 1714 rant.
188 1685 318 1724 Myrtus
331 1690 436 1712 autem
449 1682 531 1712 bene
549 1683 584 1711 in
598 1682 671 1711 lito-

97 1731 154 1760 rau
180 1730 269 1771 plaga
284 1740 291 1760 :
309 1730 368 1759 Ge.
386 1730 437 1764 ΙΙ,
470 1738 533 1757 112
560 1728 670 1757 Litora

98 1775 241 1816 myrtetis
257 1774 431 1805 Iaeeissima.
452 1773 492 1804 cf.
513 1773 606 1804 Cerd.
625 1791 672 1797 —

99 1835 116 1853 2
124 1830 153 1858 4.
170 1825 319 1864 Tege-rem
330 1833 340 1851 .·
352 1829 466 1862 tegere,
477 1820 590 1856 velare,
601 1831 671 1861 pro-

99 1871 204 1910 prium
219 1870 253 1898 in
277 1879 311 1899 re
333 1878 419 1897 sacra
437 1867 477 1897 de
491 1868 618 1897 coronis
637 1877 671 1896 ac

99 1917 208 1952 sertis;
227 1915 268 1945 cs.
294 1926 366 1955 sup.
391 1915 442 1950 ΙΙ,
472 1914 535 1949 248
553 1936 562 1950 ,
584 1919 670 1953 249;

101 1970 224 2002 myrrea
253 1968 353 1998 serta,
382 1966 495 2001 utpote
522 1961 558 1989 iu
580 1961 674 1989 sacris

86 2010 254 2045 -Veueris‚
274 2009 373 2038 aiunt.
396 2009 523 2037 Poterat
547 2006 674 2036 frondes

102 2062 131 2084 et
145 2065 246 2085 ramos
255 2055 409 2095 stringere
418 2052 457 2083 de
471 2060 588 2082 trunco
601 2064 609 2090 ;
621 2063 674 2082 ve-

102 2112 176 2131 rum
190 2101 302 2131 maluit
316 2108 455 2130 teneram
474 2099 675 2129 arbusculam

105 2158 214 2178 eruere
232 2154 264 2178 et
277 2146 317 2177 ad
340 2157 424 2177 aram
443 2146 608 2187 deportare
619 2170 627 2183 ‚
641 2153 677 2176 ut

105 2194 151 2225 ibi
170 2204 266 2225 novas
286 2193 412 2224 frondes
432 2193 613 2233 decerperet
638 2192 677 2223 ad

711 859 794 879 aram
821 846 1045 878 coronandam.
1061 863 1107 868 —-
1117 845 1170 875 26.
1185 845 1284 873 Voci-

711 896 772 926 bus
792 895 988 935 transpositis
998 892 1164 923 ,Montalh
1179 892 1222 921 H.
1236 891 1287 920 vi-

713 943 772 972 deo
791 949 823 972 et
844 941 927 970 dictu
943 951 985 970 m.
1005 950 1046 970 m.
1071 937 1159 979 quod
1173 937 1285 978 placet.

714 990 928 1030 Pugetianus:
950 987 990 1016 H.
1020 985 1105 1015 dictu
1126 984 1224 1014 video
1245 994 1286 1012 m.

716 1046 757 1064 m.
780 1034 929 1064 Wallian.
958 1034 1000 1063 H.
1029 1032 1115 1062 dictu
1139 1038 1171 1060 et
1190 1029 1288 1059 video

716 1092 758 1111 m.
787 1091 828 1110 m.
859 1080 986 1111 Nonius
1012 1079 1047 1108 in
1066 1076 1287 1108 Hor-rendum:

716 1129 756 1157 H.
775 1127 860 1156 dictu
881 1126 1000 1161 video,
1021 1135 1062 1154 m.
1083 1135 1124 1153 m.
1144 1122 1290 1153 Macrob.

716 1176 784 1210 111,
810 1184 849 1203 10
869 1174 910 1202 H.
927 1171 1012 1201 dictu
1035 1179 1066 1201 et
1086 1170 1159 1200 visu
1184 1180 1225 1199 m.
1249 1180 1292 1198 m.

716 1220 776 1251 Sed
816 1219 901 1249 dictu
937 1217 1081 1248 mirabile
1121 1223 1294 1246 monstrum

715 1268 779 1306 jam
796 1265 932 1296 vidimus
953 1264 1010 1294 lib.
1034 1265 1084 1299 ΙΙ,
1101 1263 1178 1292 680.
1197 1261 1294 1291 „Mise-

719 1312 820 1342 rabile
833 1312 954 1352 aliquot
976 1310 1112 1341 Pieriam·
1129 1315 1159 1338 et
1177 1310 1259 1338 Ven.
1279 1319 1294 1336 a

719 1370 761 1390 m.
779 1370 846 1400 pr.‚
869 1365 905 1387 ut
919 1357 1005 1387 alibi.

769 1406 823 1435 28.
844 1404 1024 1444 Liquuntur
1046 1402 1205 1444 sanguine
1219 1409 1293 1443 gue-

721 1460 762 1482 tae
787 1458 897 1482 ornate
920 1460 1000 1491 pro,
1025 1460 1066 1480 ex
1098 1459 1133 1478 ea
1168 1455 1296 1478 manant

722 1505 819 1538 guttae
834 1498 1032 1537 sangfflneae,
1047 1506 1108 1536 pro
1123 1505 1220 1525 succo
1237 1496 1297 1524 sci—

720 1545 813 1581 licet;
834 1545 964 1585 proprie
988 1543 1112 1584 sanguis
1138 1542 1274 1582 liquitur
1289 1564 1296 1576 ‚

722 1588 869 1627 ττῖκετοιι,
903 1589 1087 1619 dissolvitur
1120 1589 1155 1617 iu
1184 1593 1297 1627 gutta-5.

724 1638 783 1666 Ge.
802 1638 852 1673 11,
875 1637 956 1674 18¹7,
983 1634 1163 1675 Liquuntur
1186 1643 1300 1662 amnes

724 1682 850 1722 rupibus
859 1694 872 1717 ,·
887 1681 1003 1711 fluunt.
1021 1683 1061 1711 Et
1071 1689 1166 1709 mox:
1182 1686 1298 1707 terram

725 1729 799 1757 tabo
818 1728 1002 1762 maculam,
1015 1733 1134 1766 quanto
1147 1725 1299 1756 ornatius.

726 1784 837 1814 quarn,
855 1772 974 1802 cadunt
1000 1774 1034 1802 'm
1059 1773 1191 1802 terram!
1207 1777 1301 1810 atque

726 1821 771 1849 sic
789 1830 898 1860 porro.
923 1820 1005 1849 Mox
1028 1825 1153 1848 tentare
1176 1823 1222 1847 est
1246 1827 1302 1846 ex-

726 1866 860 1906 plorare.
884 1866 1033 1896 Ceterum
1056 1864 1179 1900 fabula,
1208 1873 1302 1903 quam

726 1912 880 1954 Virgilius
903 1919 934 1941 et
956 1913 1077 1952 ipsam,
1095 1918 1132 1941 ut
1155 1917 1202 1940 tot
1223 1910 1299 1945 alia,

729 1969 744 1988 a
760 1960 861 2000 poetis
884 1958 1013 2000 cyclicis
1035 1959 1191 1998 accepisse
1214 1955 1302 1985 vide-

729 2013 800 2040 tur,
824 2006 897 2034 satis
923 2004 1098 2045 probabilis
1123 2002 1226 2033 videri
1251 2002 1304 2032 de-

729 2052 801 2081 buit
817 2052 892 2081 olim
914 2052 953 2080 iis
968 2052 1024 2091 qui
1042 2052 1077 2080 in
1090 2050 1220 2080 arbores
1235 2060 1303 2079 mu-

730 2100 788 2128 tari
799 2099 930 2139 puellas,
939 2097 1104 2138 Nymphas
1112 2095 1304 2136 Hamadrya-

731 2144 784 2174 das
800 2155 873 2174 cum
895 2143 1062 2174 arboribus
1086 2144 1190 2179 nasci,
1210 2144 1304 2172 sacris

732 2191 900 2221 arboribus
913 2191 1042 2220 succisis
1057 2196 1160 2232 guttas
1178 2190 1304 2230 sangui-
