1433 2460
565 106 686 136 LIBER
711 107 736 134 Ι.
1212 106 1253 144 75

49 168 147 204 llinc
163 176 275 216 atque
296 164 383 200 hinc
399 164 657 214 glomerantur
675 163 862 210 Oreades;
881 163 944 200 illa
963 163 1184 214 pharetram
1202 173 1252 198 500

48 230 136 264 Fert
149 226 328 270 humero,
345 223 596 274 gradiensque
614 223 702 261 deas
719 224 977 274 supereminet
993 224 1136 271 omnis3

48 290 201 324 Latonae
216 286 370 323 tacitum
391 294 606 335 pertentant
623 284 761 334 gaudia
779 294 910 335 pectus
928 301 937 322 ι

47 348 147 385 Talis
164 356 244 384 erat
259 345 379 391 Dido,
399 346 509 383 talem
527 359 566 382 se
582 345 667 382 laeta
685 345 832 383 serebat

47 412 118 446 Per
137 408 299 453 medios,
320 407 461 444 instans
479 407 588 457 operi
606 407 806 456 regnisque
828 407 976 445 futuris.

99 472 195 507 Tum
215 467 362 505 foribus
379 467 496 514 divae,
516 467 641 504 media
665 467 854 505 testudine
876 468 1025 519 templi,

1208 477 1255 501 505

47 533 172 580 Saepta
189 529 301 566 armis
313 557 322 574 ‚
339 529 511 578 solioque
532 528 605 565 alte
622 527 804 574 subnixa,
827 529 979 567 resedit.

45 595 138 629 Jura
158 589 293 635 dabat,
310 589 486 638 legesque
504 589 615 635 viris3
634 601 871 638 operumque
888 589 1060 627 laborem

46 651 220 689 Partibus
237 649 412 699 aequabat
426 649 557 699 justis,
576 658 640 686 aut
657 658 762 686 sorte
778 648 954 686 trahebat
973 665 980 686 :

47 715 176 758 Quum
197 711 323 748 subito
339 712 474 746 AEneas
495 722 684 745 concursu
699 708 885 745 adcedere
906 722 1043 758 magno

0 805 3 810 ,
46 773 195 810 Anthea
213 775 504 821 Sergestumque
520 769 625 805 videt
641 769 856 817 fortemque
873 769 1120 815 Cloanthum,

1206 779 1254 802 510

46 836 356 880 Teucrorumque
375 830 466 867 alios
484 845 493 866 :
512 838 593 866 ater
609 841 705 879 qnos
724 842 878 879 aequore
898 829 1014 867 turbo

46 891 280 942 Dispulerat‚
299 889 525 940 penitusque
542 889 632 926 alias
651 898 832 927 avexerat
847 902 945 927 oras.

47 1088 162 1130 Tyrios
181 1085 342 1126 principes
360 1096 444 1122 esse,
460 1085 508 1115 nil
527 1084 620 1115 dnbi-

44 1142 93 1166 tes
109 1143 183 1164 cum
196 1133 498 1162 Burmann-501.
516 1133 623 1173 Ingre-

47 1181 200 1220 die-nsque
207 1189 256 1219 ap.
266 1178 409 1209 Macrob.
420 1179 536 1218 scripta
545 1189 623 1208 non-

47 1227 155 1263 nulla3
169 1225 223 1255 sed
238 1236 269 1255 v.
285 1225 394 1254 Heius.
406 1225 624 1266 gradiensque

46 1273 109 1303 dea
125 1283 165 1302 ex
179 1271 304 1311 scriptis
320 1270 458 1311 Giphan.
473 1271 545 1301 Iud.
560 1273 622 1300 Lu-

45 1326 121 1350 cret.
153 1325 185 1348 et
212 1320 305 1349 Rom.
324 1327 398 1346 cum
419 1317 459 1348 al.
484 1328 533 1358 ap.
554 1318 622 1347 Pie-

45 1366 141 1402 rium,
156 1365 192 1396 it.
211 1363 308 1394 Goth.
326 1363 378 1393 alt.
392 1363 452 1394 Sed
464 1365 565 1402 major
574 1364 622 1393 vis

44 1413 80 1441 in
94 1411 190 1448 deas,
206 1416 238 1440 et
256 1409 424 1449 absorptus
440 1410 552 1439 sibilus
573 1420 620 1439 se-

45 1464 161 1498 quente
170 1456 399 1491 litera.—5o4.
411 1455 532 1486 Urbem
549 1466 622 1486 con-

45 1503 181 1534 dendam
205 1502 355 1543 praeclare
377 1513 454 1542 opus
476 1513 621 1544 regnum-

45 1561 106 1591 que
121 1549 268 1591 ficturum
285 1548 430 1589 appellat.

95 1597 177 1633 505,
209 1595 286 1626 506.
319 1595 432 1625 Media
464 1595 620 1625 testudine

46 1643 177 1682 templi,
206 1641 239 1672 h.
272 1652 300 1672 e.
338 1641 442 1672 medio
477 1643 596 1683 templo
610 1665 619 1679 ‚

44 1689 145 1719 latino
161 1698 223 1718 usu
233 1710 242 1724 ,
264 1694 418 1728 quatenus
440 1690 523 1718 intra
539 1689 621 1719 fores

46 1735 250 1770 consederat3
279 1744 353 1763 cum
379 1735 485 1764 omm‘a
512 1735 620 1765 dican-

46 1788 100 1811 tur
122 1781 230 1811 media
261 1790 332 1820 quae
354 1788 428 1810 sunt
446 1787 518 1821 post
533 1783 622 1821 prin-

47 1828 146 1868 cipia;
169 1827 311 1867 adeoque
338 1837 405 1856 non
437 1827 498 1856 sibi
530 1838 623 1867 repu-

46 1881 145 1915 gnant
169 1884 177 1904 z
205 1874 238 1903 in
257 1872 383 1914 finibus
406 1880 437 1902 et
455 1872 486 1902 in
515 1873 623 1903 media

46 1920 203 1950 testudine
232 1919 353 1959 templi.
382 1921 479 1960 Septa
505 1919 603 1949 armis
614 1942 622 1957 ‚

48 1968 174 1996 armatis
184 1989 192 2004 ‚
216 1966 403 1996 satellitibus
418 1976 425 1996 :
440 1966 525 2006 quod
553 1966 624 1996 vul-

47 2023 119 2055 gare
134 2020 181 2043 est
196 2014 321 2043 monitu
335 2024 343 2050 ;
371 2019 407 2042 ut
426 2020 457 2042 et
470 2012 531 2043 hoc
543 2035 551 2049 ‚
567 2012 622 2053 ju-

48 2070 86 2089 ra
99 2059 247 2101 legesque
260 2059 339 2088 dare
354 2058 435 2088 nihil
451 2070 516 2089 esse
535 2058 622 2088 aliud

47 2115 144 2146 quam
157 2105 212 2147 jus
233 2105 350 2135 dicere.
374 2107 413 2134 In
436 2106 560 2146 templis
574 2116 621 2135 se-

48 2158 160 2181 natum
179 2153 267 2193 cogi,
290 2151 330 2182 ad
346 2151 429 2182 sores
450 2152 621 2182 tribunalia

47 2199 146 2238 poni,
170 2205 266 2229 notus
290 2201 509 2229 Romanorum
533 2209 621 2237 mos,

51 2243 89 2274 ad
108 2255 203 2286 quem
223 2251 317 2286 poeta
329 2244 392 2277 ho'c
405 2244 547 2278 refinxit.
569 2247 622 2276 So-

676 1085 720 1115 lio
742 1085 808 1114 alte
824 1083 961 1114 subnixa
982 1083 1109 1120 resedit,
1130 1090 1250 1114 ornate.

676 1133 773 1162 Erant
787 1138 892 1160 autem
905 1131 1013 1161 throni
1027 1130 1152 1166 excelsi,
1168 1129 1253 1160 ideo·

677 1189 739 1218 que
755 1177 890 1218 pedibus
904 1177 1044 1215 subjecta
1059 1175 1254 1206 scabella.—

679 1225 756 1254 506.
773 1225 914 1264 Soeptam
927 1223 1036 1264 fragm.
1053 1223 1157 1252 Vatic.
1174 1223 1255 1253 Alco

676 1271 809 1301 Mentel.
831 1281 879 1311 pr.
897 1276 928 1299 et
943 1271 1060 1299 Moret.
1077 1280 1138 1299 sec.
1152 1275 1189 1298 ut
1203 1280 1255 1299 ve-

676 1324 757 1347 teres
778 1316 930 1346 nonnulli
949 1326 998 1356 ap.
1021 1316 1170 1346 Pieriam.
1194 1315 1255 1345 Sed

675 1364 743 1392 alte
763 1362 902 1392 subnioea
920 1362 1125 1402 exquisitius,
1149 1360 1188 1390 ad
1204 1372 1256 1391 or-

676 1409 819 1439 nandum
835 1407 869 1438 τὸ
888 1408 1013 1439 resedit.
1033 1409 1144 1449 Cogita
1166 1407 1255 1438 sedes

676 1456 807 1485 dearum
821 1462 852 1485 et
864 1454 1080 1485 heminarum.
1097 1455 1148 1484 Sic
1162 1455 1255 1485 Hele-

674 1513 717 1531 na
730 1501 844 1542 Odyss.
863 1497 902 1538 ὃ,
926 1501 989 1531 136
1010 1499 1092 1535 ἕζετο
1108 1496 1138 1529 δ’
1149 1499 1177 1530 ἐν
1192 1504 1254 1532 κλι-

675 1551 756 1591 σμῷ,
773 1547 834 1578 ὑπὸ
849 1544 884 1577 δὲ
899 1548 1005 1592 θρῆνυς
1017 1544 1106 1578 ποσὶν
1119 1543 1184 1582 ἦεν.
1197 1550 1255 1579 Re-

674 1595 752 1625 sidit
764 1595 802 1626 al.
821 1595 912 1626 male.

724 1643 786 1680 507
801 1664 810 1679 ,
836 1642 913 1673 508.
930 1645 1021 1683 Opus
1036 1640 1256 1673 aedificationis

668 1688 874 1729 partiebatur
892 1690 976 1719 inter
1000 1690 1084 1719 cives
1106 1699 1180 1718 suos
1204 1689 1255 1718 vel

676 1735 715 1764 de
738 1737 894 1765 sententia
909 1735 961 1765 vel
977 1743 1071 1766 sorte.
1089 1737 1179 1764 Sorte
1195 1742 1256 1764 cra-

676 1780 772 1810 hebac
805 1792 881 1821 opus
913 1781 1037 1811 doctina
1070 1791 1168 1821 quam
1197 1787 1256 1810 tra-

676 1826 752 1857 here
778 1834 914 1863 sortem,
949 1827 1084 1863 ducere,
1116 1826 1155 1856 ad
1183 1828 1255 1857 assi-

677 1873 841 1914 gnandum
851 1884 950 1914 opus3
967 1881 1051 1903 sorte
1065 1873 1162 1903 ducta
1175 1883 1256 1914 opus

677 1921 844 1961 assignare.
871 1921 954 1949 Mox
976 1931 1023 1950 vs.
1041 1921 1106 1960 509
1126 1930 1255 1950 concur-

678 1977 729 1995 sus
747 1973 802 1995 aut
823 1977 893 1996 cum
920 1966 1064 2006 plurium
1087 1977 1254 1997 concursa-

678 2014 765 2043 tione
777 2035 785 2049 ‚
809 2019 863 2042 aut
876 2019 922 2042 est
936 2013 1040 2054 simpl.
1059 2024 1170 2043 cursus
1181 2035 1190 2050 ,
1208 2023 1253 2042 at>

679 2069 800 2089 cursus.
814 2077 860 2081 ——
876 2060 952 2090 510.
969 2062 1045 2100 Sup.
1065 2070 1130 2090 220
1142 2070 1188 2101 sq.
1205 2060 1253 2089 in-

677 2112 725 2135 ter
753 2106 881 2137 amissos
909 2108 1084 2138 memorati.
1107 2125 1154 2130 —-
1175 2107 1253 2137 512.

677 2155 860 2189 Avexerat‚
887 2164 954 2183 non
977 2153 1171 2193 advexerat,
1191 2164 1253 2184 me-

676 2199 770 2230 liores
795 2210 844 2240 ap.
874 2201 956 2232 Pier.
983 2207 1014 2230 et
1039 2202 1149 2232 Heins.
1181 2211 1255 2231 cum

677 2245 760 2278 binis
780 2246 878 2279 Goth.
895 2249 936 2279 In
960 2247 1079 2280 Medic.
1106 2248 1130 2279 d
1151 2249 1255 2290 appic-
