1433 2460
596 82 717 112 LIBER
743 83 769 110 1.
1238 83 1254 110 8
1267 92 1275 110 1

80 141 145 177 Sin
161 140 332 178 absumta
348 141 466 187 salus,
483 151 520 177 et
539 150 594 186 te,
611 149 718 191 pater
738 141 880 190 optime
896 143 1083 178 Teucrum
1096 170 1104 186 ‚
1230 150 1279 173 555

78 203 216 238 Pontus
233 201 349 238 habet
365 192 515 252 Libyae,
529 215 599 239 nec
618 215 703 252 spes
716 200 795 252 jam
812 210 927 238 restat
946 201 1020 238 Iuli
1038 217 1045 238 ε

78 264 127 297 At
142 261 237 298 freta
257 262 415 299 Sicaniae
434 262 585 308 saltem,
601 262 785 311 sedesque
808 252 978 311 paratas,

78 319 187 356 Unde
207 321 282 359 huc
300 322 466 369 advecti,
484 335 688 373 regemque
710 331 883 372 petamus
902 326 1073 359 Acesten.
1092 339 1106 353 »

127 381 281 420 Talibus
298 383 475 422 Ilioneus.
491 384 627 422 Cuncti
645 383 755 421 simul
776 395 843 420 ore
859 382 1070 420 fremebant

76 443 316 480 Dardanidae.

1230 450 1278 475 560

73 503 170 538 Tum
186 501 355 540 breviter
372 503 493 549 Dido,
514 504 659 540 voltum
678 503 858 547 demissa,
878 502 1052 551 profatur
1071 515 1079 536 :

75 579 88 593 «
111 562 255 599 Solvite
269 563 383 600 corde
402 573 563 609 metum,
579 563 736 609 Teucri;
757 562 939 599 secludite
956 575 1077 599 curas.

73 625 147 660 Res
167 623 281 670 dura,
297 634 334 661 et
351 625 456 674 regni
473 625 620 661 novitas
639 637 698 660 me
717 623 805 660 talia
822 631 964 672 cogunt

74 683 221 729 Moliri,
239 693 276 721 et
294 684 366 721 late
386 684 470 721 finis
491 684 648 721 custode
668 683 778 719 tueri.

74 743 168 788 Quis
188 756 304 792 genus
323 743 554 790 AEneadum,
573 743 658 793 quis
673 742 796 792 Trojae
813 741 956 778 nesciat
976 740 1131 786 urbem,
1229 750 1277 774 565

71 924 105 943 so
115 935 123 950 ,
137 924 178 943 ex
192 914 380 944 Graecorum
395 926 482 945 more
493 938 501 952 ‚
523 915 623 945 verbo
634 938 642 953 ‚

70 970 86 988 a
104 970 170 1000 quo
192 968 227 990 uc
250 971 324 991 cum
344 961 550 1000 subjunctivo
565 973 644 1003 pen-

69 1005 140 1036 deat
157 1017 164 1037 :
183 1008 378 1045 curabimus,
388 1007 580 1045 efficiemus,
595 1015 642 1039 ut.

69 1054 148 1084 Nam
158 1055 185 1084 si
200 1055 402 1085 continuares
419 1064 428 1086 ε
448 1062 561 1095 aptare
583 1062 642 1084 tra-

69 1099 121 1129 bes
144 1107 176 1129 ec
195 1100 349 1143 stringere
373 1112 494 1139 remos,
511 1111 549 1131 eo
565 1112 641 1131 con-

67 1146 139 1176 silio
150 1169 158 1182 ,
179 1154 214 1176 ut
230 1149 256 1176 I.
271 1158 308 1187 p.
320 1170 328 1185 ,
346 1150 527 1188 prosaicum
544 1147 578 1177 id
594 1147 642 1177 fo-

68 1198 138 1222 ret:
155 1193 299 1223 similiter
321 1205 352 1224 v.
374 1195 437 1232 557
452 1218 460 1232 ‚
482 1194 567 1231 558,
588 1194 643 1224 sed

67 1239 134 1268 sine
150 1246 185 1268 uc
198 1250 209 1268 .·
223 1239 311 1280 quod
324 1242 526 1270 communius
540 1247 595 1270 est.

116 1285 201 1322 555,
222 1287 298 1316 556.
329 1286 387 1316 Sin
412 1287 557 1316 absumta
587 1296 640 1315 sa-

67 1330 133 1367 lus,
166 1330 308 1373 adeoque
340 1333 428 1362 nulla
458 1339 505 1362 est
534 1333 617 1362 salus
631 1356 639 1369 ‚

66 1377 155 1407 nulla
169 1378 278 1408 salutis
292 1389 362 1419 spes
374 1389 383 1415 ;
403 1380 453 1408 siu
468 1380 621 1419 periimus
631 1401 639 1416 ‚

65 1424 91 1453 si
118 1424 248 1464 quidem
270 1426 298 1454 is
313 1425 426 1465 periit,
450 1426 485 1455 iu
507 1435 572 1465 quo
593 1436 642 1455 res

65 1477 182 1500 nostrae
196 1472 307 1512 positae
320 1478 414 1508 sunt,
428 1482 493 1501 una
507 1482 580 1501 cum
587 1473 640 1501 Iu-

65 1515 114 1553 lo;
134 1527 205 1557 spes
229 1517 295 1547 Iuli
317 1517 399 1548 hene
416 1528 476 1559 pro
495 1518 578 1548 Iulo.
595 1535 642 1541 —-

68 1563 145 1601 557.
170 1564 307 1594 Siciliam
329 1565 447 1594 iterum
468 1571 575 1605 petere
602 1565 641 1595 li-

67 1616 143 1640 ceat.

115 1656 192 1695 559.
218 1657 372 1687 Fremitus
392 1658 426 1688 h.
450 1658 473 1688 l.
499 1668 534 1687 ae
552 1668 639 1687 mur-

67 1712 139 1730 mur
161 1701 330 1733 adsensum
351 1705 518 1734 commotis
534 1704 640 1734 homi-

66 1758 145 1777 num
172 1749 284 1778 animis
306 1750 438 1780 indicat.
458 1751 639 1790 Simplicius

67 1795 274 1824 Homericum
288 1805 296 1826 ε
312 1789 379 1826 ἔνθ’
396 1794 484 1826 ἄλλοι
494 1795 548 1838 μὲν
562 1795 641 1827 ποίν-

66 1851 114 1875 τες
129 1839 350 1883 {niuniu-mm
367 1833 491 1882 Ᾰχσιιοί.

114 1889 190 1919 561.
213 1889 308 1918 Vultu
328 1889 406 1918 alter
426 1889 558 1919 Mentel.
585 1889 643 1918 Di-

67 1934 163 1964 missa
188 1942 250 1964 tres
278 1936 387 1965 Burm.
408 1953 454 1958 —-—
473 1936 569 1964 Vultu
591 1936 644 1965 de-

66 1981 159 2016 misso
172 1989 203 2011 et
217 1982 350 2011 breviter
364 1982 450 2011 satur
466 1982 561 2012 Dido.
579 1982 643 2012 Ad-

65 2027 104 2057 de
117 2027 186 2058 haec
202 2028 241 2058 ad
259 2029 324 2069 496
346 2039 415 2068 sqq.
439 2036 470 2059 et
487 2029 620 2059 observa
632 2053 640 2066 ‚

65 2084 128 2114 qna
144 2082 208 2105 arte
226 2083 319 2117 poeta
335 2075 582 2116 descriptionem
598 2076 641 2105 fa-

65 2122 141 2156 ciat,
173 2128 204 2151 et
232 2122 304 2152 vide
329 2122 407 2163 quid
428 2122 532 2152 adhuc
561 2122 642 2152 desit

65 2174 100 2196 ut
134 2168 293 2199 Didonem
323 2170 419 2199 unice
448 2168 556 2199 studio
583 2176 641 2199 tuo

66 2214 194 2255 dignam
208 2215 333 2247 habeas.
348 2218 368 2247 J
371 2227 419 2246 am
441 2217 475 2246 in
490 2217 558 2256 ipsa
574 2226 641 2246 ora-

698 916 784 945 tione
796 914 902 955 pudor
922 924 997 944 cum
1015 913 1168 954 dignitate
1179 936 1187 951 ,
1203 924 1278 955 pru-

698 961 806 991 dentia
832 972 906 991 cum
930 971 1054 990 summa
1077 960 1275 991 humanitate

699 1009 834 1038 maxime
853 1008 1048 1037 elucescunt.

747 1055 824 1085 562.
842 1053 958 1084 Solvite
981 1053 1080 1083 corda
1097 1061 1182 1083 metu
1203 1055 1275 1084 Par-

695 1101 778 1131 rlias.
807 1102 889 1131 forte
913 1111 986 1130 cum
1010 1100 1088 1130 aliis.
1106 1111 1138 1130 v·
1160 1101 1270 1130 Burm.

695 1147 787 1188 quod
799 1147 959 1188 vulgarius
978 1153 1068 1176 esset.
1090 1146 1192 1176 Corde
1210 1157 1273 1176 me·

697 1202 730 1224 tu
747 1205 802 1224 uu.
819 1195 936 1223 Moret.
954 1192 1070 1222 Pellite
1089 1193 1184 1222 corde
1204 1203 1270 1222 me-

697 1248 762 1270 cum
776 1241 878 1281 Bigot.
891 1238 952 1270 Sed
961 1239 1079 1268 solvere
1088 1246 1206 1268 melum
1221 1249 1273 1268 ex-

696 1287 882 1327 quisite3ut
897 1296 968 1325 sup.
988 1285 1052 1320 463
1077 1295 1101 1315 s,
1123 1295 1150 1315 c.
1175 1291 1275 1314 metus

695 1332 813 1373 plurali
827 1342 963 1361 numero
972 1353 980 1367 ,
997 1332 1121 1370 antiqui
1132 1330 1277 1371 plerique

696 1378 790 1408 codd.
801 1385 880 1408 teste
890 1378 993 1408 Pierio
1005 1389 1013 1414 ;
1025 1377 1124 1406 ethoc
1136 1376 1273 1408 doctius.

697 1424 844 1454 seducite
863 1434 954 1453 curas
983 1425 1087 1464 Bigot.
1111 1441 1159 1448 -——-
1186 1423 1272 1461 562,

698 1472 776 1502 563.
809 1470 969 1500 Seclndice
995 1480 1090 1500 curas
1105 1481 1117 1498 :
1133 1471 1275 1510 exquisi-

695 1519 758 1548 tius
769 1528 863 1558 quam
876 1517 1046 1547 excludere
1058 1539 1066 1555 ,
1078 1517 1192 1556 ejicere
1200 1539 1209 1554 ‚
1220 1516 1274 1547 de-

694 1575 833 1605 ponere,
865 1564 1117 1594 sollicitudinem
1146 1574 1183 1593 ac
1210 1574 1277 1593 me-

695 1618 775 1641 tum.
799 1611 840 1641 cf.
866 1613 954 1641 Serv.
979 1612 1041 1640 Res
1069 1610 1171 1647 dura,
1187 1610 1275 1651 quod

693 1658 791 1699 vulgo
806 1668 855 1687 res
868 1657 972 1694 durae,
988 1657 1067 1687 dura
1081 1668 1189 1687 rerum
1200 1667 1276 1686 con-

694 1703 792 1741 ditio,
810 1715 881 1744 quae
903 1705 988 1745 cogit
1008 1703 1129 1744 aliquid
1150 1703 1202 1733 vel
1223 1704 1273 1732 in-

693 1751 777 1780 vitos
796 1751 898 1780 facere
922 1749 1088 1791 (moliri).
1117 1751 1200 1779 Mox
1221 1759 1274 1778 cu-

693 1804 756 1826 stos
769 1807 828 1837 pro
847 1798 924 1826 viris
937 1798 971 1826 in
991 1795 1138 1825 custodia
1156 1794 1273 1825 finium

695 1849 726 1871 et
746 1842 893 1882 praesidio
915 1843 1094 1872 locatis.-
1106 1842 1183 1872 563.
1202 1842 1272 1872 Ma-

694 1889 732 1918 lit
745 1891 945 1919 Burmannus
958 1899 1033 1918 cum
1048 1888 1119 1918 edd.
1137 1888 1273 1929 quibus-

696 1935 767 1966 dam
784 1937 922 1976 antiquis
936 1935 1129 1975 distinguere
1145 1941 1177 1964 et
1190 1934 1272 1976 lege-

696 1993 729 2012 re
742 1992 749 2012 :
764 1984 825 2012 Res
840 1983 921 2012 dura
935 1993 945 2011 .·
958 1989 995 2011 at
1007 1981 1110 2024 regni,
1123 1981 1157 2012 h.
1170 1992 1198 2012 e.
1213 1981 1272 2011 du-

696 2039 767 2058 rum
783 2029 914 2069 quidem
935 2036 981 2058 est
992 2051 1000 2065 ‚
1020 2027 1137 2066 fateor3
1151 2027 1207 2058 sed
1221 2039 1272 2058 me

695 2076 820 2105 novitas
850 2077 945 2117 cogit.
977 2075 1148 2105 Enimvero
1160 2097 1168 2112 ‚
1197 2075 1273 2104 ferri

695 2122 824 2161 quidem
841 2129 944 2163 potest
955 2145 963 2159 ‚
981 2122 1096 2160 fate0r3
1119 2121 1176 2151 sed
1195 2121 1273 2152 doc-

695 2170 757 2197 tior
773 2176 819 2199 est
841 2169 965 2211 vulgata
987 2169 1092 2199 lectio.
1115 2170 1175 2198 Bes
1198 2168 1271 2198 dira

696 2215 795 2246 Goth.
824 2226 883 2246 sec.
