1402 2460
527 66 649 98 LIBER
673 66 731 95 lv.

1174 66 1237 94 313

41 122 252 161 Velleribus
271 123 391 160 niveis
411 132 447 160 et
467 123 562 160 festa
582 122 715 159 fronde
735 121 957 159 revinctum.

40 183 138 219 Hinc
155 183 328 220 exaudiri
346 194 458 220 voces
478 191 515 220 et
532 182 651 219 verba
670 182 839 219 vocantis
1195 191 1243 220 460

41 242 131 279 Visa
151 243 243 288 viri,
264 255 340 280 nox
357 256 473 292 quum
493 252 613 280 terras
632 242 795 280 obscura
813 251 973 288 tene1·et;

43 302 207 351 Solaque
226 302 455 339 culminibus
477 303 584 339 ferali
604 303 770 339 carmine
790 301 896 339 bubo

43 364 152 413 Saepe
172 362 300 412 queri,
320 370 357 398 et
376 363 505 412 longas
523 363 561 398 in
579 363 709 399 fletum
729 362 868 399 ducere
886 376 1009 400 voces.

43 423 241 472 Multaque
259 431 445 473 praeterea
465 431 595 460 vatum
616 423 798 473 praedicta
813 424 964 474 piorum

43 483 221 520 Terribili
241 484 389 520 monitu
406 483 638 521 horrificant.
659 484 748 535 Agit
768 485 850 535 ipse
870 485 1058 522 furentem
1200 494 1248 522 465

43 546 87 580 In
105 544 245 581 somnis
264 544 366 580 ferus
385 546 542 592 AEneas,
557 557 782 594 semperque
800 545 963 595 relinqui

45 603 134 640 Sola
151 602 243 650 sibi,
263 617 412 653 semper
427 604 577 654 longam
598 605 818 642 incomitata
833 605 989 642 videtur

44 665 106 699 Ire
122 662 222 699 viam
234 691 243 708 ‚
262 672 299 700 et
314 663 450 712 Tyrios
469 663 617 700 deserta
637 677 808 713 quaerere
828 672 941 701 terra.

44 723 298 760 Eumenidum
316 724 434 760 veluti
455 725 608 762 demens
625 725 729 761 videt
749 726 899 775 agmina
917 724 1123 770 Pentheus,

46 890 154 919 Burm.
183 887 221 918 ad
236 887 332 918 Ovid.
350 889 380 917 II
398 889 474 918 Am.
495 887 534 917 15
547 909 555 924 ,
576 893 626 922 14.

46 951 93 957 —-
111 933 267 975 Antiqui,
293 934 420 974 prioris.
436 945 468 964 V.
492 935 580 964 Serv.
596 939 629 963 et

46 982 157 1011 Burin.
177 980 354 1010 Velleribus
370 979 486 1016 niveis,
517 979 628 1010 infulis

48 1037 83 1056 ac
111 1027 198 1057 vittis
224 1026 341 1062 laneis,
376 1037 448 1067 quae
474 1027 568 1056 etiam
592 1027 627 1055 in

47 1073 266 1104 monumentis
308 1074 423 1113 passim
469 1083 627 1102 marmore

49 1120 213 1160 exsculpta
231 1126 409 1149 occurrunt
435 1118 534 1160 (vide
558 1121 629 1149 Pas-

50 1176 111 1196 ser.
149 1165 336 1205 Paralipom.
373 1166 516 1205 Dempst.
556 1175 627 1206 pag.

55 1212 118 1242 126
135 1211 158 1252 ),
184 1211 329 1247 Fronde,
361 1213 461 1241 sertis.
488 1211 630 1241 Illustrat

52 1258 165 1288 Cerda.

99 1304 176 1341 460.
203 1303 347 1333 Gemitus
369 1311 401 1333 et
421 1303 523 1332 ‘verba
538 1305 626 1334 Serv.

51 1351 90 1381 ad
108 1352 173 1381 XII
196 1352 268 1380 AEn.
289 1349 354 1379 638
372 1372 380 1387 ‚
406 1348 461 1378 sed
482 1360 581 1379 voces
599 1357 631 1378 et

50 1396 152 1428 verba
168 1406 245 1426 usus
261 1396 333 1426 fert.
346 1413 392 1418 —-
410 1396 474 1431 462
487 1418 496 1433 ,
519 1396 549 1425 3.
567 1394 629 1425 Pli-

51 1444 124 1473 nius
137 1445 168 1474 X
178 1465 186 1480 ‚
202 1452 254 1480 12,
268 1453 292 1473 s.
312 1442 362 1472 16.
376 1441 626 1483 Bubofimebris,

52 1497 84 1519 et
99 1489 244 1519 maxime
256 1488 479 1523 abominatus,
493 1487 631 1528 publicis

0 1540 1 1578 ᾗ
46 1535 211 1576 praecipue
235 1534 402 1575 auspiciis,
429 1534 556 1564 deserta
583 1533 630 1563 in-

0 1585 2 1604 *
53 1582 129 1612 colit
138 1594 151 1618 ,·
169 1592 227 1611 uec
242 1589 365 1611 tantum
381 1580 548 1616 desolata,
575 1580 634 1610 sed

53 1629 125 1659 dira
149 1628 247 1658 etiam
272 1626 510 1663 et'inaccessa;
531 1626 631 1655 sanctis

54 1682 228 1705 monstrum
238 1686 251 1710 ,·
268 1685 326 1704 nec
342 1681 440 1703 cantu
453 1672 564 1713 aliquo
573 1683 632 1702 vo-

55 1720 153 1756 calis,
167 1720 226 1750 sed
243 1719 377 1761 gemitu.
403 1721 453 1749 Ex
477 1709 542 1749 iioc
560 1719 633 1749 loco

54 1768 176 1797 illustra
198 1773 337 1807 poetam.
367 1765 456 1795 Bubo
486 1765 557 1795 sola
588 1775 631 1795 sc.

55 1814 120 1843 avis
129 1835 137 1850 ‚
155 1819 193 1842 ut
205 1812 342 1843 Servius.

105 1859 181 1895 464.
196 1857 326 1888 Piorum
338 1868 354 1887 e
367 1856 485 1888 Medic.
502 1857 632 1897 aliisque

56 1906 121 1935 suis
144 1911 176 1934 et
194 1905 289 1941 Pier.‚
305 1904 445 1945 praetulit
467 1904 577 1934 Heius.
602 1910 634 1933 et

56 1951 236 1992 Aproniani
259 1950 345 1980 illam
367 1950 537 1980 lectionem
569 1959 634 1979 esse

57 2003 187 2028 testatur
211 1999 367 2037 Pompon.
393 1996 463 2027 Sal).
491 1996 634 2026 Alteram

59 2042 154 2074 codd.
169 2042 318 2072 familiam
329 2066 339 2081 ,
356 2043 410 2083 qui
423 2041 565 2083 priorum
579 2041 635 2072 ha-

60 2090 137 2120 bent
151 2111 160 2126 ‚
188 2088 275 2119 ducit
298 2089 464 2130 fragment.
489 2089 633 2119 vatican.

61 2134 217 2176 Equidem
228 2145 295 2165 non
304 2142 496 2176 perpetuum
506 2134 636 2175 aliquod

60 2189 92 2218 vet
108 2191 224 2212 ornans
243 2180 276 2212 h.
301 2181 324 2212 l.
348 2180 512 2222 epitheton
533 2182 637 2222 requi—

187 2245 236 2280 11.

681 897 785 917 rerem
797 910 807 923 ,
826 887 883 917 sed
895 886 1039 928 priorum
1053 899 1064 924 ;
1085 889 1197 918 misera
1214 900 1263 919 ret

682 935 755 975 gina
769 935 804 963 in
817 935 959 964 animum
974 934 1145 964 revocabat
1158 936 1263 975 prisca

681 981 829 1010 vaticinia
840 1003 848 1017 ‚
875 980 914 1010 de
938 991 1047 1010 rerum
1074 991 1203 1010 suarum
1230 992 1264 1011 ac

680 1028 754 1055 vitae
775 1026 912 1056 decursu
931 1027 996 1064 jam
1015 1026 1091 1056 olim
1111 1034 1238 1067 accepta
1254 1051 1263 1065 ‚

682 1082 752 1112 quae
767 1083 856 1102 nunc
878 1072 1007 1113 quidem
1024 1074 1148 1103 exitum
1170 1084 1264 1103 suum

681 1118 800 1148 hahere
815 1118 956 1149 videbat.
973 1137 1021 1142 ——
1038 1120 1115 1155 465.
1133 1121 1182 1149 De
1198 1126 1264 1149 arte

681 1171 785 1205 poetae
802 1166 837 1194 in
853 1167 978 1196 somnio
993 1166 1056 1196 hoc
1071 1176 1264 1196 commemo-

682 1211 785 1241 rando
809 1211 849 1241 cf.
873 1222 943 1252 sup.
968 1211 1008 1241 ad
1027 1224 1058 1243 v,
1081 1213 1158 1248 450.
1176 1212 1266 1242 Nihil

684 1257 723 1286 ad
739 1268 868 1286 sensum
884 1259 1014 1295 verius;
1032 1258 1136 1288 solent
1157 1259 1242 1287 enim
1256 1280 1265 1294 ‚

682 1304 708 1332 si
747 1305 836 1344 gravi
865 1313 1004 1333 aerumna
1040 1304 1079 1333 ad
1109 1305 1265 1334 insaniam

682 1359 782 1389 usque
797 1356 906 1379 aestuat
919 1351 1054 1387 animus,
1072 1350 1170 1388 objici
1181 1351 1264 1388 ejus-

682 1394 771 1424 modi
788 1397 910 1425 somnia
927 1406 934 1427 :
959 1403 997 1425 nt
1014 1406 1072 1436 per
1089 1396 1265 1426 horrendas

683 1440 871 1471 solitudines
886 1465 894 1479 ‚
923 1453 981 1482 per
1005 1442 1127 1472 deserta
1151 1443 1265 1483 palatia

684 1494 740 1517 aut
761 1497 819 1527 per
832 1489 978 1528 porticus
990 1490 1158 1519 immensas
1170 1511 1178 1526 ,
1197 1490 1266 1518 sine

683 1532 748 1563 fine
763 1544 865 1564 errare
878 1535 973 1565 nobis
986 1535 1164 1565 videamur.
1178 1537 1267 1565 Ursi-

683 1590 746 1609 nus
760 1588 922 1621 comparat
936 1582 1032 1611 Ennii
1050 1592 1161 1611 versus
1179 1580 1267 1620 apud

686 1626 787 1655 Cicer.
805 1625 844 1656 de
859 1628 933 1657 Div.
952 1629 966 1657 1
976 1651 986 1664 ,
1005 1639 1047 1657 20
1059 1627 1181 1657 Excica
1193 1637 1265 1656 cum

685 1671 827 1702 tremulis
845 1679 926 1710 etc.‚
950 1675 1006 1713 qui
1029 1675 1141 1713 utique
1165 1673 1265 1713 inspi-

688 1717 793 1747 ciendi
813 1726 886 1748 sunt
898 1741 906 1756 ,
929 1718 968 1749 de
987 1719 1083 1749 simili
1102 1719 1168 1749 Iliae
1184 1729 1267 1748 som-

687 1765 753 1794 nio.
768 1781 815 1786 -
832 1765 908 1800 468.
940 1767 1073 1795 Teucros
1098 1766 1183 1803 conj.
1211 1766 1266 1794 Jo.

687 1809 852 1841 Schrader.
870 1812 906 1840 in
929 1811 1068 1848 schedis;
1091 1810 1264 1852 ingeniose.

687 1859 767 1887 Nam
781 1865 811 1887 et
828 1857 889 1887 hoc
905 1864 1029 1898 poterat
1043 1868 1101 1899 per
1116 1867 1265 1887 somnum

687 1903 794 1941 objici.

736 1950 822 1990 469,
841 1955 918 1988 470.
941 1950 990 1980 Ex
1011 1947 1165 1989 Euripide
1186 1947 1265 1979 duc-

688 2003 757 2025 tum
774 1995 888 2025 Bacch.
906 2006 938 2026 v,
958 1996 1026 2036 916
1042 2006 1110 2036 sqq.
1126 1995 1200 2026 loco
1213 2005 1264 2024 su·
1316 2023 1321 2027 ,

688 2042 779 2071 blimi
794 2048 824 2071 et
840 2042 968 2071 terroris
986 2041 1098 2082 pleno,
1112 2041 1170 2072 ubi
1192 2051 1266 2072 con-

689 2094 804 2118 temtor
819 2088 936 2117 Bacchi
955 2088 1114 2118 Pentheus
1127 2089 1162 2118 in
1180 2097 1267 2117 vesa-

689 2136 774 2164 niam
812 2141 898 2164 actus
929 2131 983 2165 καὶ
1011 2133 1069 2177 μὴν
1103 2132 1176 2177 {posce
1214 2143 1266 2176 μοι

692 2177 746 2211 δύο
770 2179 823 2224 μὲν
845 2178 947 2217 ᾗὶίους
970 2177 1072 2224 δοκῷ,
1095 2180 1205 2215 Δισσᾶς
1229 2176 1264 2210 δὲ

1092 2256 1137 2290 27
