1433 2460
165 90 229 131 ¹298

667 88 860 117 AENEmOS

216 167 227 178 «ι
249 145 495 183 Dissimulare
513 143 624 180 ctiam
641 145 818 194 sperasti,
836 143 996 194 pcrl‘ulc,
1021 151 1164 179 lantum

1313 151 1361 176 3⁰5

164 211 275 244 Posse
297 206 421 249 nefas,
443 203 654 254 tacitusque
669 218 751 242 mea
772 205 954 242 ‹lc-cedere
978 207 1100 241 terra?

163 269 242 304 Nec
262 274 296 301 te
317 273 444 301 noster
461 277 585 310 amor,
607 279 675 302 nec
695 275 730 302 tc
749 265 834 302 (lata
852 266 1006 302 dextera
1025 264 1234 316 quondam,

164 328 243 362 Nec
262 325 446 361 moi-itura
469 333 569 361 tenet
589 325 734 361 crudeli
751 325 882 362 sunere
899 326 1021 362 Dido?

166 386 268 432 Quin
286 386 398 422 etiam
417 385 578 423 hiberno
595 385 739 422 moliris
755 385 878 422 sidere
894 385 1068 432 classem,

166 447 212 482 Et
230 445 361 482 inediis
382 459 563 497 properas
584 446 837 495 Aquilonibus
858 445 912 482 ire
933 459 1001 496 pei·
1021 445 1157 490 altum,

1318 450 1366 475 310

166 505 354 542 Crudelis!
377 506 502 552 Quid?
526 507 555 543 si
577 518 652 543 non
673 519 763 543 arva
784 506 903 543 aliena
925 507 1131 555 domosque

166 567 317 615 Ignotas
335 575 501 617 peteres,
519 577 555 605 et
572 568 686 618 Troja
706 568 860 618 antiqua
881 574 1065 611 maneret,

165 627 278 676 Troja
299 641 367 678 per
387 628 574 666 undosum
593 637 788 679 peteretur
808 628 989 666 classibus
1010 628 1156 676 sequor!

167 692 281 725 Mene
298 689 418 739 sugis?
435 693 505 726 Pei·
523 704 592 740 ego
611 690 677 727 lias
696 689 886 735 lacrimas,
905 689 1152 736 dextramque
1173 693 1293 732 tuam,
1315 692 1369 728 te,

168 749 332 795 Quando
353 751 454 787 aliud
475 750 567 786 mihi
584 751 660 800 jani
682 750 829 786 miserae
849 748 940 785 niliil
963 749 1044 796 ipsa
1065 746 1220 796 reliqui,

1321 752 1368 776 315

168 811 239 845 Pei·
258 810 451 846 connubia
472 818 617 854 nostra,
639 822 706 858 per
727 809 894 857 inceptos
916 810 1160 856 Hymcnaeos3

168 867 209 904 Si
229 867 326 905 bene
346 869 436 918 quid
459 869 505 906 de
527 879 560 905 te
581 869 721 914 merui,
744 870 812 905 suit
833 877 897 905 aut
917 867 986 904 tibi
1006 867 1214 917 quidquam

169 929 289 966 Dulce
307 942 453 977 meum,
473 930 652 967 miserere
672 930 806 967 domus
831 928 1009 974 labentis,
1030 937 1067 965 ct
1087 929 1213 975 istam,

171 992 273 1036 Oro,
294 989 324 1027 si
345 990 428 1039 quis
449 989 574 1027 adhuc
595 989 772 1040 precibus
793 990 916 1035 locus,
937 1001 1034 1025 exue
1054 990 1241 1024 mentem!

168 1051 221 1086 Te
241 1058 399 1099 propter
418 1049 571 1100 Libycae
591 1058 720 1100 gentes
740 1047 1032 1097 Nomadumque
1053 1046 1203 1097 tyranni

172 1212 239 1232 cras
259 1201 472 1239 caerimonias,
490 1209 568 1239 quas
587 1200 689 1239 parari
705 1199 749 1227 vi-

171 1249 224 1279 det
237 1255 268 1278 et
284 1248 373 1278 audit
390 1256 397 1277 :
422 1248 462 1278 cf.
482 1246 545 1276 loc.
568 1244 747 1286 Tryphiod.

173 1297 236 1333 357
257 1305 325 1335 sqq.

221 1342 298 1372 305.
314 1340 388 1370 Vid.
405 1339 443 1369 ad
462 1339 538 1379 296.
554 1338 663 1368 Potuit
676 1347 749 1377 poe-

172 1396 204 1419 ta
216 1389 250 1417 in
268 1387 328 1417 hac
343 1386 479 1417 Didonis
495 1384 750 1425 expostulatione

174 1441 245 1465 ante
262 1434 372 1464 oculos
390 1433 505 1463 habere
522 1432 649 1461 alteram
665 1430 751 1459 illam

172 1481 295 1512 Medeae
313 1480 398 1521 apud
417 1480 570 1520 Apollon.
592 1478 658 1514 IV,
685 1477 749 1505 356

171 1539 240 1569 sqq.
254 1539 261 1565 ;
287 1527 411 1557 diversa
435 1533 538 1556 tamen
569 1523 691 1555 Medeae
717 1531 747 1552 et

171 1575 307 1606 Didonis
326 1573 468 1603 conditio
483 1583 518 1602 ac
534 1573 659 1601 fortuna
670 1593 678 1607 ,
698 1570 747 1599 ni-

172 1623 198 1651 si
212 1620 300 1662 quod
323 1627 456 1659 utraque
472 1619 631 1659 pudorem
650 1615 748 1646 viola-

173 1674 272 1698 verat.
294 1666 463 1706 Comparat
488 1676 561 1695 cum
581 1665 692 1694 iisdem
711 1663 751 1692 A·

175 1713 298 1744 riadnes
306 1712 448 1753 querelas
463 1713 565 1742 Ursin.
577 1722 625 1751 ap.
636 1708 751 1740 catull.

173 1762 247 1791 LXI
256 1783 264 1796 ‚
285 1770 297 1789 1
307 1760 347 1789 33
369 1769 435 1798 sqq.
445 1758 570 1788 ——306.
583 1756 754 1787 Discedere

176 1807 270 1836 multi
299 1816 349 1846 ap.
378 1806 486 1835 Burin.
521 1811 551 1833 et
571 1804 635 1833 duo
655 1800 753 1831 Goth.

226 1855 302 1893 309.
325 1851 437 1881 Moliri
455 1850 572 1881 Medic.
593 1861 665 1879 cum
685 1847 753 1877 aliis

177 1900 287 1930 Heius.
300 1922 308 1936 ‚
331 1905 368 1928 ut
395 1899 550 1938 jungatur
577 1907 650 1926 cum
673 1904 749 1935 pro-

172 1957 293 1986 [πει-ιω,-
310 1955 377 1974 non
393 1944 483 1974 male.
494 1961 541 1966 -—
556 1943 698 1973 Hiberno
714 1940 753 1969 si-

179 1992 252 2021 dere
271 1998 306 2021 ut
331 1992 447 2032 Georg.
466 1992 499 2027 Ι,
522 2001 534 2019 1
552 2013 560 2027 ‚
587 2000 649 2031 quo
674 1987 753 2017 side-

179 2049 212 2067 re
227 2049 236 2066 :
253 2038 404 2077 quoniam
422 2037 460 2066 ad
469 2037 609 2067 siderum
623 2042 712 2066 ortus
722 2041 754 2064 et

180 2094 310 2113 occasus
327 2085 484 2124 navigatio
508 2083 622 2119 fiebat3
637 2083 754 2111 instan-

182 2137 211 2160 te
227 2136 331 2159 autem
345 2131 408 2167 jam
426 2141 460 2160 ea
477 2131 551 2160 anni
569 2136 657 2171 parte
669 2151 676 2165 ‚
691 2138 753 2168 qua

182 2183 379 2216 tempestates
395 2183 425 2205 et
450 2178 597 2218 procellae
613 2174 753 2205 crebrio-

183 2233 230 2252 res
247 2233 312 2253 esse
328 2223 446 2262 solent,
462 2224 573 2255 mediis
589 2222 754 2264 Aquiloni-

1324 1053 1371 1078 320

801 1196 882 1234 bus,
903 1195 1031 1227 classem
1058 1194 1234 1226 aedificabat
1251 1197 1373 1228 AEneas.

851 1244 889 1273 31
902 1254 913 1273 1
927 1260 973 1265 —
985 1245 1062 1274 313.
1083 1244 1185 1283 Atqui
1201 1242 1280 1279 hoc,
1297 1245 1376 1273 mari

802 1290 950 1330 procellis
983 1290 1109 1319 turbato
1143 1289 1308 1330 navigare,
1336 1300 1377 1319 ne

802 1342 871 1365 tum
895 1335 1023 1376 quidem
1045 1336 1178 1374 faceres,
1207 1335 1234 1365 si
1255 1335 1376 1366 reditus

800 1382 834 1411 in
851 1383 981 1423 pau-iam
996 1389 1126 1422 pateret.

850 1431 926 1464 314.
966 1429 1130 1469 Tuamque
1166 1427 1260 1458 multi
1291 1427 1375 1469 apud

798 1477 906 1506 Burin.
936 1474 989 1504 sed
1014 1475 1098 1505 haud
1123 1474 1220 1506 dubie
1238 1475 1376 1508 vitiose:

802 1531 832 1552 te
863 1523 1041 1562 Aproniani
1082 1523 1254 1553 lectionem
1293 1533 1377 1559 esse,

802 1574 958 1609 Pompon.
986 1568 1058 1599 Sab.
1087 1570 1223 1600 monuit.
1238 1586 1284 1593 ··—
1302 1570 1377 1600 315.

804 1615 908 1648 Aliud
926 1614 1023 1651 nihil,
1049 1616 1116 1646 scil.
1141 1615 1228 1657 quod
1254 1626 1378 1656 sperare

806 1663 845 1693 de
858 1674 907 1693 me
922 1664 1032 1702 possis.
1054 1662 1248 1703 comparant
1266 1663 1376 1704 Eurip.

805 1711 914 1740 locum
930 1707 985 1749 (in
1010 1708 1113 1750 Iphig.
1146 1709 1181 1738 in
1205 1709 1281 1739 Aul.
1311 1719 1377 1749 909

808 1756 874 1796 sq.)
891 1758 969 1786 Hec.
991 1755 1055 1785 818
1079 1766 1126 1795 sq.
1151 1761 1182 1785 et
1196 1765 1227 1785 v.
1245 1755 1310 1785 316
1329 1767 1376 1797 sq.

808 1802 898 1832 Iliad.
927 1810 962 1838 ο,
991 1803 1044 1842 39.
1075 1820 1121 1825 -
1151 1801 1229 1832 316.
1255 1801 1382 1842 Incepti
1432 1814 1433 1829 ι

809 1850 842 1878 H
835 1849 998 1888 ymenaei‚
1019 1854 1095 1878 sunt
1122 1854 1280 1884 recentes,
1299 1847 1380 1878 nihil

805 1894 893 1925 aliud
903 1918 911 1933 ‚
927 1894 1070 1934 adeoque
1083 1895 1149 1935 ipsa
1158 1894 1298 1924 novitate
1313 1894 1382 1925 dul·
1432 1922 1433 1931 ,

807 1952 858 1972 ces
869 1965 877 1979 ,
894 1949 932 1972 ut
947 1942 1180 1979 Serva—317.
1200 1940 1269 1970 Aut
1282 1940 1311 1969 si
1325 1941 1381 1971 tibi
1431 1945 1433 1957 ⁴

796 1987 869 2030 ficit
893 1987 1065 2029 quicquam
1088 1987 1181 2017 dulce
1200 1997 1216 2016 a
1240 1997 1290 2016 me
1306 1997 1379 2028 pro-

806 2034 924 2065 sectum
935 2057 943 2071 ‚
958 2046 998 2065 CX
1008 2045 1058 2064 Ine
1068 2032 1254 2074 ‚qllicqllaln
1263 2044 1379 2064 meum.
1431 2050 1433 2062 l

806 2082 922 2111 Similis
934 2081 1025 2111 locus
1041 2080 1169 2111 Pindari
1185 2080 1236 2111 01.
1251 2083 1284 2119 Ι,
1304 2091 1341 2111 12
1351 2091 1377 2112 1.

809 2125 876 2157 εἴτι
894 2126 922 2162 ἐς
941 2126 1031 2170 χάριν
1049 2125 1202 2157 τέλλεται.

856 2175 933 2204 320.
966 2174 1092 2213 Libyca:
1115 2180 1247 2215 gentes,
1274 2174 1309 2204 in
1330 2172 1380 2204 his

808 2221 936 2258 Iarbas,
962 2220 1174 2253 Numidarum
1198 2227 1354 2260 tyrannus
1370 2232 1381 2250 .-
