1433 2460
122 149 179 177 tol·

619 138 812 169 AENEIDOS

116 204 202 238 Post
219 199 279 236 alii
299 208 487 248 proceres.
512 196 667 234 Cithara
687 197 844 234 crinitus
862 198 972 247 Iopas.
1267 208 1316 237 740

116 264 293 297 Personat
315 265 466 303 aurata,
486 256 617 294 docuit
632 270 716 306 quae
734 270 933 294 maxumus
949 255 1063 294 Atlas.

116 321 186 358 llic
203 321 298 356 canit
319 326 507 355 errantem
526 318 673 366 lunam,
691 318 855 368 solisque
874 317 1040 363 labores;

116 380 225 417 Und«¹
243 378 438 414 hominum
456 390 590 426 genus,
608 387 644 414 et
661 377 844 428 pecudes3
863 377 963 415 unde
982 376 1104 414 imber
1115 384 1152 412 et
1168 376 1286 426 ignes3

119 445 338 484 Arcturum,
357 437 581 488 pluviasque
598 438 770 486 Hyadas,
786 437 1030 488 geminosque
1047 435 1223 482 Trioncs;

112 603 183 644 gui,
207 603 246 633 de
271 604 384 640 cbriis;
402 613 475 643 qua}
500 603 607 632 onmia
631 612 689 632 no-

115 651 194 679 tiora
226 657 310 680 sunt.
345 652 546 680 Burmannus
577 649 688 687 docte,

115 706 180 725 non
223 697 396 737 eleganter,
433 696 500 725 hirc
542 696 687 726 illustrat.

115 742 218 772 Multa
229 744 374 783 prolutus
387 753 501 783 'vappa
515 743 608 772 etiam
624 744 690 772 Ho-

114 794 170 819 rat.
189 790 203 818 1
221 791 318 820 Serm.
337 790 374 826 5,
394 790 445 819 16.

163 841 239 873 740.
258 837 308 866 Ad
323 836 454 866 Homeri
468 835 687 872 imitationem,

114 882 259 921 inprimis
284 882 399 923 Odyffi.
425 883 457 915 0,
485 883 528 912 62
554 893 600 922 sq.
628 884 689 911 lle-

115 928 207 957 roicis
230 928 425 969 temporibus
446 939 568 969 semper
585 926 690 962 ἀοιὸος

115 974 271 1003 conviviis
286 998 294 1011 ‚
318 985 388 1014 quse
413 975 477 1004 fere
495 985 567 1004 cum
590 985 623 1004 re
643 975 689 1004 di-

116 1022 188 1050 vina
205 1027 293 1051 erant
309 1023 477 1059 conjuncta
488 1044 496 1058 ,
511 1021 629 1051 aderat.
647 1021 687 1051 cs.

116 1068 251 1107 Quintil.
272 1069 303 1104 I,
326 1078 376 1103 ιο,
398 1078 436 1097 10
454 1067 562 1108 (quem
583 1068 689 1097 locum

115 1114 182 1143 sine
201 1120 328 1143 auctore
346 1114 437 1142 affert
459 1113 688 1155 Pomponius).

118 1159 257 1189 Crinitus
270 1171 281 1188 .·
295 1162 429 1200 propriu
439 1161 480 1189 sis
497 1160 689 1190 eitharoedo-

115 1216 185 1234 rum
198 1206 340 1243 habitus.
354 1217 475 1236 comam
492 1207 592 1242 alere;
608 1206 689 1235 forte

116 1252 275 1292 Apollinis
306 1253 462 1293 exemplo.
498 1252 689 1283 Traduxjsse

115 1306 220 1328 tamen
235 1309 275 1328 ex
293 1299 356 1328 suis
371 1298 568 1338 temporibus
585 1298 621 1327 ad
640 1309 689 1329 ve-

114 1352 179 1375 tera
194 1345 321 1375 videtur
340 1345 500 1386 Virgilius.
516 1347 685 1382 Personat,

112 1392 197 1421 canit
216 1391 333 1421 cithara
357 1402 391 1422 ea
417 1402 489 1432 quae
505 1390 628 1429 docuit,
643 1403 687 1422 ce-

113 1438 231 1467 cinerat
255 1439 362 1478 prior,
388 1438 494 1468 Atlas.
521 1439 570 1469 Sic
586 1439 686 1479 poetis

113 1495 244 1520 sonare,
283 1492 313 1514 et
344 1484 472 1521 docere,
513 1481 684 1515 διδάσκειν.

114 1531 263 1561 Praeclare
282 1538 313 1560 et
327 1530 389 1561 hoc
403 1531 442 1561 ad
458 1531 589 1561 illorum
609 1538 686 1561 tem-

111 1587 245 1617 porum,
273 1578 391 1618 quibus
423 1580 527 1608 omnis
550 1577 688 1618 philoso-

111 1623 185 1663 phia
196 1631 317 1654 naturae
326 1624 539 1664 qualicunque
551 1631 688 1654 contem-

111 1670 251 1710 platione
268 1670 510 1708 continebatur,
533 1671 684 1708 rationes,

111 1717 200 1756 quod
223 1719 370 1747 carminis
401 1723 622 1758 argumentum
646 1727 687 1753 ex

112 1765 311 1805 cosmogonia
335 1771 367 1793 et
389 1775 429 1794 ex
445 1764 584 1805 physicis
606 1765 686 1804 peti-

113 1816 179 1839 tum
197 1817 253 1841 est.
276 1810 373 1851 Quod
397 1816 501 1839 autem
526 1809 688 1839 Atlantem

111 1864 220 1886 cantus
238 1857 422 1898 magistrum
440 1856 530 1894 facit,
549 1856 687 1886 fabulam

112 1902 242 1941 alicujus
271 1910 373 1944 poetae
407 1904 512 1933 Graeci
547 1903 686 1943 exquisi-

112 1949 225 1979 tiorem
241 1950 381 1988 redolet,
404 1950 505 1979 veluti
518 1949 605 1989 quod
629 1951 684 1979 Ec-

114 1995 224 2035 logNI
242 1997 366 2027 Silenus
384 1996 517 2037 physica
539 1995 684 2026 docebat.

114 2041 235 2071 Atlanti
266 2043 363 2083 vulgo
397 2043 515 2072 tributa
547 2043 686 2072 siderum

113 2088 225 2117 notitia
246 2099 279 2118 ac
302 2090 431 2129 sphaerae
448 2091 624 2120 inventum.
644 2089 684 2120 cf.

117 2135 223 2174 Intpp.
241 2135 335 2165 ovid.
358 2137 403 2165 IV
419 2138 497 2166 Met.
514 2136 578 2165 631
604 2142 661 2166 etc.
677 2145 685 2165 :

115 2179 154 2208 ad
179 2180 330 2220 Apollod.
350 2183 424 2212 Not.
451 2193 522 2223 pag.
549 2182 612 2212 681
639 2192 685 2222 sq.

115 2225 203 2255 Idem
225 2227 309 2256 inter
333 2229 450 2268 primos
482 2227 688 2270 philosophos

113 2279 293 2304 recensetur
315 2284 331 2303 a
353 2275 494 2316 Diogene
522 2277 624 2306 Laert.
654 2275 688 2306 in

742 612 877 643 prooem.
902 612 1093 643 quamquam
1112 602 1179 633 haec
1210 603 1316 632 omnia

743 648 783 679 ad
792 649 894 679 solum
908 650 1106 679 astronomiae
1118 649 1258 679 studium
1273 660 1317 678 re-

744 696 819 726 ferri
832 702 975 736 possunt.
989 697 1069 727 Cum
1084 698 1175 736 Iopas
1187 697 1316 736 Tyrius,

744 753 830 772 nunc
852 744 983 779 Poenus,
1009 741 1198 773 citharoedus
1223 741 1316 771 indu-

743 788 862 818 cendus
904 795 983 818 esset
1021 799 1036 818 a
1076 795 1168 829 poeta
1182 809 1191 825 ,
1229 794 1316 817 acute

742 836 903 864 Atlantem
931 845 948 864 e
979 835 1090 864 vicinis
1118 834 1317 864 Mauritaniae

742 881 904 911 montibus
929 887 1090 911 auctorem
1121 881 1316 917 carminum,

743 938 813 967 quae
826 933 966 963 caneret,
986 929 1013 956 ei
1029 927 1197 956 arcessivit.
1211 926 1320 956 Maxi·

745 984 812 1003 mus
822 974 927 1004 Atlas.
941 975 1010 1003 [ΕΠ.
1023 975 1103 1003 VIII
1115 995 1123 1009 ‚
1142 984 1153 1002 1
1163 973 1204 1002 36
1216 972 1318 1001 maxi-

745 1031 812 1049 mus
827 1020 939 1056 Atlas,
956 1037 1004 1042 —
1027 1018 1173 1049 a‘clzerios
1187 1018 1317 1048 humero

744 1066 800 1107 qni
836 1065 969 1096 sustinet
1000 1076 1092 1096 axes.
1125 1067 1180 1095 Est
1214 1072 1317 1095 autem

743 1112 926 1152 simpliciter
949 1111 1068 1142 dictum
1090 1122 1150 1152 pro
1174 1121 1315 1153 magnus.

744 1159 794 1189 Sic
822 1157 971 1188 maxima
995 1160 1096 1195 Juno,
1127 1164 1158 1187 et
1182 1158 1251 1188 alia.
1272 1175 1317 1181 —-

747 1210 824 1242 741.
844 1204 962 1234 Docuit
984 1215 1078 1245 quem
1102 1203 1220 1235 Medic.
1244 1214 1318 1234 cum

742 1258 831 1292 parte
845 1251 938 1282 codd.
961 1252 1070 1281 Heius.
1090 1261 1148 1281 nec
1167 1261 1233 1281 non
1252 1253 1317 1281 Ro-

743 1308 854 1328 manus
869 1308 941 1327 cum
955 1298 1022 1327 aliis
1038 1297 1199 1328 Pierianis.
1216 1298 1317 1328 Etiam

742 1345 888 1381 Servius;
917 1355 990 1385 quoe
1026 1343 1196 1384 legendum
1212 1366 1221 1381 ,
1249 1354 1315 1374 non

742 1390 970 1431 que1n.Docuit
979 1401 1076 1432 quam
1088 1390 1316 1420 Graev.Aclans

742 1440 902 1468 Romanus
913 1460 921 1475 ,
936 1444 967 1467 et
981 1439 1024 1467 sic
1036 1437 1169 1468 Mentel.
1178 1453 1225 1460 »-
1237 1442 1314 1475 742.

740 1484 904 1525 Scripsisse
928 1483 1103 1514 nonnullos
1126 1482 1170 1519 is,
1197 1484 1317 1513 Pierius

740 1538 858 1561 monet.
879 1530 1003 1561 Scilicet
1021 1528 1072 1559 Ιιίε
1087 1530 1154 1568 ejus
1171 1529 1243 1560 loeo
1259 1540 1316 1570 po-

740 1578 846 1607 situm.
862 1577 969 1616 Atque
987 1577 1013 1606 is
1029 1576 1158 1617 quidem
1177 1574 1315 1617 (Iopas)

741 1625 824 1653 canit
840 1630 898 1652 etc.
915 1639 962 1645 —-
981 1622 1173 1660 742—746.
1195 1623 1315 1652 Erran-

741 1677 804 1699 tem
830 1669 960 1704 Iunam,
994 1679 1054 1709 pro
1084 1669 1171 1698 (unce
1196 1679 1316 1698 errores

741 1727 796 1746 seu
814 1726 934 1746 cursus.
952 1715 1035 1744 Solis
1049 1714 1190 1751 labores,
1209 1714 1314 1745 defec-

742 1769 791 1792 tus
803 1786 811 1799 ‚
838 1772 1011 1803 eorumque
1029 1772 1160 1791 caussas.
1178 1761 1236 1791 Ge.
1262 1763 1313 1798 ΙΙ,

744 1809 808 1847 478
829 1808 979 1849 Defectus
1002 1807 1077 1838 solis
1092 1806 1203 1837 varios
1218 1807 1315 1838 Iunae-

743 1867 803 1896 que
827 1855 959 1886 labores.
978 1855 1128 1885 Attamen
1141 1853 1217 1884 solis
1231 1854 1315 1884 labo-

741 1913 789 1932 res
813 1908 844 1932 et
865 1902 926 1942 ipsi
947 1902 986 1931 de
1009 1911 1103 1931 cursu
1127 1901 1201 1931 solis
1216 1901 1315 1940 accipi

740 1954 883 1990 possunt.
912 1948 1020 1978 Imber
1039 1954 1071 1977 ec
1093 1946 1201 1988 ignes,
1229 1946 1261 1976 h.
1285 1957 1311 1976 e.

740 1995 876 2036 fulgura,
891 2005 931 2024 ex
945 1994 1081 2024 nubium
1094 1993 1222 2023 afflictu.
1239 1994 1315 2022 Arc-

740 2049 842 2077 eurus,
861 2040 949 2070 stella
964 2040 1065 2080 posita
1077 2040 1112 2069 in
1126 2039 1218 2080 signo
1236 2040 1314 2070 Boo-

740 2094 796 2124 tae,
823 2093 855 2117 et
878 2086 1009 2126 Hyadas
1031 2085 1128 2116 stellae
1147 2086 1183 2115 in
1210 2085 1315 2116 fr0nte

740 2135 848 2164 Tauri.
863 2133 903 2163 cf.
916 2135 1001 2164 Serv,
1017 2132 1056 2162 ad
1074 2132 1107 2162 h.
1125 2131 1147 2162 l.
1170 2131 1314 2162 Gemini-

741 2191 802 2221 que
823 2179 954 2210 Triones
968 2190 979 2208 .·
993 2185 1068 2209 sunt
1085 2177 1194 2209 Helice
1207 2185 1238 2208 et
1252 2179 1314 2220 Cy-

741 2236 872 2264 nosura,
899 2228 978 2257 Ursa
1002 2226 1104 2263 major
1129 2231 1161 2254 et
1186 2225 1310 2262 minor,

742 2273 896 2310 teriones,
915 2272 948 2303 h.
963 2282 989 2303 e.
1006 2271 1105 2303 boves
1115 2294 1124 2312 ,
1150 2271 1241 2304 dictae
1255 2270 1268 2311 (
1280 2282 1309 2301 v.
