1433 2460
148 102 207 129 ¹72

652 90 845 121 AENEIDOS

142 153 185 187 Et
207 148 424 185 tremi-sacta
442 158 588 184 comam
608 160 793 186 concusso
813 150 955 187 vertice
972 160 1098 198 nutat3

138 209 366 247 Votum-ibus
385 207 505 245 donec
522 208 718 258 paullatim
740 211 882 256 evicta,
904 224 1124 260 supremum
1291 222 1340 246 630

139 268 382 319 Congemuit,
405 269 594 319 traxitque
605 270 706 320 jugis
727 270 857 308 avolsa
877 271 1037 309 ruinam.

138 328 354 374 Descende,
376 340 438 374 ac,
457 328 618 366 ducente
639 328 732 376 deo,
750 329 939 367 flammam
961 331 1057 368 inter
1077 339 1114 368 et
1133 330 1250 368 hostis

139 389 332 439 Expedior
347 403 354 425 ε
374 388 465 425 dant
483 388 556 426 tela
572 388 718 435 locum,
736 390 975 440 flammaeque
991 390 1185 428 recedunt.

189 454 316 499 Atque
334 448 401 486 ubi
411 449 490 500 jam
511 450 643 499 patriae
662 459 888 499 perventum
906 450 954 487 ad
971 451 1101 488 limina
1120 451 1238 496 sedis,

139 510 400 560 Antiquasque
416 510 568 557 domos,
589 509 758 560 genitor,
778 523 893 560 quem
912 511 1043 548 tollere
1062 512 1101 548 in
1123 512 1216 549 altos

1294 519 1343 544 635

139 569 330 620 Optabam
346 570 513 620 primum
532 570 690 616 montis,
711 571 952 621 primumque
971 570 1165 621 petebam,

138 629 312 680 Abnegat
330 631 456 668 excisa
469 631 586 668 vitam
605 629 820 680 producere
836 631 972 680 Troja,

137 691 397 741 Exsiliumque
414 693 493 742 pati
511 707 517 728 :
536 708 552 725 α
571 694 648 730 Vos
668 705 710 738 o,
731 691 870 741 quibus
888 692 1034 742 integer
1051 692 1121 728 aevi

138 751 299 801 Sanguis
311 781 320 797 ‚
340 752 409 799 ait,
427 752 633 801 solidaeque
650 765 720 789 suo
738 762 837 790 stant
858 751 999 789 robore
1020 753 1119 788 vires
1131 779 1140 797 ,

138 815 214 849 Vos
233 813 372 862 agitate
390 813 529 863 fugam.

1298 820 1347 849 6⁴50

136 874 201 907 Me
222 872 253 908 si
270 872 447 908 coelicolae
467 872 674 910 voluissent
696 872 836 908 ducere
853 871 970 908 vitam
983 898 993 916 ‚

138 935 216 969 Has
231 932 325 969 mihi
341 941 554 969 servassent
570 932 689 969 sedes.
708 932 806 969 Satis
825 944 900 967 una
918 943 1110 981 superque

137 1064 403 1094 BurmAbcisam
415 1065 540 1104 Menag.
552 1064 640 1094 alter.
654 1066 714 1094 Ac-

138 1120 204 1140 tam
224 1122 284 1151 pro
311 1111 436 1140 instant
457 1110 568 1142 Codex
587 1111 713 1141 Thuan.

137 1168 187 1197 ap.
208 1157 354 1188 Macrob.
370 1159 400 1187 V
420 1159 482 1188 Sat.
501 1168 518 1188 2
531 1180 539 1195 ,
554 1159 715 1188 memoriae

137 1204 238 1244 lapsu.

184 1250 263 1280 632.
281 1249 420 1279 Discedo
435 1261 484 1290 pr.
498 1249 614 1280 Hamb.
625 1257 657 1280 et
671 1250 714 1280 ita

136 1307 187 1336 ap.
198 1296 345 1326 Macrob.
357 1297 417 1332 111,
430 1296 460 1326 8.
471 1297 544 1325 Dea
555 1296 607 1325 alii
617 1295 711 1327 codd.

136 1342 224 1383 apud
246 1343 328 1372 Pier.
350 1342 461 1372 Heius.
481 1347 512 1371 et
529 1343 639 1373 Burm.
655 1343 714 1372 sic·

135 1399 198 1428 que
214 1387 280 1418 duo
295 1398 311 1417 e
322 1388 421 1418 Goth.
437 1388 637 1428 Improbavit
650 1388 712 1419 hoc

133 1436 198 1472 jam
227 1435 414 1464 Macrobius
437 1434 459 1464 l.
481 1444 509 1464 c.
530 1436 587 1464 etsi
613 1435 714 1465 aliena

135 1480 286 1512 admiscet
300 1480 339 1510 de
350 1482 475 1510 Venere
488 1479 545 1510 dea
557 1487 589 1510 et
601 1480 641 1510 de
654 1481 714 1512 deo

137 1538 233 1558 mare.
254 1527 443 1556 Abducente
464 1526 516 1556 vel
533 1526 714 1557 adducente

135 1574 196 1604 deo
216 1573 266 1603 vel
287 1573 350 1602 dea
369 1572 490 1612 aliquot
508 1582 558 1612 ap.
582 1574 662 1603 Pier.
683 1580 714 1603 et

134 1622 245 1650 Burm.
255 1621 327 1649 Hac
345 1619 376 1649 d.
388 1620 492 1659 Bigot.
511 1620 581 1648 Deo
597 1620 632 1649 in
645 1621 714 1649 Me-

135 1667 198 1697 dic.
220 1665 423 1696 emendatum
447 1675 488 1694 ex
512 1664 594 1701 dea,
619 1672 651 1695 et
667 1673 714 1695 est

134 1723 209 1744 sine
219 1712 280 1742 deo
290 1712 417 1742 doctius
428 1721 435 1742 :
445 1718 476 1741 at
485 1711 571 1741 idem
579 1722 658 1742 sono
668 1714 714 1742 in-

136 1767 261 1801 gratum
281 1769 288 1789 :
312 1758 472 1788 descendo
491 1757 627 1787 ducente
640 1758 712 1789 deo.

136 1810 259 1836 Verum
289 1805 434 1834 ultimam
457 1811 559 1845 poetae
583 1814 714 1835 manum

137 1851 323 1894 flagitabant
344 1858 375 1880 et
398 1850 452 1880 illa
469 1852 505 1880 in
520 1851 604 1881 binis
620 1853 714 1881 versi-

136 1901 197 1929 bus
211 1909 218 1929 :
222 1898 419 1941 flammam,
426 1897 654 1940 flammoeque.
667 1915 714 1921 —

139 1947 204 1975 632
218 1968 226 1983 ‚
258 1945 336 1975 633.
362 1944 532 1974 Descendo
555 1943 596 1973 de
622 1954 713 1982 arce;

139 2002 207 2022 uon
223 1991 261 2021 de
277 1992 374 2028 turri3
400 2001 474 2020 nam
494 1990 557 2020 hoc
575 1991 639 2028 jam
655 1990 715 2021 fac-

142 2045 209 2067 tum
234 2050 264 2068 v,
293 2038 358 2075 570
371 2060 380 2074 ‚
418 2037 495 2068 588.
522 2036 710 2077 Expediet,

140 2084 277 2123 expedio
292 2094 340 2113 me
351 2106 359 2121 ‚
378 2083 518 2114 liberum
533 2085 594 2114 iter
610 2082 714 2113 habeo

139 2131 223 2159 inter
246 2130 387 2159 hostium
412 2131 472 2160 tela
496 2137 527 2160 et
550 2129 712 2159 flammas:

138 2184 176 2205 ut
198 2182 308 2206 contra
331 2176 538 2215 impedimur,
568 2176 714 2206 obstante

139 2222 245 2254 turba.
262 2221 397 2263 Vulgari
412 2234 557 2254 sermone
570 2222 630 2253 ‘via
646 2223 713 2264 ipsa

769 1063 934 1104 expediri,
960 1063 1145 1103 expeditum
1162 1063 1240 1100 iter,
1266 1063 1345 1093 dici-

769 1117 832 1140 tur.
859 1111 1004 1140 Ducente
1022 1110 1082 1139 deo
1098 1121 1139 1140 ex
1155 1121 1202 1151 gr.
1220 1108 1241 1143 ’ἡ
1259 1109 1323 1146 θεὸς
1335 1133 1343 1148 ,

768 1167 852 1197 saepe
867 1157 1023 1197 exquisite
1035 1167 1096 1197 pro
1109 1156 1184 1194 dea,
1200 1163 1254 1186 aut
1269 1157 1345 1186 deus

769 1203 914 1234 absolute
941 1201 975 1232 τὸ
1005 1201 1102 1240 θεῖον,
1134 1213 1273 1240 numen3
1307 1209 1345 1232 ut

768 1249 850 1279 bene
862 1256 972 1279 monet
984 1248 1157 1290 Verheyck
1169 1248 1209 1279 ad
1221 1250 1343 1279 Anton.

767 1295 836 1326 Lib.
852 1306 880 1326 c,
899 1305 953 1335 29.
969 1296 1064 1325 Dant
1074 1295 1140 1325 cela
1152 1296 1256 1329 locum
1270 1307 1281 1324 :
1296 1296 1342 1324 in-

767 1341 956 1382 tactus‚telis
980 1349 1011 1372 et
1024 1343 1092 1383 igni
1114 1343 1174 1372 iter
1192 1341 1278 1372 facit.
1297 1341 1338 1371 cf.

767 1390 839 1419 AEn.
854 1390 919 1426 VI,
941 1398 1025 1426 110,
1044 1399 1119 1419 111.

815 1435 894 1473 637.
914 1435 1052 1464 Excissa
1067 1434 1180 1465 malint
1197 1433 1343 1464 Guellius

768 1487 799 1510 et
827 1480 946 1518 Cerda,
982 1482 1058 1521 quia
1082 1480 1245 1511 excidium
1268 1479 1342 1510 inde

768 1526 844 1556 duci
858 1526 982 1557 debuit.
997 1526 1058 1557 Sed
1075 1533 1249 1566 utrumque
1264 1525 1342 1556 dici-

768 1579 832 1603 tur.
852 1584 883 1603 v.
899 1572 957 1603 inf.
975 1572 1014 1602 ad
1030 1574 1086 1609 IV,
1102 1573 1179 1608 425.
1192 1572 1342 1602 Abscissa

767 1619 845 1648 alter
870 1619 985 1649 Hamb.
1003 1618 1180 1648 Perducere
1194 1629 1256 1649 sec.
1272 1619 1343 1649 Mo-

766 1671 824 1695 ret.
840 1682 886 1688 —
899 1665 941 1695 63
949 1665 1096 1700 8-540,
1111 1663 1343 1705 Exsiliumpa-

767 1711 809 1746 ti,
835 1718 871 1741 ut
888 1711 995 1755 φυγεῖν
1007 1734 1016 1749 ,
1035 1712 1173 1753 graviter
1188 1710 1227 1741 de
1241 1712 1342 1752 patria

767 1757 987 1797 relinquenda.
1007 1759 1108 1799 Negat
1124 1768 1157 1787 se
1179 1767 1245 1788 esse
1260 1759 1341 1788 Tro-

764 1804 796 1842 ja
809 1803 1034 1834 discessurum.
1051 1805 1180 1845 Integer
1192 1803 1253 1833 oevi
1265 1813 1342 1832 san-

764 1850 836 1891 guis
845 1862 858 1886 ,·
876 1849 908 1881 h.
920 1862 947 1881 e.
962 1851 1079 1891 integri
1092 1851 1151 1880 aevi
1160 1872 1169 1887 ‚
1183 1850 1341 1888 juventae,

767 1896 909 1937 adeoque
940 1907 1000 1937 pro
1017 1920 1026 1934 ‚
1055 1896 1206 1935 juvenilis
1238 1896 1340 1936 vigor.

767 1944 847 1973 Mox
862 1943 989 1984 agitare
998 1941 1253 1986 (animo)ficgam
1266 1951 1340 1982 pro-

766 1991 836 2029 prie
854 1996 917 2027 est,
944 1989 983 2019 de
1001 1989 1074 2030 suga
1088 1988 1273 2019 deliberare.
1299 1987 1340 2017 cf.

766 2037 877 2066 Burm.
887 2053 934 2058 —-
947 2036 1024 2075 639.
1044 2035 1182 2076 Corpore
1199 2033 1340 2064 Parthas.

768 2082 860 2112 mate.
876 2099 923 2105 —-
940 2083 1019 2117 640.
1046 2082 1091 2111 Ee
1107 2081 1197 2111 rebus
1219 2087 1342 2109 servate

767 2128 914 2158 secundis
933 2127 1100 2169 suppletus
1115 2138 1161 2158 vs.
1179 2128 1215 2157 in
1229 2127 1339 2157 Franc.

767 2184 807 2204 ex
820 2174 876 2205 lib.
892 2176 908 2205 1
919 2197 927 2213 ,
944 2185 1022 2212 207.

814 2221 892 2257 642.
914 2220 999 2252 Satis
1009 2231 1163 2262 superque
1176 2230 1242 2250 ιιηα
1257 2218 1343 2249 exci-
