1402 2460
564 45 687 75 LIBER
712 45 769 74 lv.

1212 56 1276 87 277

72 110 155 145 Una
173 106 262 143 dolo
280 104 410 142 divum
427 102 458 140 si
475 101 613 138 femina
634 102 733 139 victa
753 101 917 139 duorum
935 105 1007 140 est!
1250 114 1280 146 95

68 171 146 206 Nec
167 181 225 205 me
244 165 340 203 adeo
363 164 476 210 fallit,
496 164 659 200 veritam
682 171 718 199 te
739 163 878 199 moenia
898 172 1044 210 nostra,

71 231 274 278 Suspectus
290 224 471 262 habuisse
493 223 626 261 domos
644 224 883 274 Carthaginis
902 225 996 262 altae.

71 290 146 327 Sed
163 289 247 338 quis
264 288 336 324 erit
354 285 514 323 modus?
535 294 600 323 aut
617 298 694 335 quo
715 298 816 322 nunc
837 286 1043 323 certamina
1063 288 1188 324 tanta?

23 364 30 373 =
73 352 105 395 Q
113 350 176 386 uin
195 349 324 399 potius
345 360 477 398 pacem
496 355 676 384 aeternam
697 358 904 398 pactosque
921 348 1138 398 hymenaeos

71 410 326 446 Exercemus?
348 407 474 446 Habes
498 416 577 444 tota
597 408 700 458 quod
718 418 842 445 mente
858 409 986 458 petisti
1003 423 1011 445 :

1235 427 1282 442 100

70 469 189 506 Ardet
209 482 336 506 amans
356 468 476 515 Dido,
498 468 691 518 traxitque
709 482 778 518 per
797 482 880 507 ossa
900 470 1081 506 furorem.

71 533 317 567 Communem
337 530 439 566 hunc
460 543 551 580 ergo
569 530 774 580 populum,
792 529 1027 580 paribusque
1047 543 1223 581 regamus

69 592 276 641 Auspiciis3
297 591 406 628 liceat
426 591 592 641 Phrygio
614 590 758 627 servire
775 591 934 636 marito,

70 652 296 702 Dotalisque
316 661 391 689 tuae
407 652 544 701 Tyrios
565 651 786 701 permittere
806 650 961 687 dextrae.
981 667 996 682 »

123 712 217 759 Olli,
233 712 347 750 sensit
367 713 466 750 enim
484 712 659 749 simulata
677 720 802 748 mente
823 712 1007 757 locutam,

71 876 148 906 thol.
164 877 221 912 IV,
241 885 279 905 12
292 898 300 911 ‚
314 886 346 916 p.
363 875 495 911 464—-
508 875 563 915 96.
578 877 648 905 Nec

70 922 162 962 plane
186 923 294 962 ignara
318 932 388 951 snm
414 929 444 951 te
467 928 647 961 suspectam

69 968 216 997 habuisse
242 968 484 1007 Carthaginem3
504 978 545 997 ne
566 970 646 998 Tro-

67 1016 149 1052 janis
164 1015 299 1044 exitium
315 1014 470 1044 inferrent
486 1015 586 1044 Poeni.
605 1014 646 1043 cf.

70 1062 84 1089 I
95 1084 103 1096 ‚
122 1072 150 1090 v.
171 1061 212 1099 67
223 1071 250 1090 1.
271 1060 454 1091 Certamine
470 1068 562 1090 tanco
578 1060 646 1090 scil.

70 1118 150 1147 opus
164 1114 211 1136 est
220 1107 234 1136 ἓ)

116 1154 171 1194 98.
192 1153 324 1194 Vulgo:
348 1163 420 1193 quae
440 1162 524 1182 nunc
543 1160 646 1181 cerla-

71 1212 98 1229 m
105 1200 157 1230 ine
171 1206 280 1236 canto,
295 1200 395 1229 mirus
410 1199 558 1229 codicum
573 1209 647 1229 con·-

68 1257 177 1276 sensus
204 1247 239 1275 in
264 1246 402 1275 lectione
430 1246 553 1276 vitiosa.
580 1246 646 1275 Etsi

67 1294 152 1322 enim
165 1292 247 1322 hene
259 1291 408 1332 supplere
421 1292 521 1332 possis
531 1291 646 1321 uteris?

69 1339 118 1369 vel
143 1349 220 1380 opus
245 1346 292 1368 est
307 1342 324 1368 ,³
351 1345 457 1368 tamen
484 1349 519 1368 ea
544 1337 645 1368 forma

68 1392 147 1415 esset
170 1386 332 1426 prosaica,
354 1390 385 1414 et
406 1391 581 1425 perpetuus
598 1384 646 1414 lo-

69 1431 189 1473 quendi
206 1442 283 1462 usus
305 1431 477 1473 elegantior
500 1431 561 1461 fert
583 1442 646 1472 quo

71 1490 154 1508 nunc
175 1477 356 1508 certamina
379 1485 473 1507 canta
487 1481 503 1507 :²
527 1480 646 1518 Lapsus

34 1520 38 1522 i
69 1536 199 1566 quoque
227 1524 435 1555 librariorum
461 1524 647 1554 manifestus

69 1571 107 1601 fit
121 1583 162 1602 ex
180 1578 282 1602 antec,
300 1582 363 1612 quo
376 1571 410 1602 h.
426 1582 453 1602 e.
469 1581 644 1612 quorsum,

69 1619 157 1659 quod
174 1628 233 1660 pro
246 1625 337 1648 sexto
353 1628 427 1648 casu
442 1624 645 1658 acceperant3

69 1667 176 1706 itaque
185 1663 396 1694 emendarunt
404 1665 447 1694 ita
457 1665 522 1702 jam
536 1664 645 1694 Heius.

69 1709 279 1743 Marklandus
292 1717 367 1751 post
378 1711 512 1740 Harium
525 1716 557 1739 et
568 1711 648 1739 Bur—

71 1768 234 1788 mannum.
250 1758 338 1787 Inter
360 1757 526 1787 Servianas
547 1757 646 1785 inter-

71 1805 262 1845 pretationes
283 1804 376 1833 etiam
391 1809 456 1840 est,
480 1813 543 1844 quo
562 1811 647 1831 nunc

71 1859 235 1881 certamen
264 1857 389 1880 tantum
402 1872 410 1886 ,
445 1856 476 1879 et
506 1850 542 1878 in
568 1850 646 1889 Reg.

71 1897 173 1939 glossa
190 1919 198 1934 ,
236 1895 354 1926 habere
368 1919 376 1933 ‚
418 1902 456 1925 ut
494 1895 557 1925 hoc
594 1894 648 1924 ali-

74 1942 201 1984 quando
225 1944 260 1973 in
277 1942 371 1973 codd.
390 1942 485 1972 fuisse
504 1941 554 1972 vel
571 1941 648 1972 hinc

74 1989 220 2033 colligere
241 1991 352 2031 possis.
368 1990 412 2019 Ec
424 1999 487 2029 quo
502 1989 647 2019 Wittian.

75 2037 151 2078 Reg.
177 2035 367 2066 Discrimine
391 2043 480 2066 tanto
506 2035 649 2066 Parthas.

76 2099 122 2105 -——
145 2093 217 2114 100.
238 2082 346 2113 Habes
367 2090 389 2114 t.
413 2083 498 2113 conf.
523 2093 593 2123 sup.
616 2083 648 2119 1,

78 2129 144 2167 675
164 2140 232 2170 sqq.
243 2147 290 2152 —
302 2140 378 2160 102.
399 2129 533 2160 Paribas
548 2129 652 2170 auspi-

77 2175 152 2214 ciis,
176 2176 258 2206 bene
281 2178 370 2208 Serv.
401 2176 523 2218 aequali
544 2183 654 2218 potes-

240 2243 291 2277 ΙΙ.

1235 722 1281 746 105

702 881 778 905 tate.
797 875 872 905 Non
888 876 973 904 enim
991 885 1079 904 nunc
1095 876 1282 916 nuptiarum

702 921 842 962 auspicia
864 921 1089 962 intelligenda,
1112 921 1165 951 sed
1182 933 1198 951 a
1216 933 1285 952 rna-

701 967 884 1008 gistratibus
896 990 905 1004 ,
929 969 986 1007 qui
1009 968 1146 1008 auspicia
1162 968 1282 998 habent

701 1015 820 1051 majora
844 1021 875 1042 et
902 1014 1043 1051 minora,
1069 1015 1222 1053 petitum,
1252 1023 1283 1045 et

702 1060 741 1089 ab
756 1061 892 1099 imperio
907 1059 1057 1096 militari;
1073 1070 1162 1090 nune
1179 1071 1237 1101 par
1251 1069 1282 1091 et

702 1106 820 1146 aequaJe
842 1105 950 1134 tutelae
970 1107 1021 1144 jus
1037 1108 1157 1136 Veneri
1178 1113 1210 1137 et
1223 1109 1282 1138 Ju-

701 1153 780 1181 noni
802 1152 836 1180 in
851 1152 967 1192 Tyrios
984 1159 1015 1182 et
1030 1153 1186 1191 Trojanos
1201 1154 1280 1185 fore.

700 1215 746 1221 —·-
767 1198 848 1235 103,
872 1204 946 1233 104.
963 1200 1084 1239 Magno
1100 1210 1173 1229 cum
1186 1201 1280 1241 spiri-

700 1250 735 1274 tu
747 1254 782 1274 ac
796 1243 922 1274 fastidio
932 1245 1070 1275 Didonis
1080 1246 1282 1277 connubium

699 1298 730 1320 et
746 1293 854 1321 AEneae
869 1292 1024 1331 expressit
1041 1292 1062 1322 J
1065 1302 1131 1322 uno
1151 1302 1159 1322 :
1185 1292 1284 1323 liceat

699 1336 864 1366 Didonem
886 1337 1021 1373 servire,
1041 1339 1076 1367 in
1092 1345 1281 1379 potestatem

700 1385 824 1421 venire,
839 1384 977 1421 nubere,
994 1383 1110 1414 marito
1125 1384 1278 1427 Phrygio,

700 1438 835 1460 externo
858 1438 889 1460 et
907 1431 1031 1468 exsuli;
1055 1431 1095 1461 de
1117 1431 1281 1474 Phrygum

701 1484 866 1507 contemtu
875 1489 916 1507 ex
929 1478 1032 1519 gentis
1044 1478 1178 1508 mollitie
1191 1490 1280 1510 nunc

700 1524 801 1554 nolim
815 1526 964 1565 cogitari3
981 1531 1012 1554 et
1024 1525 1118 1555 liceat
1133 1535 1201 1556 eam
1209 1537 1281 1567 per-

701 1570 824 1601 mittere
842 1571 986 1610 dotales,
1006 1573 1041 1601 in
1058 1572 1166 1603 dotem
1186 1573 1279 1604 affer-

701 1628 745 1653 re,
765 1617 891 1656 Tyrios,
913 1617 1113 1659 Carthaginis
1128 1630 1279 1661 regnum,

701 1663 826 1706 dextra>
839 1671 920 1701 tuae,
934 1665 994 1695 tibi
1010 1672 1160 1706 tanquam
1173 1669 1280 1697 socrui

701 1720 720 1739 a
736 1720 832 1739 nuru.
848 1711 976 1741 Servius
999 1713 1105 1741 omnia
1124 1711 1281 1743 ad'coem-

700 1756 821 1786 tionem
841 1757 956 1795 refert,
979 1768 1042 1798 qua
1063 1757 1149 1788 Dido
1164 1759 1199 1788 in
1217 1770 1281 1789 ma-

701 1803 754 1832 riti
787 1801 918 1844 Phrygii
945 1810 1132 1844 potestatem
1147 1828 1155 1842 ,
1191 1808 1282 1846 quasi

702 1850 840 1879 emtione
853 1860 911 1890 per
923 1860 964 1880 aes
977 1857 1008 1880 et
1016 1850 1130 1881 libram
1144 1853 1284 1890 venir-eu

702 1894 756 1925 sed
778 1896 813 1924 in
835 1896 933 1927 altero
957 1907 1052 1928 versu
1073 1908 1140 1928 rem
1165 1909 1281 1940 pamm

702 1941 842 1982 expedit.

754 1989 828 2018 105.
850 1990 882 2019 S.
907 2001 988 2019 voce
1012 1990 1141 2022 Vratisl.
1165 1998 1198 2021 et
1211 1993 1280 2023 Hu-

703 2046 773 2077 gen.
791 2053 836 2058 —
857 2036 921 2066 105
940 2054 985 2060 —
1009 2048 1083 2077 107.
1120 2037 1281 2069 Simulata

705 2090 829 2119 mente,
856 2078 1136 2126 δσλοφρονέουσαν,
1161 2092 1199 2115 ut
1217 2087 1282 2116 Ho-

706 2139 812 2159 merus
834 2129 1010 2171 aliquoties.
1034 2135 1199 2162 Averterec
1218 2133 1280 2173 sig-

708 2176 837 2207 namins
860 2187 956 2219 quam
975 2178 1157 2210 transferret
1180 2178 1220 2209 ad
1236 2180 1285 2209 Li-

1075 2248 1123 2286 24
