1433 2460
119 93 183 129 345
591 94 812 123 Exctfnsl's
838 94 851 121 I

119 161 244 182 neccsse
258 150 354 191 igitur
373 157 417 180 est
430 173 438 187 ‚
456 147 488 179 in
510 147 578 190 ipso
598 151 708 192 Libya·
722 152 814 181 litore
831 149 1049 191 prominentes
1063 150 1211 191 scopulos
1226 150 1317 181 inu-1-

120 207 235 246 ligvre3
255 205 288 233 in
308 203 371 233 hoe
397 215 472 245 ergo
497 212 604 234 vasta·
625 216 717 246 rupes
741 205 928 247 geminique
953 205 1075 246 scopuli
1098 205 1266 235 nn'naneur
1290 205 1323 235 in

121 259 233 288 caelum
251 257 337 298 (duo
357 257 481 297 scopuli
497 258 679 299 eminent),
696 270 827 299 quorum
847 259 902 288 sub
917 259 1038 289 'vertice
1053 260 1183 300 (subter
1193 258 1324 301 quibus)

122 313 187 342 late
204 313 350 352 sEquora
370 318 438 340 tuta
457 311 563 342 silent.
586 314 664 342 Haec
679 319 709 342 et
727 313 862 352 pulchre
875 312 958 343 dicta
977 321 1008 343 et
1032 314 1196 343 intellectu
1211 313 1324 342 facilia.

126 367 201 396 Tum
214 388 222 401 ‚
245 372 395 405 praeterea
407 388 415 403 ,
435 365 572 405 desuper
587 365 734 395 imminet
746 367 757 407 (
770 377 865 407 supra
881 366 949 408 est)
963 378 1059 396 scena
1075 367 1160 396 silvis
1175 366 1320 401 coruscis,

122 425 310 460 prospectus
325 419 477 448 silvarum
489 442 497 455 ,
513 427 544 449 et
560 427 665 449 atrum
686 430 798 449 nemus
812 419 960 449 imminet
977 419 1119 450 horrenti
1139 420 1250 450 umbra
1266 418 1325 459 (in

123 476 192 515 ipso
209 474 408 511 continenti3
428 485 495 504 nou
517 475 550 504 iu
569 475 689 512 insula,
707 482 744 504 ut
768 475 844 505 olim
869 475 1082 517 acceperam).
1106 475 1168 505 Sub
1192 475 1326 505 adversa

114 527 247 569 fronte,
267 529 301 557 in
317 527 410 558 litore
426 528 488 558 hoc
504 529 704 566 continenti,
727 540 768 559 cx
784 528 917 559 adverso
932 530 969 559 iis
980 552 988 566 ,
1013 529 1068 570 qui
1083 540 1124 559 ex
1143 529 1205 559 alto
1221 529 1325 569 ingre—

124 581 276 619 diuntur,
293 589 422 612 antrum
439 590 486 612 est
505 582 642 624 scopulis
653 582 880 623 pendentibus.
895 600 939 607 -—
953 582 1015 612 Hic
1028 581 1040 623 (
1051 593 1118 612 nou
1138 590 1199 612 tam
1215 583 1250 612 in
1263 581 1326 611 hoc

125 643 216 665 antro
229 659 237 673 ,
255 646 349 676 quam
366 637 400 665 in
416 643 479 666 tota
495 636 554 666 hac
570 638 658 666 sinus
668 643 772 677 parte,
790 647 861 677 quae
876 648 937 678 pro
952 644 1048 678 portu
1062 635 1248 678 est)fessas
1261 644 1326 665 non

124 689 261 719 ‘vincula
278 690 368 720 navis
387 691 462 720 Ulla
481 698 600 721 tenent.
618 691 724 721 Verba
744 702 774 721 v.
791 691 833 720 62
852 691 936 720 Hinc
949 698 1048 731 atque
1064 689 1139 720 hinc
1156 695 1263 720 vasca?
1276 672 1327 718 Γῗ-

118 752 198 782 pes,
220 743 285 772 visa
309 743 387 774 mihi
409 744 485 774 olim
504 752 594 775 erant
612 745 778 775 referenda
795 756 860 775 esse
875 744 915 774 ad
930 745 1085 782 iusulam;
1100 745 1174 785 quia
1190 749 1327 773 anteces-

124 804 207 827 serat
226 807 234 828 :
258 799 371 829 Insula
388 807 514 840 portum
526 824 535 837 ,
559 808 590 831 et
609 801 756 841 sequitur
776 810 783 831 :
810 802 928 830 Fronte
948 800 1002 829 sub
1020 799 1164 829 adversa.
1183 799 1230 828 Ita
1246 807 1327 838 quo-

125 862 188 892 que
203 853 307 882 visum
323 861 389 883 erat
402 855 559 896 Scaligero
574 858 661 885 Poet.
677 857 719 892 V,
733 856 762 885 3.
779 854 935 895 Expensis
948 861 1052 884 tamen
1064 853 1214 884 omnihus
1228 854 1329 893 ipsam

125 917 233 936 rerum
253 909 408 938 rationem
431 909 464 938 id
489 909 650 949 postulare
672 908 757 945 vidi,
783 915 818 938 ut
842 909 882 937 ad
907 910 1125 937 coutinentem
1151 907 1329 936 referantur

125 961 247 991 omnia.
268 963 371 991 Etiam
389 962 474 1003 apud
496 965 672 993 Homerum
697 959 752 992 δύο
771 962 946 1003 προβλῆτες
967 957 1064 991 ἀκταὶ
1088 958 1274 1003 ἀποῤῥῶγες
1292 960 1328 989 in

124 1014 195 1054 ipso
211 1016 391 1047 continenti
411 1017 573 1047 visuntur.
588 1019 627 1046 In
645 1027 683 1046 eo
700 1023 806 1046 tamen
824 1016 914 1046 nulla
933 1017 1067 1046 omnino
1084 1015 1187 1045 insula
1204 1014 1328 1054 objecta

124 1076 182 1100 est.

170 1125 326 1155 Exoritur
350 1125 446 1156 altera
469 1125 662 1167 disputatio,
680 1127 715 1155 in
736 1135 799 1165 qua
821 1124 938 1155 Africae
959 1131 1069 1166 parte,
1090 1130 1121 1154 et
1143 1124 1272 1165 quidem
1295 1124 1329 1153 in

124 1179 240 1209 vicinis
257 1179 439 1221 Carthagini
454 1180 604 1211 litoribus
618 1181 676 1210 iste
689 1180 779 1209 locus
795 1179 852 1217 sit,
871 1186 925 1209 aut
939 1179 1046 1209 suerit.
1063 1179 1084 1209 J
1087 1188 1136 1208 am
1147 1188 1222 1207 cum
1235 1178 1329 1208 talem

123 1234 269 1264 locorum
283 1236 381 1265 situm
397 1245 415 1265 a
432 1236 560 1265 nemine
573 1234 635 1264 alio
655 1240 937 1264 commemoratum
954 1232 1101 1263 viderent
1111 1255 1120 1269 ,
1138 1233 1329 1274 Interpretes

124 1296 199 1329 post
220 1291 385 1327 Servium,
402 1300 497 1330 quem
514 1289 684 1327 habemus,
707 1295 739 1318 et
762 1290 918 1329 Pompon.
938 1287 1093 1319 Sabinum
1115 1287 1180 1317 fere
1203 1289 1239 1317 in
1260 1298 1328 1317 eam

124 1344 315 1372 seutentiam
332 1342 514 1380 discessere,
527 1350 565 1373 ut
583 1349 688 1373 totum
701 1343 810 1372 locum
824 1349 927 1383 poetae
940 1342 1070 1383 ingenio
1084 1341 1210 1379 deberi,
1223 1352 1328 1382 neque

124 1406 199 1427 eum
213 1407 355 1438 unquam
368 1407 442 1427 vere
456 1397 613 1427 exstitisse
628 1397 856 1429 existimarent.
865 1397 905 1426 Et
916 1406 1028 1427 verum
1040 1397 1151 1436 utique
1166 1403 1225 1434 est,
1240 1397 1329 1438 quod

122 1452 188 1491 jam
201 1452 347 1482 Macrob.
365 1453 396 1481 V
410 1454 472 1483 Sat.
489 1453 507 1482 3
522 1459 554 1481 et
569 1452 696 1482 Servius
713 1451 752 1481 ad
769 1451 802 1481 h.
824 1451 846 1481 l.
863 1457 1034 1489 notarunt,
1056 1457 1182 1492 poetam
1198 1462 1327 1493 expres-

126 1508 201 1537 sisse
219 1506 456 1536 nobilissimum
472 1507 606 1537 Homeri
626 1505 735 1536 locum
750 1505 790 1535 de
806 1505 990 1546 Phorcynio
1007 1512 1105 1546 portu
1120 1513 1152 1536 et
1166 1506 1332 1548 Nympha-

125 1570 198 1601 rum
216 1567 307 1591 antro
318 1583 326 1598 ‚
348 1559 410 1591 Od.
424 1571 456 1597 ν,
479 1560 522 1601 96
543 1570 612 1600 sqq.
627 1566 721 1600 atque
744 1559 822 1590 adeo
846 1559 1042 1589 transtulisse
1057 1569 1109 1598 ea,
1126 1570 1198 1600 qnae
1215 1562 1329 1592 Home-

124 1625 180 1645 rus
211 1614 250 1644 de
279 1615 385 1645 insula
407 1615 516 1644 Ithaca
547 1621 796 1652 memoraverat,
825 1613 867 1644 ad
889 1612 1071 1644 ornandum
1095 1614 1172 1644 lit'us
1199 1615 1327 1647 Africae.

125 1670 299 1701 Enimvero
319 1669 457 1699 mutavit
475 1679 544 1699 non
559 1679 680 1710 pauca,
704 1676 742 1699 ut
766 1669 833 1699 sive
856 1675 989 1698 certasse
1010 1679 1085 1699 cum
1105 1670 1247 1701 Homero
1261 1672 1328 1702 sive

125 1724 204 1754 certi
217 1723 283 1754 loci
302 1731 424 1754 naturae
440 1733 495 1754 sua
511 1723 765 1754 accommodasse
788 1722 889 1754 videri
904 1722 1027 1754 debeat.
1047 1725 1149 1754 Fuere
1165 1735 1267 1765 porro
1278 1727 1330 1756 in-

125 1786 278 1821 terpretes
289 1801 298 1817 ‚
315 1780 371 1820 qui
382 1802 390 1817 ‚
407 1778 586 1810 secundum
599 1779 746 1810 Servium
756 1801 765 1817 ,
780 1784 908 1819 poetam
919 1785 1051 1819 portum
1061 1788 1155 1809 suum
1165 1778 1204 1809 ad
1217 1787 1329 1821 portus

126 1844 219 1864 novae
235 1834 434 1876 Carthaginis
450 1835 485 1864 in
506 1834 659 1875 Hispania
677 1835 815 1875 speciem
837 1833 1040 1863 adumbrasse
1056 1840 1226 1874 putarent;
1248 1846 1329 1876 quo-

127 1891 211 1920 niam
228 1890 314 1931 apud
330 1891 457 1920 Livium
475 1889 648 1931 descriptio
665 1890 757 1920 istius
775 1895 887 1930 portus
902 1895 950 1919 est
965 1888 1042 1919 huic
1057 1889 1131 1920 loco
1149 1890 1306 1921 simillima
1321 1902 1329 1923 ε

126 1944 183 1974 lib.
209 1945 338 1982 XXVI,
362 1945 403 1980 43
433 1944 579 1974 Ceterum
604 1943 667 1974 sita
696 1942 858 1985 Carthago
882 1942 927 1973 sic
950 1950 1006 1974 esc.
1035 1942 1131 1973 Sinus
1157 1951 1205 1974 esc
1231 1943 1330 1974 maris

128 1997 235 2028 media
239 1997 316 2039 fere
332 1997 501 2038 Hispaniae·
520 2007 597 2035 ora,
617 1997 762 2028 maxime
777 1997 890 2040 Asn'co
901 2004 1003 2028 vento
1021 1996 1180 2038 oppositus
1198 2004 1231 2027 ee
1241 1997 1331 2038 quin-

128 2059 308 2093 quagentos
315 2063 432 2093 passus
445 2052 598 2082 introrsus
611 2059 775 2083 retractus.
786 2068 833 2075 -—
842 2049 945 2093 Hujus
963 2050 997 2080 in
1012 2050 1092 2081 ostio
1109 2050 1215 2087 sinus,
1226 2061 1331 2092 parva

129 2105 233 2135 insula
257 2106 380 2148 objecta
407 2107 448 2136 ab
473 2107 541 2137 alto
561 2113 692 2147 porcum
718 2105 759 2135 ab
792 2104 936 2135 omnibus
961 2103 1086 2141 ventis,
1111 2112 1330 2146 pra’terquam

129 2158 261 2201 Africo,
284 2167 383 2190 tutum
397 2160 507 2202 flzcic;
527 2161 568 2190 ab
591 2160 705 2191 intimo
728 2159 799 2190 sinu
814 2158 991 2200 peninsula
1012 2159 1168 2196 excurrit,
1193 2159 1331 2190 tumulus

130 2212 156 2243 is
181 2212 247 2254 ipse
274 2213 307 2244 in
321 2224 383 2255 quo
402 2215 532 2246 condita
548 2214 620 2246 urbs
638 2215 916 2255 est.Prospectu1n
930 2213 1020 2243 urbis
1035 2212 1227 2244 delineatum
1242 2211 1331 2244 dedu
