<?xml version="1.0" encoding="UTF-8"?>
<!DOCTYPE html PUBLIC "-//W3C//DTD XHTML 1.0 Transitional//EN"
    "http://www.w3.org/TR/xhtml1/DTD/xhtml1-transitional.dtd">
<html xmlns="http://www.w3.org/1999/xhtml" xml:lang="en" lang="en">
 <head>
  <title>
</title>
<meta http-equiv="Content-Type" content="text/html;charset=utf-8" />
  <meta name='ocr-system' content='tesseract 3.04.00' />
  <meta name='ocr-capabilities' content='ocr_page ocr_carea ocr_par ocr_line ocrx_word'/>
</head>
<body>
  <div class='ocr_page' id='page_1' title='image "./operahey02virguoft_0147.png"; bbox 0 0 1433 2460; ppageno 0'>
   <div class='ocr_carea' id='block_1_1' title="bbox 562 88 750 120">
    <p class='ocr_par' dir='ltr' id='par_1_1' title="bbox 562 88 750 120">
     <span class='ocr_line' id='line_1_1' title="bbox 562 88 750 120; baseline 0 -2"><span class='ocrx_word' id='word_1_1' title='bbox 562 88 684 120; x_wconf 83' lang='lat' dir='ltr'>LIBER</span> <span class='ocrx_word' id='word_1_2' title='bbox 709 90 750 119; x_wconf 83' lang='lat'>11.</span> 
     </span>
    </p>
   </div>
   <div class='ocr_carea' id='block_1_2' title="bbox 1200 93 1261 123">
    <p class='ocr_par' dir='ltr' id='par_1_2' title="bbox 1200 93 1261 123">
     <span class='ocr_line' id='line_1_2' title="bbox 1200 93 1261 123; baseline 0.016 -1"><span class='ocrx_word' id='word_1_3' title='bbox 1200 93 1261 123; x_wconf 79' lang='lat'>133</span> 
     </span>
    </p>
   </div>
   <div class='ocr_carea' id='block_1_3' title="bbox 57 148 1261 502">
    <p class='ocr_par' dir='ltr' id='par_1_3' title="bbox 57 148 1261 383">
     <span class='ocr_line' id='line_1_3' title="bbox 57 148 1023 194; baseline -0.001 -8"><span class='ocrx_word' id='word_1_4' title='bbox 57 151 226 194; x_wconf 81' lang='lat' dir='ltr'><strong>Taurus,</strong></span> <span class='ocrx_word' id='word_1_5' title='bbox 247 157 283 185; x_wconf 90' lang='lat' dir='ltr'>et</span> <span class='ocrx_word' id='word_1_6' title='bbox 300 148 483 185; x_wconf 82' lang='lat' dir='ltr'>incertam</span> <span class='ocrx_word' id='word_1_7' title='bbox 500 148 667 185; x_wconf 86' lang='lat' dir='ltr'><strong>excussit</strong></span> <span class='ocrx_word' id='word_1_8' title='bbox 683 148 831 186; x_wconf 76' lang='lat' dir='ltr'>cervice</span> <span class='ocrx_word' id='word_1_9' title='bbox 849 150 1023 188; x_wconf 83' lang='lat' dir='ltr'>securim.</span> 
     </span>
     <span class='ocr_line' id='line_1_4' title="bbox 60 207 1261 260; baseline -0.001 -13"><span class='ocrx_word' id='word_1_10' title='bbox 60 214 110 247; x_wconf 88' lang='lat' dir='ltr'>At</span> <span class='ocrx_word' id='word_1_11' title='bbox 127 209 265 259; x_wconf 82' lang='lat' dir='ltr'>gemini</span> <span class='ocrx_word' id='word_1_12' title='bbox 282 209 389 259; x_wconf 89' lang='lat' dir='ltr'>lapsu</span> <span class='ocrx_word' id='word_1_13' title='bbox 405 207 563 246; x_wconf 88' lang='lat' dir='ltr'>delubra</span> <span class='ocrx_word' id='word_1_14' title='bbox 580 208 629 246; x_wconf 86' lang='lat' dir='ltr'>ad</span> <span class='ocrx_word' id='word_1_15' title='bbox 647 221 792 247; x_wconf 86' lang='lat' dir='ltr'>summa</span> <span class='ocrx_word' id='word_1_16' title='bbox 813 211 995 260; x_wconf 89' lang='lat' dir='ltr'>dracones</span> <span class='ocrx_word' id='word_1_17' title='bbox 1214 223 1261 246; x_wconf 75' lang='lat'>225</span> 
     </span>
     <span class='ocr_line' id='line_1_5' title="bbox 61 271 1024 321; baseline 0.002 -13"><span class='ocrx_word' id='word_1_18' title='bbox 61 271 277 321; x_wconf 80' lang='lat' dir='ltr'>Effugiunt,</span> <span class='ocrx_word' id='word_1_19' title='bbox 296 282 480 320; x_wconf 73' lang='lat' dir='ltr'>saevaeque</span> <span class='ocrx_word' id='word_1_20' title='bbox 500 278 636 321; x_wconf 87' lang='lat' dir='ltr'>petunt</span> <span class='ocrx_word' id='word_1_21' title='bbox 651 271 860 309; x_wconf 87' lang='lat' dir='ltr'>Tritonidis</span> <span class='ocrx_word' id='word_1_22' title='bbox 881 285 1024 319; x_wconf 87' lang='lat' dir='ltr'>arcem,</span> 
     </span>
     <span class='ocr_line' id='line_1_6' title="bbox 60 329 1130 383; baseline 0.002 -16"><span class='ocrx_word' id='word_1_23' title='bbox 60 330 140 368; x_wconf 88' lang='lat' dir='ltr'>Sub</span> <span class='ocrx_word' id='word_1_24' title='bbox 160 329 399 380; x_wconf 82' lang='lat' dir='ltr'>pedibusque</span> <span class='ocrx_word' id='word_1_25' title='bbox 413 330 492 368; x_wconf 88' lang='lat' dir='ltr'>deae</span> <span class='ocrx_word' id='word_1_26' title='bbox 503 359 513 376; x_wconf 88' lang='lat'>‚</span> <span class='ocrx_word' id='word_1_27' title='bbox 530 332 731 381; x_wconf 74' lang='lat' dir='ltr'>clypeique</span> <span class='ocrx_word' id='word_1_28' title='bbox 747 332 818 369; x_wconf 89' lang='lat' dir='ltr'>sub</span> <span class='ocrx_word' id='word_1_29' title='bbox 836 331 929 369; x_wconf 81' lang='lat' dir='ltr'>orbe</span> <span class='ocrx_word' id='word_1_30' title='bbox 941 340 1130 383; x_wconf 81' lang='lat' dir='ltr'>teguntur.</span> 
     </span>
    </p>

    <p class='ocr_par' dir='ltr' id='par_1_4' title="bbox 58 391 1133 502">
     <span class='ocr_line' id='line_1_7' title="bbox 112 391 1133 442; baseline 0.002 -14"><span class='ocrx_word' id='word_1_31' title='bbox 112 394 210 428; x_wconf 92' lang='lat' dir='ltr'>Tum</span> <span class='ocrx_word' id='word_1_32' title='bbox 230 403 323 427; x_wconf 78' lang='lat' dir='ltr'>vero</span> <span class='ocrx_word' id='word_1_33' title='bbox 342 391 561 428; x_wconf 79' lang='lat' dir='ltr'>tremefacta</span> <span class='ocrx_word' id='word_1_34' title='bbox 582 404 704 428; x_wconf 84' lang='lat' dir='ltr'>novus</span> <span class='ocrx_word' id='word_1_35' title='bbox 724 405 794 441; x_wconf 86' lang='lat' dir='ltr'>per</span> <span class='ocrx_word' id='word_1_36' title='bbox 813 401 969 442; x_wconf 85' lang='lat' dir='ltr'>pectora</span> <span class='ocrx_word' id='word_1_37' title='bbox 989 393 1133 430; x_wconf 82' lang='lat' dir='ltr'>cunctis</span> 
     </span>
     <span class='ocr_line' id='line_1_8' title="bbox 58 452 1037 502; baseline 0.002 -14"><span class='ocrx_word' id='word_1_38' title='bbox 58 452 227 489; x_wconf 90' lang='lat' dir='ltr'>Insinuat</span> <span class='ocrx_word' id='word_1_39' title='bbox 244 464 384 501; x_wconf 77' lang='lat' dir='ltr'>pav0r3</span> <span class='ocrx_word' id='word_1_40' title='bbox 400 459 437 487; x_wconf 82' lang='lat' dir='ltr'>et</span> <span class='ocrx_word' id='word_1_41' title='bbox 454 452 573 489; x_wconf 87' lang='lat' dir='ltr'>scelus</span> <span class='ocrx_word' id='word_1_42' title='bbox 590 453 814 502; x_wconf 77' lang='lat' dir='ltr'><strong>expendisse</strong></span> <span class='ocrx_word' id='word_1_43' title='bbox 830 462 1037 490; x_wconf 86' lang='lat' dir='ltr'>merentem</span> 
     </span>
    </p>
   </div>
   <div class='ocr_carea' id='block_1_4' title="bbox 58 511 1001 562">
    <p class='ocr_par' dir='ltr' id='par_1_5' title="bbox 58 511 1001 562">
     <span class='ocr_line' id='line_1_9' title="bbox 58 511 1001 562; baseline 0 -13"><span class='ocrx_word' id='word_1_44' title='bbox 58 515 276 550; x_wconf 82' lang='lat' dir='ltr'>Laocoonta</span> <span class='ocrx_word' id='word_1_45' title='bbox 295 511 440 557; x_wconf 87' lang='lat' dir='ltr'>ferunt,</span> <span class='ocrx_word' id='word_1_46' title='bbox 459 525 607 548; x_wconf 85' lang='lat' dir='ltr'>sacrum</span> <span class='ocrx_word' id='word_1_47' title='bbox 625 513 689 562; x_wconf 86' lang='lat' dir='ltr'>qui</span> <span class='ocrx_word' id='word_1_48' title='bbox 707 512 863 562; x_wconf 83' lang='lat' dir='ltr'>cuspide</span> <span class='ocrx_word' id='word_1_49' title='bbox 881 512 1001 550; x_wconf 88' lang='lat' dir='ltr'>robur</span> 
     </span>
    </p>
   </div>
   <div class='ocr_carea' id='block_1_5' title="bbox 1213 523 1260 548">
    <p class='ocr_par' dir='ltr' id='par_1_6' title="bbox 1213 523 1260 548">
     <span class='ocr_line' id='line_1_10' title="bbox 1213 523 1260 548; baseline -0.021 0"><span class='ocrx_word' id='word_1_50' title='bbox 1213 523 1260 548; x_wconf 82' lang='lat'>230</span> 
     </span>
    </p>
   </div>
   <div class='ocr_carea' id='block_1_6' title="bbox 54 572 1105 683">
    <p class='ocr_par' dir='ltr' id='par_1_7' title="bbox 54 572 1105 683">
     <span class='ocr_line' id='line_1_11' title="bbox 58 572 1036 623; baseline 0 -13"><span class='ocrx_word' id='word_1_51' title='bbox 58 574 212 611; x_wconf 86' lang='lat' dir='ltr'>Laeserit</span> <span class='ocrx_word' id='word_1_52' title='bbox 223 602 232 620; x_wconf 92' lang='lat'><strong>,</strong></span> <span class='ocrx_word' id='word_1_53' title='bbox 249 581 285 611; x_wconf 90' lang='lat' dir='ltr'>et</span> <span class='ocrx_word' id='word_1_54' title='bbox 306 581 414 623; x_wconf 76' lang='lat' dir='ltr'>tergo</span> <span class='ocrx_word' id='word_1_55' title='bbox 432 572 651 610; x_wconf 84' lang='lat' dir='ltr'>sceleratam</span> <span class='ocrx_word' id='word_1_56' title='bbox 668 573 863 610; x_wconf 79' lang='lat' dir='ltr'>intorserit</span> <span class='ocrx_word' id='word_1_57' title='bbox 880 574 1036 611; x_wconf 86' lang='lat' dir='ltr'><strong>hastam.</strong></span> 
     </span>
     <span class='ocr_line' id='line_1_12' title="bbox 54 632 1105 683; baseline -0.002 -11"><span class='ocrx_word' id='word_1_58' title='bbox 54 634 279 672; x_wconf 85' lang='lat' dir='ltr'>Ducendum</span> <span class='ocrx_word' id='word_1_59' title='bbox 298 634 345 671; x_wconf 90' lang='lat' dir='ltr'>ad</span> <span class='ocrx_word' id='word_1_60' title='bbox 366 632 472 670; x_wconf 82' lang='lat' dir='ltr'>sedes</span> <span class='ocrx_word' id='word_1_61' title='bbox 489 633 751 679; x_wconf 82' lang='lat' dir='ltr'>simulacrum,</span> <span class='ocrx_word' id='word_1_62' title='bbox 769 633 988 683; x_wconf 86' lang='lat' dir='ltr'>orandaque</span> <span class='ocrx_word' id='word_1_63' title='bbox 1009 634 1105 670; x_wconf 78' lang='lat' dir='ltr'>divae</span> 
     </span>
    </p>
   </div>
   <div class='ocr_carea' id='block_1_7' title="bbox 53 693 483 730">
    <p class='ocr_par' dir='ltr' id='par_1_8' title="bbox 53 693 483 730">
     <span class='ocr_line' id='line_1_13' title="bbox 53 693 483 730; baseline -0.005 0"><span class='ocrx_word' id='word_1_64' title='bbox 53 694 218 730; x_wconf 86' lang='lat' dir='ltr'>Numina</span> <span class='ocrx_word' id='word_1_65' title='bbox 238 693 483 730; x_wconf 85' lang='lat' dir='ltr'>conclamant.</span> 
     </span>
    </p>
   </div>
   <div class='ocr_carea' id='block_1_8' title="bbox 55 750 997 801">
    <p class='ocr_par' dir='ltr' id='par_1_9' title="bbox 55 750 997 801">
     <span class='ocr_line' id='line_1_14' title="bbox 55 750 997 801; baseline -0.001 -11"><span class='ocrx_word' id='word_1_66' title='bbox 55 754 269 791; x_wconf 76' lang='lat' dir='ltr'>Dividimus</span> <span class='ocrx_word' id='word_1_67' title='bbox 286 765 434 798; x_wconf 88' lang='lat' dir='ltr'>muros,</span> <span class='ocrx_word' id='word_1_68' title='bbox 453 761 489 789; x_wconf 90' lang='lat' dir='ltr'>et</span> <span class='ocrx_word' id='word_1_69' title='bbox 506 752 643 788; x_wconf 86' lang='lat' dir='ltr'>moenia</span> <span class='ocrx_word' id='word_1_70' title='bbox 662 750 863 801; x_wconf 88' lang='lat' dir='ltr'>pandimus</span> <span class='ocrx_word' id='word_1_71' title='bbox 880 750 997 789; x_wconf 85' lang='lat' dir='ltr'>urbis.</span> 
     </span>
    </p>
   </div>
   <div class='ocr_carea' id='block_1_9' title="bbox 40 877 628 2267">
    <p class='ocr_par' dir='ltr' id='par_1_10' title="bbox 49 877 628 1153">
     <span class='ocr_line' id='line_1_15' title="bbox 53 877 625 920; baseline -0.005 -10"><span class='ocrx_word' id='word_1_72' title='bbox 53 882 118 917; x_wconf 79' lang='lat' dir='ltr'>VI,</span> <span class='ocrx_word' id='word_1_73' title='bbox 151 881 190 910; x_wconf 84' lang='lat'>13</span> <span class='ocrx_word' id='word_1_74' title='bbox 225 879 338 920; x_wconf 81' lang='lat' dir='ltr'>Qualis</span> <span class='ocrx_word' id='word_1_75' title='bbox 360 889 402 909; x_wconf 87' lang='lat' dir='ltr'>m.</span> <span class='ocrx_word' id='word_1_76' title='bbox 427 877 527 919; x_wconf 88' lang='lat' dir='ltr'>Apud</span> <span class='ocrx_word' id='word_1_77' title='bbox 550 880 625 908; x_wconf 88' lang='lat' dir='ltr'>Lac-</span> 
     </span>
     <span class='ocr_line' id='line_1_16' title="bbox 52 925 627 957; baseline -0.003 0"><span class='ocrx_word' id='word_1_78' title='bbox 52 933 129 957; x_wconf 85' lang='lat' dir='ltr'>tant.</span> <span class='ocrx_word' id='word_1_79' title='bbox 141 925 180 956; x_wconf 84' lang='lat' dir='ltr'>de</span> <span class='ocrx_word' id='word_1_80' title='bbox 194 928 240 957; x_wconf 88' lang='lat' dir='ltr'>M.</span> <span class='ocrx_word' id='word_1_81' title='bbox 253 926 372 957; x_wconf 84' lang='lat' dir='ltr'>Perfec.</span> <span class='ocrx_word' id='word_1_82' title='bbox 385 926 424 955; x_wconf 82' lang='lat'>33</span> <span class='ocrx_word' id='word_1_83' title='bbox 441 925 553 954; x_wconf 68' lang='lat' dir='ltr'>vitiose</span> <span class='ocrx_word' id='word_1_84' title='bbox 562 925 627 955; x_wconf 91' lang='lat' dir='ltr'>lau-</span> 
     </span>
     <span class='ocr_line' id='line_1_17' title="bbox 52 970 628 1014; baseline -0.003 -12"><span class='ocrx_word' id='word_1_85' title='bbox 52 973 146 1003; x_wconf 86' lang='lat' dir='ltr'>datur</span> <span class='ocrx_word' id='word_1_86' title='bbox 160 983 168 1004; x_wconf 90' lang='lat'><strong>:</strong></span> <span class='ocrx_word' id='word_1_87' title='bbox 183 973 295 1014; x_wconf 54' lang='lat' dir='ltr'>quasses</span> <span class='ocrx_word' id='word_1_88' title='bbox 316 970 628 1014; x_wconf 75' lang='lat' dir='ltr'>mngieusfingitsau-</span> 
     </span>
     <span class='ocr_line' id='line_1_18' title="bbox 50 1018 628 1050; baseline 0 -2"><span class='ocrx_word' id='word_1_89' title='bbox 50 1019 117 1049; x_wconf 81' lang='lat' dir='ltr'>cius</span> <span class='ocrx_word' id='word_1_90' title='bbox 134 1026 252 1050; x_wconf 76' lang='lat' dir='ltr'>taurus.</span> <span class='ocrx_word' id='word_1_91' title='bbox 270 1021 372 1049; x_wconf 83' lang='lat' dir='ltr'>Aram</span> <span class='ocrx_word' id='word_1_92' title='bbox 398 1020 508 1048; x_wconf 87' lang='lat' dir='ltr'>Heius.</span> <span class='ocrx_word' id='word_1_93' title='bbox 529 1028 569 1048; x_wconf 81' lang='lat' dir='ltr'>ex</span> <span class='ocrx_word' id='word_1_94' title='bbox 590 1018 628 1048; x_wconf 95' lang='lat' dir='ltr'>li-</span> 
     </span>
     <span class='ocr_line' id='line_1_19' title="bbox 49 1064 628 1107; baseline -0.003 -12"><span class='ocrx_word' id='word_1_95' title='bbox 49 1066 115 1095; x_wconf 81' lang='lat' dir='ltr'>bris</span> <span class='ocrx_word' id='word_1_96' title='bbox 125 1089 132 1103; x_wconf 92' lang='lat'>,</span> <span class='ocrx_word' id='word_1_97' title='bbox 147 1073 219 1107; x_wconf 86' lang='lat' dir='ltr'>post</span> <span class='ocrx_word' id='word_1_98' title='bbox 229 1067 368 1096; x_wconf 87' lang='lat' dir='ltr'>Pierium</span> <span class='ocrx_word' id='word_1_99' title='bbox 377 1065 536 1106; x_wconf 70' lang='lat' dir='ltr'>probavit.</span> <span class='ocrx_word' id='word_1_100' title='bbox 548 1064 628 1094; x_wconf 77' lang='lat' dir='ltr'>Vul-</span> 
     </span>
     <span class='ocr_line' id='line_1_20' title="bbox 50 1123 192 1153; baseline -0.007 -11"><span class='ocrx_word' id='word_1_101' title='bbox 50 1123 90 1153; x_wconf 83' lang='lat' dir='ltr'>go</span> <span class='ocrx_word' id='word_1_102' title='bbox 106 1123 192 1142; x_wconf 86' lang='lat' dir='ltr'>aras.</span> 
     </span>
    </p>

    <p class='ocr_par' dir='ltr' id='par_1_11' title="bbox 40 1156 628 2267">
     <span class='ocr_line' id='line_1_21' title="bbox 99 1156 628 1199; baseline -0.004 -11"><span class='ocrx_word' id='word_1_103' title='bbox 99 1160 218 1189; x_wconf 86' lang='lat'><strong>225——</strong></span> <span class='ocrx_word' id='word_1_104' title='bbox 234 1168 310 1196; x_wconf 80' lang='lat'>227.</span> <span class='ocrx_word' id='word_1_105' title='bbox 338 1160 443 1198; x_wconf 77' lang='lat' dir='ltr'>Lapsa</span> <span class='ocrx_word' id='word_1_106' title='bbox 466 1156 628 1199; x_wconf 56' lang='lat' dir='ltr'>effugiunt</span> 
     </span>
     <span class='ocr_line' id='line_1_22' title="bbox 49 1204 624 1245; baseline -0.005 -11"><span class='ocrx_word' id='word_1_107' title='bbox 49 1211 159 1235; x_wconf 83' lang='lat' dir='ltr'>ornate</span> <span class='ocrx_word' id='word_1_108' title='bbox 187 1215 247 1245; x_wconf 86' lang='lat' dir='ltr'>pro</span> <span class='ocrx_word' id='word_1_109' title='bbox 282 1204 453 1239; x_wconf 78' lang='lat' dir='ltr'>labuntur,</span> <span class='ocrx_word' id='word_1_110' title='bbox 472 1210 624 1243; x_wconf 85' lang='lat' dir='ltr'>serpunt;</span> 
     </span>
     <span class='ocr_line' id='line_1_23' title="bbox 48 1249 622 1291; baseline -0.003 -11"><span class='ocrx_word' id='word_1_111' title='bbox 48 1262 87 1281; x_wconf 89' lang='lat' dir='ltr'>ne</span> <span class='ocrx_word' id='word_1_112' title='bbox 104 1251 195 1291; x_wconf 81' lang='lat' dir='ltr'>lapsu</span> <span class='ocrx_word' id='word_1_113' title='bbox 209 1250 294 1280; x_wconf 90' lang='lat' dir='ltr'>nude</span> <span class='ocrx_word' id='word_1_114' title='bbox 310 1258 390 1279; x_wconf 80' lang='lat' dir='ltr'>stare</span> <span class='ocrx_word' id='word_1_115' title='bbox 405 1256 507 1289; x_wconf 90' lang='lat' dir='ltr'>putes.</span> <span class='ocrx_word' id='word_1_116' title='bbox 523 1249 622 1278; x_wconf 85' lang='lat' dir='ltr'>Delu-</span> 
     </span>
     <span class='ocr_line' id='line_1_24' title="bbox 46 1296 620 1332; baseline -0.003 -6"><span class='ocrx_word' id='word_1_117' title='bbox 46 1297 102 1326; x_wconf 88' lang='lat' dir='ltr'>bra</span> <span class='ocrx_word' id='word_1_118' title='bbox 124 1297 171 1326; x_wconf 87' lang='lat' dir='ltr'>ad</span> <span class='ocrx_word' id='word_1_119' title='bbox 193 1307 336 1332; x_wconf 83' lang='lat' dir='ltr'>summa,</span> <span class='ocrx_word' id='word_1_120' title='bbox 359 1296 514 1325; x_wconf 75' lang='lat' dir='ltr'>Minervae</span> <span class='ocrx_word' id='word_1_121' title='bbox 541 1302 620 1324; x_wconf 84' lang='lat' dir='ltr'>tem-</span> 
     </span>
     <span class='ocr_line' id='line_1_25' title="bbox 45 1342 621 1384; baseline -0.003 -11"><span class='ocrx_word' id='word_1_122' title='bbox 45 1344 133 1384; x_wconf 88' lang='lat' dir='ltr'>plum</span> <span class='ocrx_word' id='word_1_123' title='bbox 158 1344 193 1372; x_wconf 88' lang='lat' dir='ltr'>in</span> <span class='ocrx_word' id='word_1_124' title='bbox 220 1353 291 1372; x_wconf 82' lang='lat' dir='ltr'>arce</span> <span class='ocrx_word' id='word_1_125' title='bbox 317 1351 450 1372; x_wconf 87' lang='lat' dir='ltr'>summa.</span> <span class='ocrx_word' id='word_1_126' title='bbox 474 1342 621 1371; x_wconf 84' lang='lat' dir='ltr'>Minerva</span> 
     </span>
     <span class='ocr_line' id='line_1_26' title="bbox 44 1389 622 1427; baseline -0.003 -7"><span class='ocrx_word' id='word_1_127' title='bbox 44 1390 77 1420; x_wconf 88' lang='lat' dir='ltr'>h.</span> <span class='ocrx_word' id='word_1_128' title='bbox 105 1389 127 1420; x_wconf 93' lang='lat' dir='ltr'>l.</span> <span class='ocrx_word' id='word_1_129' title='bbox 157 1399 241 1420; x_wconf 81' lang='lat' dir='ltr'>soeva</span> <span class='ocrx_word' id='word_1_130' title='bbox 252 1412 261 1427; x_wconf 86' lang='lat'>‚</span> <span class='ocrx_word' id='word_1_131' title='bbox 287 1390 364 1419; x_wconf 87' lang='lat' dir='ltr'>irata</span> <span class='ocrx_word' id='word_1_132' title='bbox 395 1389 550 1426; x_wconf 86' lang='lat' dir='ltr'>Trojanis.</span> <span class='ocrx_word' id='word_1_133' title='bbox 576 1390 622 1418; x_wconf 86' lang='lat' dir='ltr'>At</span> 
     </span>
     <span class='ocr_line' id='line_1_27' title="bbox 44 1434 622 1475; baseline -0.005 -9"><span class='ocrx_word' id='word_1_134' title='bbox 44 1435 219 1466; x_wconf 83' lang='lat' dir='ltr'>Palladium</span> <span class='ocrx_word' id='word_1_135' title='bbox 241 1447 281 1466; x_wconf 85' lang='lat' dir='ltr'>ex</span> <span class='ocrx_word' id='word_1_136' title='bbox 299 1446 369 1466; x_wconf 87' lang='lat' dir='ltr'>arce</span> <span class='ocrx_word' id='word_1_137' title='bbox 385 1434 554 1475; x_wconf 83' lang='lat' dir='ltr'>abreptum</span> <span class='ocrx_word' id='word_1_138' title='bbox 569 1445 622 1464; x_wconf 90' lang='lat' dir='ltr'>su-</span> 
     </span>
     <span class='ocr_line' id='line_1_28' title="bbox 42 1480 620 1523; baseline -0.003 -11"><span class='ocrx_word' id='word_1_139' title='bbox 42 1493 99 1523; x_wconf 85' lang='lat' dir='ltr'>pra</span> <span class='ocrx_word' id='word_1_140' title='bbox 115 1482 254 1512; x_wconf 87' lang='lat' dir='ltr'>vidimus</span> <span class='ocrx_word' id='word_1_141' title='bbox 265 1505 274 1520; x_wconf 86' lang='lat'><strong>,</strong></span> <span class='ocrx_word' id='word_1_142' title='bbox 289 1493 321 1512; x_wconf 79' lang='lat' dir='ltr'>v.</span> <span class='ocrx_word' id='word_1_143' title='bbox 341 1482 404 1518; x_wconf 74' lang='lat'>164</span> <span class='ocrx_word' id='word_1_144' title='bbox 422 1491 429 1512; x_wconf 73' lang='grc' dir='ltr'>ε</span> <span class='ocrx_word' id='word_1_145' title='bbox 445 1480 531 1511; x_wconf 85' lang='lat' dir='ltr'>unde</span> <span class='ocrx_word' id='word_1_146' title='bbox 545 1491 620 1522; x_wconf 84' lang='lat' dir='ltr'>ergo</span> 
     </span>
     <span class='ocr_line' id='line_1_29' title="bbox 42 1527 620 1569; baseline -0.002 -11"><span class='ocrx_word' id='word_1_147' title='bbox 42 1528 74 1559; x_wconf 88' lang='lat' dir='ltr'>h.</span> <span class='ocrx_word' id='word_1_148' title='bbox 93 1529 114 1559; x_wconf 91' lang='lat' dir='ltr'>l.</span> <span class='ocrx_word' id='word_1_149' title='bbox 131 1529 265 1560; x_wconf 81' lang='lat' dir='ltr'>Palladis</span> <span class='ocrx_word' id='word_1_150' title='bbox 279 1529 430 1569; x_wconf 83' lang='lat' dir='ltr'>signum?</span> <span class='ocrx_word' id='word_1_151' title='bbox 446 1527 620 1558; x_wconf 81' lang='lat' dir='ltr'>dicendum</span> 
     </span>
     <span class='ocr_line' id='line_1_30' title="bbox 41 1574 618 1613; baseline 0 -9"><span class='ocrx_word' id='word_1_152' title='bbox 41 1575 180 1613; x_wconf 78' lang='lat' dir='ltr'>scilicet,</span> <span class='ocrx_word' id='word_1_153' title='bbox 198 1576 291 1605; x_wconf 83' lang='lat' dir='ltr'>fuisse</span> <span class='ocrx_word' id='word_1_154' title='bbox 307 1574 393 1605; x_wconf 83' lang='lat' dir='ltr'>aliud</span> <span class='ocrx_word' id='word_1_155' title='bbox 407 1585 442 1604; x_wconf 85' lang='lat' dir='ltr'>ac</span> <span class='ocrx_word' id='word_1_156' title='bbox 457 1575 618 1605; x_wconf 74' lang='lat' dir='ltr'>diversum</span> 
     </span>
     <span class='ocr_line' id='line_1_31' title="bbox 43 1620 617 1663; baseline 0.002 -12"><span class='ocrx_word' id='word_1_157' title='bbox 43 1621 82 1651; x_wconf 88' lang='lat' dir='ltr'>ab</span> <span class='ocrx_word' id='word_1_158' title='bbox 94 1621 150 1652; x_wconf 87' lang='lat' dir='ltr'>illo</span> <span class='ocrx_word' id='word_1_159' title='bbox 161 1632 280 1652; x_wconf 82' lang='lat' dir='ltr'>arcanae</span> <span class='ocrx_word' id='word_1_160' title='bbox 293 1622 455 1663; x_wconf 84' lang='lat' dir='ltr'>religionis</span> <span class='ocrx_word' id='word_1_161' title='bbox 467 1620 617 1652; x_wconf 85' lang='lat' dir='ltr'>Palladio.</span> 
     </span>
     <span class='ocr_line' id='line_1_32' title="bbox 45 1667 616 1708; baseline 0.002 -11"><span class='ocrx_word' id='word_1_162' title='bbox 45 1668 107 1697; x_wconf 79' lang='lat' dir='ltr'>Sub</span> <span class='ocrx_word' id='word_1_163' title='bbox 122 1667 275 1708; x_wconf 83' lang='lat' dir='ltr'>pedibus,</span> <span class='ocrx_word' id='word_1_164' title='bbox 293 1668 327 1698; x_wconf 89' lang='lat' dir='ltr'>h.</span> <span class='ocrx_word' id='word_1_165' title='bbox 347 1679 373 1698; x_wconf 92' lang='lat' dir='ltr'>e.</span> <span class='ocrx_word' id='word_1_166' title='bbox 393 1669 477 1698; x_wconf 86' lang='lat' dir='ltr'>inter</span> <span class='ocrx_word' id='word_1_167' title='bbox 498 1668 616 1708; x_wconf 87' lang='lat' dir='ltr'>pedes,</span> 
     </span>
     <span class='ocr_line' id='line_1_33' title="bbox 44 1714 618 1755; baseline 0 -11"><span class='ocrx_word' id='word_1_168' title='bbox 44 1721 75 1744; x_wconf 88' lang='lat' dir='ltr'>et</span> <span class='ocrx_word' id='word_1_169' title='bbox 97 1721 171 1754; x_wconf 88' lang='lat' dir='ltr'>post</span> <span class='ocrx_word' id='word_1_170' title='bbox 195 1714 345 1754; x_wconf 91' lang='lat' dir='ltr'>clipeum.</span> <span class='ocrx_word' id='word_1_171' title='bbox 373 1716 504 1755; x_wconf 81' lang='lat' dir='ltr'>Egregie</span> <span class='ocrx_word' id='word_1_172' title='bbox 524 1714 586 1744; x_wconf 91' lang='lat' dir='ltr'>hoc</span> <span class='ocrx_word' id='word_1_173' title='bbox 599 1725 618 1744; x_wconf 89' lang='lat' dir='ltr'>a</span> 
     </span>
     <span class='ocr_line' id='line_1_34' title="bbox 43 1760 618 1802; baseline -0.002 -11"><span class='ocrx_word' id='word_1_174' title='bbox 43 1766 137 1802; x_wconf 83' lang='lat' dir='ltr'>poeta</span> <span class='ocrx_word' id='word_1_175' title='bbox 157 1760 381 1792; x_wconf 84' lang='lat' dir='ltr'>adumbratum</span> <span class='ocrx_word' id='word_1_176' title='bbox 397 1771 438 1790; x_wconf 82' lang='lat' dir='ltr'>ex</span> <span class='ocrx_word' id='word_1_177' title='bbox 458 1772 495 1791; x_wconf 90' lang='lat' dir='ltr'>eo</span> <span class='ocrx_word' id='word_1_178' title='bbox 508 1783 516 1797; x_wconf 93' lang='lat'><strong>‚</strong></span> <span class='ocrx_word' id='word_1_179' title='bbox 530 1760 618 1800; x_wconf 86' lang='lat' dir='ltr'>quod</span> 
     </span>
     <span class='ocr_line' id='line_1_35' title="bbox 42 1804 619 1849; baseline -0.003 -12"><span class='ocrx_word' id='word_1_180' title='bbox 42 1806 176 1838; x_wconf 84' lang='lat' dir='ltr'>Palladis</span> <span class='ocrx_word' id='word_1_181' title='bbox 199 1808 286 1849; x_wconf 87' lang='lat' dir='ltr'>signa</span> <span class='ocrx_word' id='word_1_182' title='bbox 300 1808 312 1847; x_wconf 87' lang='lat'>(</span> <span class='ocrx_word' id='word_1_183' title='bbox 324 1804 443 1847; x_wconf 67' lang='grc' dir='ltr'>ξόανα)</span> <span class='ocrx_word' id='word_1_184' title='bbox 456 1806 619 1836; x_wconf 86' lang='lat' dir='ltr'>interdum</span> 
     </span>
     <span class='ocr_line' id='line_1_36' title="bbox 42 1852 619 1894; baseline -0.003 -10"><span class='ocrx_word' id='word_1_185' title='bbox 42 1853 215 1884; x_wconf 87' lang='lat' dir='ltr'>draconem</span> <span class='ocrx_word' id='word_1_186' title='bbox 236 1853 373 1894; x_wconf 81' lang='lat' dir='ltr'>pedibus</span> <span class='ocrx_word' id='word_1_187' title='bbox 395 1852 619 1893; x_wconf 81' lang='lat' dir='ltr'>adporrectum</span> 
     </span>
     <span class='ocr_line' id='line_1_37' title="bbox 40 1900 619 1941; baseline -0.003 -11"><span class='ocrx_word' id='word_1_188' title='bbox 40 1900 161 1930; x_wconf 87' lang='lat' dir='ltr'>habent</span> <span class='ocrx_word' id='word_1_189' title='bbox 175 1910 183 1932; x_wconf 72' lang='grc' dir='ltr'><em>τ</em></span> <span class='ocrx_word' id='word_1_190' title='bbox 200 1907 236 1930; x_wconf 90' lang='lat' dir='ltr'>ut</span> <span class='ocrx_word' id='word_1_191' title='bbox 253 1901 287 1930; x_wconf 89' lang='lat' dir='ltr'>in</span> <span class='ocrx_word' id='word_1_192' title='bbox 309 1902 378 1941; x_wconf 89' lang='lat' dir='ltr'>ipso</span> <span class='ocrx_word' id='word_1_193' title='bbox 392 1900 447 1929; x_wconf 86' lang='lat' dir='ltr'>illo</span> <span class='ocrx_word' id='word_1_194' title='bbox 467 1906 619 1940; x_wconf 81' lang='lat' dir='ltr'>praestan-</span> 
     </span>
     <span class='ocr_line' id='line_1_38' title="bbox 41 1945 622 1988; baseline -0.003 -11"><span class='ocrx_word' id='word_1_195' title='bbox 41 1947 162 1977; x_wconf 80' lang='lat' dir='ltr'>tissimo</span> <span class='ocrx_word' id='word_1_196' title='bbox 171 1946 291 1978; x_wconf 73' lang='lat' dir='ltr'>Phidjae</span> <span class='ocrx_word' id='word_1_197' title='bbox 300 1948 390 1988; x_wconf 83' lang='lat' dir='ltr'>signo</span> <span class='ocrx_word' id='word_1_198' title='bbox 400 1948 434 1977; x_wconf 91' lang='lat' dir='ltr'>in</span> <span class='ocrx_word' id='word_1_199' title='bbox 443 1956 513 1975; x_wconf 88' lang='lat' dir='ltr'>arce</span> <span class='ocrx_word' id='word_1_200' title='bbox 524 1945 622 1976; x_wconf 77' lang='lat' dir='ltr'>Athe-</span> 
     </span>
     <span class='ocr_line' id='line_1_39' title="bbox 40 1992 620 2031; baseline -0.003 -8"><span class='ocrx_word' id='word_1_201' title='bbox 40 2003 168 2031; x_wconf 78' lang='lat' dir='ltr'>narum.</span> <span class='ocrx_word' id='word_1_202' title='bbox 186 2004 217 2024; x_wconf 91' lang='lat' dir='ltr'>v.</span> <span class='ocrx_word' id='word_1_203' title='bbox 233 1995 324 2024; x_wconf 82' lang='lat' dir='ltr'>Paus.</span> <span class='ocrx_word' id='word_1_204' title='bbox 345 1995 375 2029; x_wconf 94' lang='grc' dir='ltr'>Ι,</span> <span class='ocrx_word' id='word_1_205' title='bbox 403 1998 457 2028; x_wconf 75' lang='lat'>24.</span> <span class='ocrx_word' id='word_1_206' title='bbox 476 1992 561 2023; x_wconf 86' lang='lat' dir='ltr'>Illud</span> <span class='ocrx_word' id='word_1_207' title='bbox 577 1998 620 2021; x_wconf 84' lang='lat' dir='ltr'>ta-</span> 
     </span>
     <span class='ocr_line' id='line_1_40' title="bbox 41 2037 621 2081; baseline -0.005 -11"><span class='ocrx_word' id='word_1_208' title='bbox 41 2050 116 2070; x_wconf 83' lang='lat' dir='ltr'>men</span> <span class='ocrx_word' id='word_1_209' title='bbox 142 2040 216 2070; x_wconf 83' lang='lat' dir='ltr'>satis</span> <span class='ocrx_word' id='word_1_210' title='bbox 239 2046 463 2081; x_wconf 85' lang='lat' dir='ltr'>portentosum</span> <span class='ocrx_word' id='word_1_211' title='bbox 474 2062 482 2075; x_wconf 96' lang='lat'>‚</span> <span class='ocrx_word' id='word_1_212' title='bbox 499 2037 587 2079; x_wconf 86' lang='lat' dir='ltr'>quod</span> <span class='ocrx_word' id='word_1_213' title='bbox 602 2048 621 2067; x_wconf 89' lang='lat' dir='ltr'>a</span> 
     </span>
     <span class='ocr_line' id='line_1_41' title="bbox 42 2084 619 2127; baseline -0.002 -12"><span class='ocrx_word' id='word_1_214' title='bbox 42 2087 122 2116; x_wconf 85' lang='lat' dir='ltr'>mari</span> <span class='ocrx_word' id='word_1_215' title='bbox 135 2096 193 2127; x_wconf 86' lang='lat' dir='ltr'>per</span> <span class='ocrx_word' id='word_1_216' title='bbox 218 2092 366 2127; x_wconf 80' lang='lat' dir='ltr'>campum</span> <span class='ocrx_word' id='word_1_217' title='bbox 380 2087 557 2124; x_wconf 89' lang='lat' dir='ltr'>Trojauum</span> <span class='ocrx_word' id='word_1_218' title='bbox 581 2084 619 2115; x_wconf 85' lang='lat' dir='ltr'>ad</span> 
     </span>
     <span class='ocr_line' id='line_1_42' title="bbox 42 2132 623 2175; baseline 0 -13"><span class='ocrx_word' id='word_1_219' title='bbox 42 2132 157 2162; x_wconf 84' lang='lat' dir='ltr'>urbem</span> <span class='ocrx_word' id='word_1_220' title='bbox 163 2138 194 2162; x_wconf 88' lang='lat' dir='ltr'>et</span> <span class='ocrx_word' id='word_1_221' title='bbox 202 2143 307 2163; x_wconf 88' lang='lat' dir='ltr'>arcem</span> <span class='ocrx_word' id='word_1_222' title='bbox 316 2132 414 2175; x_wconf 65' lang='lat' dir='ltr'>hydri</span> <span class='ocrx_word' id='word_1_223' title='bbox 423 2143 455 2162; x_wconf 89' lang='lat' dir='ltr'>se</span> <span class='ocrx_word' id='word_1_224' title='bbox 463 2132 623 2163; x_wconf 74' lang='lat' dir='ltr'>volvendo</span> 
     </span>
     <span class='ocr_line' id='line_1_43' title="bbox 41 2178 619 2220; baseline 0 -12"><span class='ocrx_word' id='word_1_225' title='bbox 41 2186 267 2218; x_wconf 78' lang='lat' dir='ltr'>pervenerunt.</span> <span class='ocrx_word' id='word_1_226' title='bbox 305 2180 503 2215; x_wconf 73' lang='lat' dir='ltr'>Modestius,</span> <span class='ocrx_word' id='word_1_227' title='bbox 531 2178 619 2220; x_wconf 89' lang='lat' dir='ltr'>quod</span> 
     </span>
     <span class='ocr_line' id='line_1_44' title="bbox 42 2224 617 2267; baseline 0 -12"><span class='ocrx_word' id='word_1_228' title='bbox 42 2224 132 2256; x_wconf 84' lang='lat' dir='ltr'>Iliad.</span> <span class='ocrx_word' id='word_1_229' title='bbox 151 2235 187 2263; x_wconf 91' lang='grc' dir='ltr'>υ,</span> <span class='ocrx_word' id='word_1_230' title='bbox 219 2231 280 2265; x_wconf 71' lang='lat'>147</span> <span class='ocrx_word' id='word_1_231' title='bbox 301 2226 407 2257; x_wconf 84' lang='lat' dir='ltr'>bellua</span> <span class='ocrx_word' id='word_1_232' title='bbox 422 2227 541 2256; x_wconf 83' lang='lat' dir='ltr'>marina</span> <span class='ocrx_word' id='word_1_233' title='bbox 561 2224 617 2267; x_wconf 75' lang='grc' dir='ltr'>(τὸ</span> 
     </span>
    </p>
   </div>
   <div class='ocr_carea' id='block_1_10' title="bbox 169 2293 218 2327">
    <p class='ocr_par' dir='ltr' id='par_1_12' title="bbox 169 2293 218 2327">
     <span class='ocr_line' id='line_1_45' title="bbox 169 2293 218 2327; baseline 0 0"><span class='ocrx_word' id='word_1_234' title='bbox 169 2293 218 2327; x_wconf 92' lang='lat'>11.</span> 
     </span>
    </p>
   </div>
   <div class='ocr_carea' id='block_1_11' title="bbox 672 877 1259 1664">
    <p class='ocr_par' dir='ltr' id='par_1_13' title="bbox 679 877 1259 1002">
     <span class='ocr_line' id='line_1_46' title="bbox 680 877 1258 919; baseline 0.003 -11"><span class='ocrx_word' id='word_1_235' title='bbox 680 877 795 919; x_wconf 68' lang='grc' dir='ltr'>κῆτος)</span> <span class='ocrx_word' id='word_1_236' title='bbox 816 879 1020 919; x_wconf 86' lang='lat' dir='ltr'>persequitur</span> <span class='ocrx_word' id='word_1_237' title='bbox 1047 879 1219 910; x_wconf 81' lang='lat' dir='ltr'>Herculem</span> <span class='ocrx_word' id='word_1_238' title='bbox 1243 891 1258 910; x_wconf 82' lang='lat' dir='ltr'>a</span> 
     </span>
     <span class='ocr_line' id='line_1_47' title="bbox 679 923 1259 966; baseline 0.003 -12"><span class='ocrx_word' id='word_1_239' title='bbox 679 925 774 955; x_wconf 84' lang='lat' dir='ltr'>litore</span> <span class='ocrx_word' id='word_1_240' title='bbox 792 926 828 955; x_wconf 90' lang='lat' dir='ltr'>in</span> <span class='ocrx_word' id='word_1_241' title='bbox 844 925 1009 966; x_wconf 85' lang='lat' dir='ltr'>planitiem</span> <span class='ocrx_word' id='word_1_242' title='bbox 1024 923 1080 955; x_wconf 70' lang='grc' dir='ltr'>ἀπ’</span> <span class='ocrx_word' id='word_1_243' title='bbox 1091 924 1190 961; x_wconf 70' lang='grc' dir='ltr'>ἠϊόνος</span> <span class='ocrx_word' id='word_1_244' title='bbox 1204 937 1259 957; x_wconf 83' lang='grc' dir='ltr'>πε-</span> 
     </span>
     <span class='ocr_line' id='line_1_48' title="bbox 682 968 798 1002; baseline 0 -1"><span class='ocrx_word' id='word_1_245' title='bbox 682 968 772 1001; x_wconf 60' lang='lat'>&amp;023</span> <span class='ocrx_word' id='word_1_246' title='bbox 775 982 798 1002; x_wconf 84' lang='grc' dir='ltr'>ε.</span> 
     </span>
    </p>

    <p class='ocr_par' dir='ltr' id='par_1_14' title="bbox 672 1017 1258 1664">
     <span class='ocr_line' id='line_1_49' title="bbox 731 1017 1256 1059; baseline 0.002 -11"><span class='ocrx_word' id='word_1_247' title='bbox 731 1019 926 1048; x_wconf 81' lang='lat'>228—232.</span> <span class='ocrx_word' id='word_1_248' title='bbox 938 1017 1047 1048; x_wconf 77' lang='lat' dir='ltr'>Scelus</span> <span class='ocrx_word' id='word_1_249' title='bbox 1053 1019 1256 1059; x_wconf 78' lang='lat' dir='ltr'>expendisse,</span> 
     </span>
     <span class='ocr_line' id='line_1_50' title="bbox 680 1066 1257 1106; baseline 0.003 -12"><span class='ocrx_word' id='word_1_250' title='bbox 680 1066 837 1105; x_wconf 79' lang='lat' dir='ltr'>exquisite</span> <span class='ocrx_word' id='word_1_251' title='bbox 849 1087 856 1101; x_wconf 90' lang='lat'>‚</span> <span class='ocrx_word' id='word_1_252' title='bbox 888 1075 999 1105; x_wconf 84' lang='lat' dir='ltr'>poenas</span> <span class='ocrx_word' id='word_1_253' title='bbox 1042 1067 1169 1095; x_wconf 81' lang='lat' dir='ltr'>meritas</span> <span class='ocrx_word' id='word_1_254' title='bbox 1196 1077 1257 1106; x_wconf 90' lang='lat' dir='ltr'>pro</span> 
     </span>
     <span class='ocr_line' id='line_1_51' title="bbox 680 1111 1256 1152; baseline 0.002 -11"><span class='ocrx_word' id='word_1_255' title='bbox 680 1112 796 1141; x_wconf 78' lang='lat' dir='ltr'>scelere</span> <span class='ocrx_word' id='word_1_256' title='bbox 808 1134 816 1148; x_wconf 90' lang='lat'>‚</span> <span class='ocrx_word' id='word_1_257' title='bbox 845 1111 1028 1152; x_wconf 81' lang='lat' dir='ltr'>sacrilegio,</span> <span class='ocrx_word' id='word_1_258' title='bbox 1054 1113 1088 1142; x_wconf 88' lang='lat' dir='ltr'>in</span> <span class='ocrx_word' id='word_1_259' title='bbox 1113 1122 1232 1152; x_wconf 87' lang='lat' dir='ltr'>equum</span> <span class='ocrx_word' id='word_1_260' title='bbox 1248 1135 1256 1149; x_wconf 87' lang='lat'><strong><em>‚</em></strong></span> 
     </span>
     <span class='ocr_line' id='line_1_52' title="bbox 679 1157 1257 1195; baseline 0 -7"><span class='ocrx_word' id='word_1_261' title='bbox 679 1159 836 1188; x_wconf 80' lang='lat' dir='ltr'>Minervae</span> <span class='ocrx_word' id='word_1_262' title='bbox 845 1157 978 1195; x_wconf 83' lang='lat' dir='ltr'>donum,</span> <span class='ocrx_word' id='word_1_263' title='bbox 990 1160 1169 1189; x_wconf 64' lang='lat' dir='ltr'>commissa</span> <span class='ocrx_word' id='word_1_264' title='bbox 1185 1159 1257 1188; x_wconf 86' lang='lat' dir='ltr'>Ter-</span> 
     </span>
     <span class='ocr_line' id='line_1_53' title="bbox 675 1203 1257 1244; baseline 0.002 -11"><span class='ocrx_word' id='word_1_265' title='bbox 675 1215 751 1244; x_wconf 74' lang='lat' dir='ltr'>gum</span> <span class='ocrx_word' id='word_1_266' title='bbox 763 1227 771 1241; x_wconf 93' lang='lat'>,</span> <span class='ocrx_word' id='word_1_267' title='bbox 786 1216 816 1234; x_wconf 81' lang='lat' dir='ltr'>v.</span> <span class='ocrx_word' id='word_1_268' title='bbox 833 1215 904 1244; x_wconf 87' lang='lat' dir='ltr'>sup.</span> <span class='ocrx_word' id='word_1_269' title='bbox 920 1203 960 1232; x_wconf 83' lang='lat' dir='ltr'>ad</span> <span class='ocrx_word' id='word_1_270' title='bbox 973 1215 1003 1234; x_wconf 86' lang='lat' dir='ltr'>v.</span> <span class='ocrx_word' id='word_1_271' title='bbox 1023 1206 1064 1234; x_wconf 89' lang='lat'>50</span> <span class='ocrx_word' id='word_1_272' title='bbox 1076 1227 1084 1242; x_wconf 88' lang='lat'>‚</span> <span class='ocrx_word' id='word_1_273' title='bbox 1100 1204 1158 1234; x_wconf 86' lang='lat' dir='ltr'>ubi</span> <span class='ocrx_word' id='word_1_274' title='bbox 1170 1204 1257 1234; x_wconf 82' lang='lat' dir='ltr'><em>lacus</em></span> 
     </span>
     <span class='ocr_line' id='line_1_54' title="bbox 678 1250 1256 1280; baseline 0.002 -1"><span class='ocrx_word' id='word_1_275' title='bbox 678 1257 708 1279; x_wconf 88' lang='lat' dir='ltr'>et</span> <span class='ocrx_word' id='word_1_276' title='bbox 724 1251 830 1280; x_wconf 82' lang='lat' dir='ltr'>alvum</span> <span class='ocrx_word' id='word_1_277' title='bbox 846 1250 981 1279; x_wconf 85' lang='lat' dir='ltr'>dixerat.</span> <span class='ocrx_word' id='word_1_278' title='bbox 1003 1253 1048 1280; x_wconf 91' lang='lat' dir='ltr'>At</span> <span class='ocrx_word' id='word_1_279' title='bbox 1069 1251 1202 1280; x_wconf 78' lang='lat' dir='ltr'>van‘avit</span> <span class='ocrx_word' id='word_1_280' title='bbox 1218 1257 1256 1280; x_wconf 89' lang='lat' dir='ltr'>ut</span> 
     </span>
     <span class='ocr_line' id='line_1_55' title="bbox 676 1297 1258 1338; baseline 0 -12"><span class='ocrx_word' id='word_1_281' title='bbox 676 1303 769 1337; x_wconf 87' lang='lat' dir='ltr'>poeta</span> <span class='ocrx_word' id='word_1_282' title='bbox 780 1308 789 1333; x_wconf 80' lang='lat'>3</span> <span class='ocrx_word' id='word_1_283' title='bbox 806 1302 838 1326; x_wconf 86' lang='lat' dir='ltr'>et</span> <span class='ocrx_word' id='word_1_284' title='bbox 851 1302 938 1337; x_wconf 86' lang='lat' dir='ltr'>patet</span> <span class='ocrx_word' id='word_1_285' title='bbox 952 1303 1073 1338; x_wconf 77' lang='lat' dir='ltr'>tergum</span> <span class='ocrx_word' id='word_1_286' title='bbox 1083 1297 1188 1326; x_wconf 85' lang='lat' dir='ltr'>latius.</span> <span class='ocrx_word' id='word_1_287' title='bbox 1199 1297 1258 1327; x_wconf 87' lang='lat' dir='ltr'>Ad</span> 
     </span>
     <span class='ocr_line' id='line_1_56' title="bbox 675 1341 1254 1383; baseline 0 -11"><span class='ocrx_word' id='word_1_288' title='bbox 675 1343 764 1372; x_wconf 81' lang='lat' dir='ltr'>sedes</span> <span class='ocrx_word' id='word_1_289' title='bbox 774 1365 783 1380; x_wconf 89' lang='lat'><strong><em>‚</em></strong></span> <span class='ocrx_word' id='word_1_290' title='bbox 795 1342 862 1372; x_wconf 89' lang='lat' dir='ltr'>deae</span> <span class='ocrx_word' id='word_1_291' title='bbox 872 1365 882 1378; x_wconf 88' lang='lat'><strong><em>,</em></strong></span> <span class='ocrx_word' id='word_1_292' title='bbox 894 1341 927 1372; x_wconf 91' lang='lat' dir='ltr'>h.</span> <span class='ocrx_word' id='word_1_293' title='bbox 939 1353 965 1372; x_wconf 93' lang='lat' dir='ltr'>e.</span> <span class='ocrx_word' id='word_1_294' title='bbox 978 1343 1133 1383; x_wconf 88' lang='lat' dir='ltr'>templum</span> <span class='ocrx_word' id='word_1_295' title='bbox 1144 1365 1153 1380; x_wconf 85' lang='lat'>‚</span> <span class='ocrx_word' id='word_1_296' title='bbox 1164 1343 1254 1383; x_wconf 89' lang='lat' dir='ltr'>quod</span> 
     </span>
     <span class='ocr_line' id='line_1_57' title="bbox 674 1388 1252 1425; baseline -0.002 -6"><span class='ocrx_word' id='word_1_297' title='bbox 674 1390 710 1419; x_wconf 88' lang='lat' dir='ltr'>iu</span> <span class='ocrx_word' id='word_1_298' title='bbox 738 1400 809 1419; x_wconf 88' lang='lat' dir='ltr'>arce</span> <span class='ocrx_word' id='word_1_299' title='bbox 831 1396 907 1419; x_wconf 87' lang='lat' dir='ltr'>erat.</span> <span class='ocrx_word' id='word_1_300' title='bbox 932 1388 1162 1425; x_wconf 81' lang='lat' dir='ltr'>Simulacrum3</span> <span class='ocrx_word' id='word_1_301' title='bbox 1185 1390 1252 1419; x_wconf 91' lang='lat' dir='ltr'>Ho-</span> 
     </span>
     <span class='ocr_line' id='line_1_58' title="bbox 674 1433 1251 1480; baseline -0.003 -14"><span class='ocrx_word' id='word_1_302' title='bbox 674 1437 829 1466; x_wconf 88' lang='lat' dir='ltr'>mericum</span> <span class='ocrx_word' id='word_1_303' title='bbox 855 1436 928 1479; x_wconf 77' lang='grc' dir='ltr'>μεγ’</span> <span class='ocrx_word' id='word_1_304' title='bbox 939 1433 1075 1480; x_wconf 71' lang='grc' dir='ltr'>ἄγαλμα</span> <span class='ocrx_word' id='word_1_305' title='bbox 1091 1436 1165 1465; x_wconf 80' lang='grc' dir='ltr'>θεῶν</span> <span class='ocrx_word' id='word_1_306' title='bbox 1183 1436 1251 1465; x_wconf 75' lang='grc' dir='ltr'>θελ-</span> 
     </span>
     <span class='ocr_line' id='line_1_59' title="bbox 674 1481 1252 1525; baseline -0.003 -12"><span class='ocrx_word' id='word_1_307' title='bbox 674 1481 817 1525; x_wconf 59' lang='grc' dir='ltr'>κτήριον,</span> <span class='ocrx_word' id='word_1_308' title='bbox 846 1482 910 1514; x_wconf 88' lang='lat' dir='ltr'>od.</span> <span class='ocrx_word' id='word_1_309' title='bbox 930 1482 965 1519; x_wconf 85' lang='grc' dir='ltr'>θ,</span> <span class='ocrx_word' id='word_1_310' title='bbox 998 1483 1074 1522; x_wconf 83' lang='grc'><strong>509.</strong></span> <span class='ocrx_word' id='word_1_311' title='bbox 1101 1483 1252 1512; x_wconf 82' lang='lat' dir='ltr'>Oranda-</span> 
     </span>
     <span class='ocr_line' id='line_1_60' title="bbox 673 1529 1251 1570; baseline 0 -12"><span class='ocrx_word' id='word_1_312' title='bbox 673 1541 735 1570; x_wconf 81' lang='lat' dir='ltr'>que</span> <span class='ocrx_word' id='word_1_313' title='bbox 758 1529 839 1559; x_wconf 78' lang='lat' dir='ltr'><em>divae</em></span> <span class='ocrx_word' id='word_1_314' title='bbox 857 1529 1004 1559; x_wconf 72' lang='lat' dir='ltr'>,Numina</span> <span class='ocrx_word' id='word_1_315' title='bbox 1016 1552 1024 1566; x_wconf 90' lang='lat'><em>‚</em></span> <span class='ocrx_word' id='word_1_316' title='bbox 1043 1539 1165 1558; x_wconf 87' lang='lat' dir='ltr'>numen</span> <span class='ocrx_word' id='word_1_317' title='bbox 1184 1530 1251 1567; x_wconf 84' lang='lat' dir='ltr'>ejus</span> 
     </span>
     <span class='ocr_line' id='line_1_61' title="bbox 672 1575 1249 1616; baseline -0.002 -10"><span class='ocrx_word' id='word_1_318' title='bbox 672 1576 872 1607; x_wconf 82' lang='lat' dir='ltr'>exorandum</span> <span class='ocrx_word' id='word_1_319' title='bbox 882 1599 890 1613; x_wconf 88' lang='lat'><strong>,</strong></span> <span class='ocrx_word' id='word_1_320' title='bbox 901 1575 1105 1616; x_wconf 85' lang='lat' dir='ltr'>placandum.</span> <span class='ocrx_word' id='word_1_321' title='bbox 1115 1593 1162 1599; x_wconf 89' lang='lat'>—</span> <span class='ocrx_word' id='word_1_322' title='bbox 1170 1577 1249 1606; x_wconf 82' lang='lat'>230.</span> 
     </span>
     <span class='ocr_line' id='line_1_62' title="bbox 674 1622 1250 1664; baseline -0.003 -11"><span class='ocrx_word' id='word_1_323' title='bbox 674 1625 807 1653; x_wconf 79' lang='lat' dir='ltr'>Sacrum</span> <span class='ocrx_word' id='word_1_324' title='bbox 824 1622 902 1664; x_wconf 88' lang='lat' dir='ltr'>quia</span> <span class='ocrx_word' id='word_1_325' title='bbox 917 1633 966 1664; x_wconf 90' lang='lat' dir='ltr'>pr.</span> <span class='ocrx_word' id='word_1_326' title='bbox 982 1623 1099 1653; x_wconf 89' lang='lat' dir='ltr'>Moret.</span> <span class='ocrx_word' id='word_1_327' title='bbox 1120 1622 1185 1662; x_wconf 85' lang='lat' dir='ltr'>Qui</span> <span class='ocrx_word' id='word_1_328' title='bbox 1201 1633 1250 1651; x_wconf 80' lang='lat' dir='ltr'>sa-</span> 
     </span>
    </p>
   </div>
   <div class='ocr_carea' id='block_1_12' title="bbox 671 1672 1248 1758">
    <p class='ocr_par' dir='ltr' id='par_1_15' title="bbox 671 1672 1248 1758">
     <span class='ocr_line' id='line_1_63' title="bbox 671 1672 888 1710; baseline 0 -10"><span class='ocrx_word' id='word_1_329' title='bbox 671 1680 758 1700; x_wconf 85' lang='lat' dir='ltr'>crum</span> <span class='ocrx_word' id='word_1_330' title='bbox 778 1672 888 1710; x_wconf 85' lang='lat' dir='ltr'>Puget.</span> 
     </span>
     <span class='ocr_line' id='line_1_64' title="bbox 720 1714 1248 1758; baseline -0.002 -12"><span class='ocrx_word' id='word_1_331' title='bbox 720 1717 797 1752; x_wconf 78' lang='lat'>234.</span> <span class='ocrx_word' id='word_1_332' title='bbox 818 1714 1003 1758; x_wconf 71' lang='lat' dir='ltr'>Dffdimus</span> <span class='ocrx_word' id='word_1_333' title='bbox 1018 1714 1127 1745; x_wconf 87' lang='lat' dir='ltr'>Schol.</span> <span class='ocrx_word' id='word_1_334' title='bbox 1149 1714 1248 1754; x_wconf 84' lang='lat' dir='ltr'>Cruq.</span> 
     </span>
    </p>
   </div>
   <div class='ocr_carea' id='block_1_13' title="bbox 667 1759 1250 2266">
    <p class='ocr_par' dir='ltr' id='par_1_16' title="bbox 667 1759 1250 2266">
     <span class='ocr_line' id='line_1_65' title="bbox 671 1759 1249 1801; baseline -0.005 -9"><span class='ocrx_word' id='word_1_335' title='bbox 671 1764 784 1792; x_wconf 86' lang='lat' dir='ltr'>Horat.</span> <span class='ocrx_word' id='word_1_336' title='bbox 799 1763 847 1791; x_wconf 90' lang='lat' dir='ltr'>III</span> <span class='ocrx_word' id='word_1_337' title='bbox 869 1761 930 1792; x_wconf 88' lang='lat' dir='ltr'>Od.</span> <span class='ocrx_word' id='word_1_338' title='bbox 952 1761 992 1790; x_wconf 88' lang='lat'>16</span> <span class='ocrx_word' id='word_1_339' title='bbox 1022 1760 1062 1790; x_wconf 85' lang='lat' dir='ltr'>ad</span> <span class='ocrx_word' id='word_1_340' title='bbox 1077 1771 1108 1790; x_wconf 73' lang='lat' dir='ltr'>V.</span> <span class='ocrx_word' id='word_1_341' title='bbox 1130 1761 1168 1790; x_wconf 80' lang='lat'>13</span> <span class='ocrx_word' id='word_1_342' title='bbox 1185 1759 1249 1801; x_wconf 64' lang='lat' dir='ltr'>dff-</span> 
     </span>
     <span class='ocr_line' id='line_1_66' title="bbox 667 1806 1247 1850; baseline 0 -13"><span class='ocrx_word' id='word_1_343' title='bbox 667 1807 743 1850; x_wconf 75' lang='lat' dir='ltr'>fidit</span> <span class='ocrx_word' id='word_1_344' title='bbox 756 1807 875 1837; x_wconf 83' lang='lat' dir='ltr'>urbium</span> <span class='ocrx_word' id='word_1_345' title='bbox 886 1815 999 1847; x_wconf 83' lang='lat' dir='ltr'>portas</span> <span class='ocrx_word' id='word_1_346' title='bbox 1021 1806 1077 1835; x_wconf 87' lang='lat' dir='ltr'>Vir</span> <span class='ocrx_word' id='word_1_347' title='bbox 1099 1807 1247 1837; x_wconf 81' lang='lat' dir='ltr'>Macedo.</span> 
     </span>
     <span class='ocr_line' id='line_1_67' title="bbox 673 1852 1249 1894; baseline 0 -11"><span class='ocrx_word' id='word_1_348' title='bbox 673 1856 718 1884; x_wconf 90' lang='lat' dir='ltr'>At</span> <span class='ocrx_word' id='word_1_349' title='bbox 732 1854 858 1894; x_wconf 80' lang='lat' dir='ltr'>vulgata</span> <span class='ocrx_word' id='word_1_350' title='bbox 880 1852 1046 1883; x_wconf 81' lang='lat' dir='ltr'>retinenda</span> <span class='ocrx_word' id='word_1_351' title='bbox 1062 1862 1128 1882; x_wconf 87' lang='lat' dir='ltr'>non</span> <span class='ocrx_word' id='word_1_352' title='bbox 1151 1852 1249 1883; x_wconf 88' lang='lat' dir='ltr'>modo</span> 
     </span>
     <span class='ocr_line' id='line_1_68' title="bbox 672 1899 1247 1941; baseline -0.003 -11"><span class='ocrx_word' id='word_1_353' title='bbox 672 1907 806 1941; x_wconf 88' lang='lat' dir='ltr'>propter</span> <span class='ocrx_word' id='word_1_354' title='bbox 845 1899 1003 1930; x_wconf 79' lang='lat' dir='ltr'>librorum</span> <span class='ocrx_word' id='word_1_355' title='bbox 1038 1908 1247 1936; x_wconf 86' lang='lat' dir='ltr'>consensum,</span> 
     </span>
     <span class='ocr_line' id='line_1_69' title="bbox 673 1945 1249 1987; baseline 0 -11"><span class='ocrx_word' id='word_1_356' title='bbox 673 1946 729 1976; x_wconf 90' lang='lat' dir='ltr'>sed</span> <span class='ocrx_word' id='word_1_357' title='bbox 753 1953 784 1977; x_wconf 90' lang='lat' dir='ltr'>et</span> <span class='ocrx_word' id='word_1_358' title='bbox 807 1945 896 1987; x_wconf 88' lang='lat' dir='ltr'>qnod</span> <span class='ocrx_word' id='word_1_359' title='bbox 921 1945 1046 1976; x_wconf 87' lang='lat' dir='ltr'>doctior</span> <span class='ocrx_word' id='word_1_360' title='bbox 1062 1952 1093 1974; x_wconf 89' lang='lat' dir='ltr'>et</span> <span class='ocrx_word' id='word_1_361' title='bbox 1108 1947 1249 1985; x_wconf 77' lang='lat' dir='ltr'>exquisi-</span> 
     </span>
     <span class='ocr_line' id='line_1_70' title="bbox 675 1991 1249 2024; baseline -0.002 -1"><span class='ocrx_word' id='word_1_362' title='bbox 675 1994 737 2023; x_wconf 89' lang='lat' dir='ltr'>tior</span> <span class='ocrx_word' id='word_1_363' title='bbox 752 1999 809 2023; x_wconf 85' lang='lat' dir='ltr'>est.</span> <span class='ocrx_word' id='word_1_364' title='bbox 826 1992 866 2023; x_wconf 86' lang='lat' dir='ltr'>cf.</span> <span class='ocrx_word' id='word_1_365' title='bbox 882 1991 1066 2024; x_wconf 84' lang='lat' dir='ltr'>Markland.</span> <span class='ocrx_word' id='word_1_366' title='bbox 1084 1991 1123 2021; x_wconf 87' lang='lat' dir='ltr'>ad</span> <span class='ocrx_word' id='word_1_367' title='bbox 1137 1993 1215 2023; x_wconf 87' lang='lat' dir='ltr'>Stat.</span> <span class='ocrx_word' id='word_1_368' title='bbox 1233 1993 1249 2022; x_wconf 92' lang='lat'>1</span> 
     </span>
     <span class='ocr_line' id='line_1_71' title="bbox 673 2037 1249 2080; baseline -0.003 -10"><span class='ocrx_word' id='word_1_369' title='bbox 673 2039 750 2070; x_wconf 80' lang='lat' dir='ltr'>Silv.</span> <span class='ocrx_word' id='word_1_370' title='bbox 770 2040 785 2068; x_wconf 91' lang='lat'>1</span> <span class='ocrx_word' id='word_1_371' title='bbox 795 2061 804 2075; x_wconf 92' lang='lat'><strong><em>‚</em></strong></span> <span class='ocrx_word' id='word_1_372' title='bbox 826 2049 865 2070; x_wconf 92' lang='lat'>10</span> <span class='ocrx_word' id='word_1_373' title='bbox 885 2040 979 2069; x_wconf 86' lang='lat' dir='ltr'>Hunc</span> <span class='ocrx_word' id='word_1_374' title='bbox 993 2049 1095 2080; x_wconf 86' lang='lat' dir='ltr'>neque</span> <span class='ocrx_word' id='word_1_375' title='bbox 1109 2037 1249 2068; x_wconf 76' lang='lat' dir='ltr'>discissis</span> 
     </span>
     <span class='ocr_line' id='line_1_72' title="bbox 673 2083 1248 2128; baseline 0.002 -13"><span class='ocrx_word' id='word_1_376' title='bbox 673 2085 832 2126; x_wconf 79' lang='lat' dir='ltr'>cepissent</span> <span class='ocrx_word' id='word_1_377' title='bbox 853 2088 1017 2128; x_wconf 76' lang='lat' dir='ltr'>Pergama</span> <span class='ocrx_word' id='word_1_378' title='bbox 1044 2083 1160 2120; x_wconf 80' lang='lat' dir='ltr'>muris,</span> <span class='ocrx_word' id='word_1_379' title='bbox 1179 2095 1248 2126; x_wconf 86' lang='lat' dir='ltr'>quo</span> 
     </span>
     <span class='ocr_line' id='line_1_73' title="bbox 676 2132 1248 2174; baseline -0.002 -12"><span class='ocrx_word' id='word_1_380' title='bbox 676 2133 711 2162; x_wconf 88' lang='lat' dir='ltr'>in</span> <span class='ocrx_word' id='word_1_381' title='bbox 741 2132 830 2169; x_wconf 89' lang='lat' dir='ltr'>loco,</span> <span class='ocrx_word' id='word_1_382' title='bbox 853 2143 894 2162; x_wconf 88' lang='lat' dir='ltr'>ex</span> <span class='ocrx_word' id='word_1_383' title='bbox 921 2132 1058 2174; x_wconf 84' lang='lat' dir='ltr'>Virgilio</span> <span class='ocrx_word' id='word_1_384' title='bbox 1081 2141 1248 2172; x_wconf 82' lang='lat' dir='ltr'>expresso,</span> 
     </span>
     <span class='ocr_line' id='line_1_74' title="bbox 671 2178 1250 2210; baseline -0.005 -1"><span class='ocrx_word' id='word_1_385' title='bbox 671 2178 854 2209; x_wconf 79' lang='lat' dir='ltr'>Marklandi</span> <span class='ocrx_word' id='word_1_386' title='bbox 871 2179 1124 2210; x_wconf 72' lang='lat' dir='ltr'>emendationem</span> <span class='ocrx_word' id='word_1_387' title='bbox 1142 2178 1250 2208; x_wconf 75' lang='lat' dir='ltr'>divisis</span> 
     </span>
     <span class='ocr_line' id='line_1_75' title="bbox 672 2224 1240 2266; baseline -0.005 -10"><span class='ocrx_word' id='word_1_388' title='bbox 672 2236 740 2256; x_wconf 87' lang='lat' dir='ltr'>non</span> <span class='ocrx_word' id='word_1_389' title='bbox 758 2225 839 2256; x_wconf 83' lang='lat' dir='ltr'>bene</span> <span class='ocrx_word' id='word_1_390' title='bbox 855 2227 975 2266; x_wconf 83' lang='lat' dir='ltr'>spernit</span> <span class='ocrx_word' id='word_1_391' title='bbox 988 2227 1098 2256; x_wconf 87' lang='lat' dir='ltr'>Burm.</span> <span class='ocrx_word' id='word_1_392' title='bbox 1113 2224 1152 2254; x_wconf 84' lang='lat' dir='ltr'>ad</span> <span class='ocrx_word' id='word_1_393' title='bbox 1177 2224 1240 2254; x_wconf 86' lang='lat' dir='ltr'>h.1.</span> 
     </span>
    </p>
   </div>
   <div class='ocr_carea' id='block_1_14' title="bbox 1056 2301 1099 2325">
    <p class='ocr_par' dir='ltr' id='par_1_17' title="bbox 1056 2301 1099 2325">
     <span class='ocr_line' id='line_1_76' title="bbox 1056 2301 1099 2325; baseline -0.023 0"><span class='ocrx_word' id='word_1_394' title='bbox 1056 2301 1099 2325; x_wconf 80' lang='lat'>12</span> 
     </span>
    </p>
   </div>
  </div>
 </body>
</html>
