1402 2460
594 71 716 101 LIBER
741 70 800 100 IV.

1235 78 1298 108 291

152 131 320 167 Dixerat.
339 128 406 166 Ille
423 127 540 178 patris
556 128 682 178 magni
704 140 838 178 parere
856 126 1014 177 parabat

101 191 284 241 Imperio3
306 198 342 226 et
357 190 522 240 primum
540 189 701 240 pedibus
722 188 853 225 talaria
873 188 988 224 nectit

100 254 245 295 Aurea,
262 263 345 299 quae
365 249 563 286 sublimem
582 249 665 296 alis,
686 249 764 286 sive
783 260 938 297 aequora
959 260 1094 297 supra,
1255 256 1303 283 2-10

101 313 176 348 Seu
193 320 350 355 terram,
371 310 506 360 rapido
525 311 668 360 pariter
689 322 776 347 cum
797 309 948 346 flamine
970 316 1134 358 portant.

100 374 197 408 Tum
216 370 362 420 virgam
378 371 479 420 capit
498 385 506 405 :
527 370 597 407 hac
619 370 761 408 animas
776 370 843 407 -ille
863 378 997 406 evocat
1018 371 1120 406 Orco

100 430 293 476 Pallentis;
316 430 405 467 alias
426 430 497 467 sub
517 433 676 468 Tartara
697 430 816 468 tristia
839 430 973 475 mittit3

99 493 175 528 Dat
193 503 343 528 somnos
362 491 588 541 adimitque,
606 500 643 529 et
660 491 803 529 lumina
820 500 941 528 morte
959 489 1123 539 resignat
1138 502 1145 523 :

99 623 139 652 ab
156 623 215 652 alia
238 633 333 653 manu
356 623 476 661 adjecta
493 623 652 654 recidebat
667 646 675 660 ‚

100 669 153 698 adi
164 677 285 699 ersantc
299 677 328 699 et
341 670 393 699 hic
408 672 601 700 Burmanno.
616 670 677 700 Sed

100 722 213 746 neuter
228 716 314 746 videt
325 739 333 753 ,
361 716 505 746 nuncium
526 717 558 747 h.
574 717 595 747 l.
612 727 677 746 esse

101 772 168 792 non
183 770 363 793 narrantem
372 786 380 801 ‚
392 762 445 793 sed
455 762 488 793 id
497 762 585 804 quod
594 774 677 793 nun-

102 815 209 839 natur.

151 855 214 885 238
231 865 300 895 sqq.
316 856 418 886 Exn.
442 868 466 886 ω
478 878 486 893 ,
506 856 571 896 339
595 865 675 896 sqq„

101 900 158 930 ubi
183 903 362 932 Mercurius
383 903 422 932 ad
445 904 623 940 Priamum,
647 910 679 933 et

103 947 219 988 Odyss.
249 958 280 985 ε,
308 949 349 984 43
373 960 462 990 sqq.,
484 949 542 980 ubi
560 949 599 979 ad
625 950 679 980 Ca-

102 993 196 1034 lypso
220 995 376 1032 mittitur,
401 996 470 1026 haec
494 995 680 1026 adumbrata

103 1050 188 1077 esse,
208 1041 272 1079 jam
299 1048 370 1072 ante
394 1044 564 1073 monitum.
585 1042 678 1072 Adde

103 1085 218 1127 Odyss.
235 1098 258 1117 ω
271 1110 279 1123 ,
294 1099 342 1128 pr.
363 1089 535 1130 Virgilium
551 1090 678 1128 sequuti

103 1140 179 1161 sunt
194 1133 245 1162 alii
256 1155 264 1169 ‚
282 1140 318 1162 ut
333 1135 449 1166 Statius
463 1137 477 1164 I
490 1134 592 1165 Theb.
613 1136 676 1164 303

103 1187 171 1218 sqq.
197 1179 332 1209 Ovidius
355 1188 415 1211 etc.
447 1180 507 1212 Sed
532 1181 680 1210 classicus

104 1223 142 1252 de
171 1225 324 1255 Mercurii
354 1226 468 1257 officiis
496 1227 585 1256 locus
616 1227 678 1257 hic.

103 1271 218 1300 Omnia
234 1278 311 1301 nota
327 1279 358 1301 et
378 1274 519 1314 vulgaria
537 1279 630 1308 sunt,
649 1279 680 1301 et

104 1326 122 1346 a
137 1324 229 1357 poeta
244 1316 359 1347 diserte
375 1328 531 1359 expressa.
542 1335 589 1340 --
601 1323 678 1353 240.

107 1365 187 1403 Quae
199 1364 307 1393 talaria
315 1372 450 1403 portant
460 1373 500 1402 ce,
517 1365 680 1396 sublimem

104 1410 184 1446 alis,
202 1410 235 1441 h.
252 1420 279 1440 e.
297 1416 327 1439 te
340 1410 510 1450 volantem,
522 1419 558 1442 ut
572 1410 680 1452 paullo

104 1463 176 1486 ante
197 1458 233 1486 in
257 1457 348 1487 Jovis
368 1458 492 1490 verbis:
506 1469 592 1488 voca
616 1460 680 1487 Ze-

100 1503 220 1545 phyros
241 1511 273 1533 et
301 1502 408 1533 labere
428 1505 559 1546 pennis.
587 1504 620 1534 h.
650 1514 678 1534 e.

104 1551 195 1588 vola,
214 1551 317 1580 ventis
332 1557 484 1590 portatus
505 1553 578 1582 Non
595 1552 680 1580 enim

105 1600 213 1630 talaria
238 1597 363 1634 ferunt,
385 1598 439 1628 sed
461 1598 516 1627 alae
534 1598 680 1628 :ratione

106 1645 247 1686 mytliica
274 1654 315 1674 ex
338 1644 405 1684 ipsa
431 1655 538 1674 rerum
569 1651 681 1673 natura

105 1693 214 1734 petita.
232 1691 272 1720 Et
285 1691 343 1722 inf.
362 1691 567 1730 252par1'b115
577 1690 682 1719 nitens

109 1739 273 1778 Cyllenius
295 1738 368 1768 alis.
385 1755 432 1760 -—
449 1743 526 1773 241.
557 1736 679 1766 Pariter

106 1796 177 1816 cum
194 1785 349 1828 flamine.
378 1785 584 1814 Homericum
613 1781 682 1824 ἅμα,

108 1833 214 1874 πνοιῇς
234 1829 358 1875 ἀνέμοιο
371 1853 378 1867 ,
396 1837 432 1860 ut
449 1829 510 1861 Od.
529 1840 560 1866 ε,
579 1830 682 1865 46.—

110 1885 187 1915 242.
205 1881 328 1909 Evocat
336 1891 366 1910 v.
379 1890 406 1910 c.
418 1877 635 1907 Protesilaum.
649 1887 681 1906 v.

107 1926 229 1966 Hygia.
260 1925 282 1956 f.
319 1928 393 1957 103.
427 1923 512 1954 conf.
549 1922 682 1963 Orphic.

107 1974 229 2013 Hymn.
249 1972 311 2011 563
330 1972 499 2013 AEschylus
515 1974 598 2002 Pers.
616 1969 681 2005 642

83 2022 87 2027 ’
109 2028 176 2060 sqq.
193 2018 425 2057 Mittit‚¹ducit,
440 2019 496 2048 Gr.
513 2015 567 2051 τὰς
582 2013 683 2057 ψυχὰς

107 2065 238 2109 πέμπει,
252 2065 471 2113 ψυχοπομπός.
482 2069 550 2097 Dat
559 2073 685 2094 somnos

110 2113 288 2154 adimitque
300 2127 311 2146 .-
328 2126 368 2146 ex
383 2115 499 2156 Odyss.
521 2124 544 2143 ω
556 2134 564 2148 ,
591 2117 622 2146 4.
638 2127 684 2132 —

112 2165 188 2197 244.
214 2161 344 2192 Limina
364 2161 450 2192 Gud.
474 2159 505 2190 elt
531 2156 683 2190 Rottend.

109 2215 178 2246 pr.‚
203 2207 292 2248 quod
315 2210 488 2240 Burmann.
517 2205 628 2245 arripit
655 2210 686 2234 et

729 624 860 665 probat,
882 631 918 654 ut
938 622 1118 654 Mercurius
1142 618 1308 649 defuncto-

730 682 801 702 rum
816 670 979 701 animabus
993 669 1130 709 resignet
1144 673 1174 696 et
1190 667 1309 706 aperiat

730 719 838 749 limina
854 718 1040 747 inferorum.
1056 717 1178 743 Verum
1192 713 1236 741 ita
1249 722 1308 741 nec

730 765 892 796 diversum
910 763 972 793 hoc
994 761 1033 792 ab
1054 760 1116 790 illis
1134 760 1210 791 :sub
1233 760 1308 788 Tar-

731 820 803 842 tara
827 810 932 842 tristia
961 807 1080 842 miteic;
1105 817 1164 837 nec
1192 805 1310 836 limina

732 858 875 889 absolute
896 858 939 886 ita
957 854 996 885 de
1018 854 1128 884 inferis
1142 853 1223 883 locis
1245 852 1310 881 dici

731 915 824 948 posse
851 903 1013 933 videntur.
1042 901 1109 931 Nec
1137 901 1310 940 quicquam

731 951 883 995 proficis,
913 951 939 979 si
971 956 1062 977 nocte
1094 946 1240 987 resignat
1266 945 1309 974 le-

733 1001 833 1042 geris;
858 1007 932 1027 nam
956 1002 987 1025 et
1011 995 1073 1023 hoc
1098 995 1203 1033 ipsum
1231 998 1311 1022 essct

731 1048 872 1076 otiosum
910 1048 983 1083 post
1024 1041 1082 1070 dac
1120 1037 1308 1078 adimitque.

732 1095 770 1123 In
796 1092 964 1130 fragment.
993 1087 1098 1116 vatic.
1132 1091 1218 1114 totus
1237 1095 1308 1113 ver-

732 1149 785 1169 sus
810 1137 849 1166 ad
874 1135 992 1165 calcem
1013 1131 1143 1173 pagellae
1168 1137 1234 1160 erat
1257 1129 1310 1159 ad-

732 1185 880 1225 scriptus.
903 1179 1060 1220 Equidem
1083 1177 1189 1206 malim
1211 1176 1312 1206 hemi-

733 1230 883 1261 stichium
894 1227 1000 1257 abesse
1012 1235 1019 1256 :
1037 1232 1068 1254 et
1077 1223 1201 1254 lumina
1211 1230 1310 1252 morte

733 1276 880 1315 resignat
899 1285 910 1302 :
935 1280 1130 1310 quocunque
1156 1276 1185 1298 te
1213 1270 1311 1298 inter-

733 1321 912 1362 pretatione
934 1324 1057 1352 vertaS‚
1084 1315 1239 1344 sententia
1265 1320 1312 1344 est

734 1378 751 1397 a
768 1367 842 1396 loco
861 1365 971 1395 aliena.
988 1380 1035 1385 —
1053 1360 1191 1391 Lumina
1212 1368 1313 1390 morte

734 1413 886 1454 resignat.
911 1410 993 1450 Quis
1010 1408 1102 1439 verbi
1123 1418 1232 1437 sensus
1251 1408 1309 1442 sit,

733 1460 911 1490 dubitatur.
946 1455 999 1487 Ad
1029 1455 1215 1485 sententiam
1247 1453 1312 1483 loci

733 1514 796 1537 tam
820 1502 1093 1536 accommodatum
1111 1508 1191 1530 esset
1211 1500 1310 1535 nihil,

733 1563 830 1594 quam
843 1552 990 1583 Serviana
1005 1550 1087 1579 ratio
1098 1571 1106 1585 ‚
1121 1549 1226 1588 primo
1241 1546 1311 1575 loco

733 1600 847 1641 posita,
863 1608 926 1638 qua
941 1608 998 1637 per
1015 1594 1141 1625 claudit
1152 1593 1311 1623 redditum

735 1646 851 1676 videas.
871 1645 962 1675 Nove
986 1642 1108 1672 scilicet
1131 1651 1191 1680 pro
1211 1639 1315 1679 obsig-

735 1703 811 1722 nare
822 1714 830 1729 ‚
847 1689 1019 1721 occludere
1030 1711 1038 1725 ‚
1056 1689 1100 1717 ita
1115 1686 1199 1715 dixit
1217 1684 1313 1725 resig-

737 1749 826 1768 nare.
843 1740 965 1767 Verum
980 1745 1040 1764 nec
1054 1733 1237 1772 exemplum
1252 1741 1314 1760 me-

736 1791 898 1820 moratur,
923 1783 958 1812 in
981 1791 1045 1821 quo
1072 1790 1128 1809 seu
1150 1777 1314 1819 resignare

735 1842 791 1861 seu
824 1829 960 1870 simplex
990 1827 1121 1869 signare
1149 1835 1187 1855 eo
1220 1834 1314 1853 sensu

737 1877 916 1908 adhibitum
945 1876 1003 1909 sit,
1033 1884 1092 1903 nec
1120 1872 1196 1902 alibi
1224 1870 1314 1900 facile

736 1925 798 1955 hoc
812 1923 965 1953 Mercurii
981 1919 1127 1950 officium
1143 1916 1291 1947 laudatur
1305 1939 1313 1952 ‚

738 1978 774 2001 ut
787 1976 890 2000 morte
906 1968 1018 1998 oculos
1031 1964 1167 1996 claudat.
1182 1962 1235 1995 Ad
1246 1963 1315 1992 vul-

738 2028 844 2058 garem
872 2015 963 2045 verbi
986 2023 1082 2043 usum
1105 2010 1250 2052 resignat
1271 2008 1315 2038 Ιιι-

739 2064 830 2094 mina
863 2069 930 2097 est,
971 2059 1095 2100 aperit,
1134 2063 1255 2092 morte,
1280 2056 1314 2084 in

738 2117 840 2140 morte
851 2118 858 2139 :
873 2107 960 2148 atqui
972 2105 1035 2136 hoc
1045 2104 1130 2135 dices
1138 2112 1315 2144 repugnare

738 2166 846 2187 rerum
861 2161 982 2184 naturae
993 2175 1002 2191 ,
1018 2162 1092 2182 nam
1111 2157 1213 2181 morte
1231 2148 1315 2179 clau-

739 2203 862 2233 duntur
880 2200 989 2238 oculi3
1006 2200 1068 2230 nisi
1092 2196 1231 2240 argutari
1248 2205 1314 2225 tna·
