1402 2460
0 43 2 97 l
544 71 667 101 LmER
692 70 749 100 lv.

1179 73 1242 102 303

0 137 3 183 ξ
41 130 138 166 Nam
155 127 247 177 quid
269 124 488 164 dissimulo?
504 136 571 164 aut
588 139 672 176 quae
691 138 750 163 me
766 125 813 162 ad
828 126 971 176 majora
987 128 1163 164 reservo?

0 200 2 238 ᾗ
39 189 142 224 Num
161 187 252 223 fletu
268 186 451 235 ingemuit
466 187 622 224 nostro?
638 198 728 222 num
746 185 888 222 lumina
904 185 1031 222 flexit?

38 247 141 283 Num
158 245 329 282 lacrimas
346 246 469 284 victus
487 246 610 293 dedit,
629 254 693 283 aut
713 246 911 283 miseratus
933 253 1119 282 amantem
1134 248 1215 283 est?

0 299 2 350 ζ
38 307 133 352 Quae
149 305 288 354 quibus
303 306 531 345 anteferam?
547 308 708 358 Jamjam
724 320 794 344 nec
810 319 986 344 maxuma
1001 310 1020 343 J
1026 320 1119 353 uno,
1192 315 1238 349 ὅτι

37 368 117 404 Nec
138 366 337 404 Saturnius
357 366 438 404 haec
458 368 576 405 oculis
598 377 706 418 pater
724 368 884 418 adspicit
902 368 1031 417 aequis.

0 419 1 424 ¹
38 429 234 476 Nusquam
252 435 332 465 tuta
351 428 442 466 fides
460 442 468 465 :
491 430 652 479 ejectum
671 430 799 476 litore,
820 437 993 479 egentem

0 483 1 486 ¹
37 488 200 537 Excepi,
218 497 254 525 et
272 489 379 538 regni
397 488 549 528 demens
566 490 606 527 in
623 497 731 540 parte
751 490 891 535 locavi,

0 573 1 578 ,
38 547 223 585 Amissam
244 549 417 595 classem,
438 550 578 597 socios,
597 564 618 588 a
636 560 758 588 morte
777 549 924 587 reduxi.
1194 556 1241 590 355

35 663 178 704 priorum
213 664 286 694 fecit
303 688 311 702 ‚
346 666 518 696 tenendum
553 673 609 697 est.

34 710 115 740 Nam
146 709 242 740 habet
277 711 396 740 Arabia
432 714 524 753 tigres
540 735 548 747 ‚
580 719 610 742 et

34 755 193 785 Bacchum
209 756 284 785 inde
303 757 451 787 reducem
476 758 610 799 tigribus

34 807 162 830 vectum
185 802 314 832 exhibet
330 811 496 843 poetarum
518 805 607 833 ratio.

33 846 94 877 Sed
109 850 313 887 grammatico
329 850 468 879 acumini
482 860 529 879 res
539 860 609 890 pro-

33 893 121 933 prior
140 904 176 923 ac
192 895 325 925 similior
338 902 393 925 est.

83 939 159 970 368.
199 942 294 980 Quod
325 941 476 972 Rottend.
509 948 580 973 tert.
597 965 605 980 ,

33 984 118 1015 unde
137 987 246 1017 Heius.
264 989 333 1028 Quo
347 987 536 1018 dissimulo?
553 996 611 1018 aue

34 1040 95 1071 quo
120 1042 180 1063 me.
210 1035 310 1064 Porro
334 1041 472 1075 quatuor
498 1035 607 1065 Burm.

33 1085 92 1106 auc
114 1078 194 1118 quid
215 1090 283 1117 me,
310 1080 398 1121 quod
422 1082 607 1111 Burmanno

32 1131 99 1153 non
113 1123 310 1165 displicebat.
328 1126 606 1167 QuimeDorvill.‚

32 1169 119 1208 quod
143 1177 174 1199 et
196 1171 300 1211 ipsum
323 1182 388 1202 esse
412 1173 512 1213 possit
533 1170 604 1213 qui'‚

32 1215 205 1254 quomodo.
219 1218 356 1248 Gravius
371 1225 475 1249 tamen
488 1218 527 1248 ad
542 1230 608 1249 sen-

32 1269 102 1290 sum
122 1262 203 1292 illud
222 1264 378 1295 alterum:
398 1276 469 1305 quoe
494 1276 544 1294 me
565 1265 612 1295 ad

33 1306 158 1348 majora
167 1319 288 1340 reservo
298 1314 315 1340 ‚³
325 1311 406 1340 inest
416 1312 511 1348 enim,
522 1312 611 1351 quod

33 1361 84 1382 me
101 1365 222 1385 reservo
247 1357 294 1386 ad
309 1356 434 1398 majora
445 1361 462 1387 .³
486 1364 517 1387 et
535 1357 607 1388 alte-

0 1425 1 1429 ,
32 1407 103 1429 rum
117 1410 125 1431 ε
141 1402 188 1431 ad
206 1413 278 1442 quoe
304 1403 458 1445 majora?
481 1411 512 1433 et
533 1414 607 1434 con-

33 1447 140 1476 venit:
166 1457 238 1486 quae
257 1448 367 1487 quibus
391 1449 573 1489 anteferam
589 1454 606 1477 θ

32 1491 85 1522 J0.
108 1492 301 1523 Schraderus
313 1516 321 1530 ,
344 1495 399 1534 qui
419 1501 450 1523 et
463 1495 530 1534 ipse
548 1494 606 1524 im-

32 1537 175 1578 peditum
189 1550 221 1569 se
237 1546 396 1577 senserat,
419 1539 608 1570 emendabat

0 1617 1 1620 ¹
32 1583 67 1613 in
85 1585 208 1615 schedis
231 1595 238 1616 :
256 1596 328 1626 quoe
345 1596 394 1615 me
408 1586 455 1615 ad
473 1585 607 1616 meliora

32 1639 153 1660 reservo
167 1635 184 1660 .³
207 1650 254 1654 —
275 1632 352 1671 369.
382 1633 476 1667 Non,
514 1642 578 1661 non
594 1655 603 1668 ‚

33 1675 109 1706 Non
141 1683 188 1706 ter
219 1688 278 1717 pro
305 1688 380 1707 num
411 1678 532 1717 aliquot
557 1688 606 1717 ap.

33 1721 141 1752 Burm.
173 1723 239 1753 Alii
267 1723 364 1753 modo
392 1734 487 1759 num,
512 1723 610 1754 modo

35 1776 99 1797 non
111 1791 119 1803 ,
139 1779 180 1798 ex
199 1780 297 1799 more.

81 1815 157 1851 370.
185 1815 286 1844 Haud
311 1814 378 1844 mis.
409 1814 473 1843 duo
500 1817 608 1845 Burm.

36 1859 199 1890 miseretur
217 1861 282 1890 duo
297 1860 359 1891 alii.
384 1862 444 1890 Est
459 1861 612 1890 omittunt

34 1906 142 1943 multi,
170 1907 250 1936 male
273 1906 336 1936 hoc
365 1906 493 1947 quidem
524 1906 607 1937 loco.

35 1953 124 1990 —37
135 1962 161 1982 1.
181 1954 260 1993 Qua·
274 1952 385 1993 quibus
400 1951 580 1993 anteferam
592 1957 609 1982 ,³

35 1997 102 2029 scil.
114 2004 263 2038 tanquam
273 1999 392 2029 leniora
403 1999 609 2029 durioribus?

35 2041 84 2073 his
102 2044 179 2085 quid
196 2045 358 2085 praeferam
374 2046 387 2076 Ρ
410 2044 487 2086 quid
512 2046 609 2087 magis

35 2091 101 2130 pati
114 2090 231 2120 velim?
248 2091 281 2123 h.
295 2102 322 2123 e.
337 2093 458 2122 Annon
471 2091 539 2122 haec
555 2103 610 2122 ex-

36 2140 137 2165 trema
165 2138 263 2167 sunt?
292 2138 459 2168 durissima
486 2145 517 2168 et
545 2149 612 2179 gra-

40 2182 184 2220 vissima,
211 2184 328 2224 quibus
353 2185 611 2217 contumeliosius

664 667 837 706 quicquam
869 675 909 694 ne
945 664 1075 705 cogitari
1114 663 1242 702 quidem

664 712 788 752 possit?
810 718 845 740 ut
867 711 946 740 adeo
963 710 1044 739 illud
1067 709 1175 738 locum
1191 709 1242 738 ha-

664 758 738 787 here
760 763 914 797 nequeat,
938 756 1063 785 ferenda
1083 765 1147 784 esse
1173 754 1241 785 haec

664 809 812 842 tanquam
845 802 969 832 modica
985 824 992 839 ‚
1023 812 1063 831 ne
1098 801 1242 841 graviora

662 850 818 889 experiar.
840 850 930 879 Hanc
953 847 1139 878 sententiam
1161 847 1240 877 mihi

662 895 792 935 quidem
815 895 924 932 locus,
942 894 1039 924 verba
1057 900 1088 923 et
1109 894 1175 934 ipse
1197 894 1241 922 af-

661 942 762 971 fectus
775 941 934 982 postulare
948 953 961 970 x
970 940 1110 970 identur.
1132 939 1239 980 Vulgo

663 989 840 1028 accipiunt,
859 987 931 1024 vel,
956 997 1027 1027 quae
1046 986 1153 1026 prius,
1168 996 1240 1025 quae

661 1035 836 1075 posteriu5‚
852 1033 976 1063 dicam?
990 1034 1032 1062 ita
1048 1039 1079 1062 et
1091 1032 1236 1069 Servius3

661 1081 731 1116 vel,
746 1090 817 1119 quae
832 1080 898 1109 aliis
913 1080 1032 1118 majora
1050 1079 1153 1109 dicam
1165 1078 1179 1107 Ρ

710 1127 787 1164 373.
810 1127 976 1166 Nusquam
1000 1133 1047 1155 est
1071 1132 1092 1154 c.
1117 1123 1238 1164 aliquot

661 1173 744 1203 Pier.
760 1172 840 1201 male
864 1172 904 1201 ad
926 1172 1089 1202 sententiae
1104 1170 1239 1199 brevita-

661 1225 725 1248 tem
740 1228 748 1250 ε
764 1218 856 1248 litore
869 1225 1016 1260 egentem
1032 1217 1109 1247 olim
1122 1217 1238 1254 junxe-

661 1272 738 1294 runt
754 1267 841 1296 Serv.
859 1271 891 1294 et
912 1266 1009 1294 Prisc.
1021 1286 1029 1301 ‚
1048 1263 1161 1292 merito
1179 1263 1238 1290 im-

661 1311 832 1351 probatum
858 1321 873 1339 a
897 1311 974 1340 viris
991 1309 1112 1339 doctis:
1127 1307 1235 1343 litore,

661 1364 726 1394 est,
754 1358 788 1386 in
814 1357 927 1393 litore3
962 1355 1027 1385 vid.
1061 1356 1236 1385 Burmann.

659 1403 904 1440 —373—376.
917 1403 1033 1432 Divina
1041 1401 1134 1441 plane
1149 1400 1216 1429 haec
1231 1421 1238 1435 ,

660 1450 889 1479 sententiarum
904 1455 935 1478 et
949 1448 1124 1478 verborum
1137 1447 1239 1487 gravi—

661 1496 740 1524 tate!
759 1497 798 1524 Et
823 1496 955 1524 omnino
974 1502 1087 1534 magna
1102 1494 1239 1521 suavitas

661 1540 699 1569 ad
727 1541 859 1569 amantis
884 1539 1025 1579 deceptae
1051 1548 1179 1567 sensum
1205 1538 1240 1566 in

659 1586 709 1616 his
722 1586 860 1626 querelis
875 1585 914 1614 de
933 1583 1067 1624 perfidia
1083 1591 1114 1613 et
1137 1585 1239 1623 ingra-

661 1638 694 1662 to
709 1633 825 1661 animo.
853 1631 1002 1660 Ceterum
1025 1637 1098 1659 aute
1128 1629 1239 1659 oculos

664 1678 760 1707 fuisse
783 1676 911 1706 videtur
934 1677 1076 1715 primum
1102 1675 1240 1713 Calypso

664 1723 780 1762 OdysS.
800 1732 831 1758 ε,
855 1723 917 1751 130
939 1731 1002 1760 sq.‚
1026 1727 1096 1749 tum
1111 1719 1239 1758 Euripi-

664 1768 712 1797 dis
730 1768 842 1797 Medea
868 1778 899 1797 v.
926 1766 991 1804 476
1008 1775 1095 1805 sqq.‚
1114 1764 1195 1794 forte
1209 1771 1240 1794 et

664 1814 804 1844 Ariadne
827 1812 943 1844 Catulli
959 1813 993 1841 in
1009 1811 1148 1851 Epithal.
1176 1817 1238 1850 149

664 1871 731 1900 sqq.
754 1859 860 1901 Regni
884 1859 916 1888 in
939 1865 1034 1899 parte
1049 1867 1060 1886 .·
1077 1867 1148 1897 sup.
1173 1862 1238 1891 214

664 1907 839 1937 Dominum
866 1906 998 1936 AEnean
1024 1903 1057 1932 in
1075 1913 1175 1944 regna
1194 1913 1241 1932 re-

663 1953 755 1993 cepit.
769 1971 815 1976 -
827 1952 903 1990 375.
918 1951 1067 1993 Ejectum
1082 1949 1121 1980 cl.
1140 1950 1236 1979 Prisc.

662 2000 718 2030 lib.
742 2000 804 2029 VII
821 2005 851 2028 et
873 2009 943 2038 sup.
971 2005 1088 2027 versu:
1110 1995 1239 2025 classim

664 2046 729 2076 duo
743 2047 852 2076 Heius.
872 2055 903 2075 v.
918 2054 987 2084 sup.
1003 2042 1041 2073 ad
1056 2043 1121 2078 111,
1141 2042 1170 2072 5.
1184 2042 1240 2070 So-

664 2092 792 2133 ciosque
819 2091 871 2121 vel
895 2097 928 2120 et
953 2101 977 2121 ε.
1002 2089 1116 2126 multi,
1134 2094 1172 2117 ut
1187 2097 1238 2117 so-

664 2139 708 2168 let
731 2138 847 2179 copula
874 2136 955 2167 male
977 2135 1109 2166 intrudi.
1134 2136 1241 2165 Potest

664 2185 718 2216 hic
738 2195 845 2215 versus
864 2190 937 2226 post
960 2183 1157 2225 superiorem
1171 2180 1240 2210 lan-
