1433 2460
615 131 738 160 LIBER
764 130 806 158 II.

1251 127 1309 156 1113

167 188 280 233 Ecce,
297 198 428 223 manus
439 187 618 237 juvenem
637 186 782 223 interea
802 194 886 234 post
908 193 1012 234 terga
1028 185 1239 222 revinctum

113 249 284 284 Pastores
303 258 439 297 magno
455 245 503 282 ad
519 258 647 296 regem
667 245 831 282 clamore
850 242 1050 281 trahebant

111 306 361 354 Dardanidae,
382 307 448 357 qui
467 321 505 344 se
525 307 697 358 ignotum
714 304 955 343 venientibus
977 305 1096 351 ultro,

113 370 196 405 Hoc
214 368 338 417 ipsum
355 376 397 405 ut
416 377 598 414 strueret,
615 367 845 417 Trojamquc
864 366 1031 416 aperiret
1050 364 1225 409 Achivis,
1280 373 1311 397 60

113 426 334 473 Obtulerat‚
355 427 472 466 fidens
491 428 624 474 animi,
645 437 758 477 atquc
776 427 814 463 in
837 435 1043 475 utrumque
1063 434 1235 475 paratus,

114 490 191 526 Seu
209 501 362 526 versare
382 488 507 536 dolos,
524 502 588 526 seu
607 497 719 524 certae
735 486 963 523 occumbere
979 487 1103 523 morti.

114 548 293 598 Undique
308 549 456 586 visendi
476 549 601 586 studio
619 549 782 599 Trojana
794 548 975 598 juventus

115 607 352 645 Circumfusa
370 610 464 654 ruit,
485 617 704 658 certantque
722 607 894 645 inludere
913 616 1035 656 capto.

114 668 261 718 Adcipe
282 682 382 705 nunc
402 672 575 706 Danaum
591 669 762 714 iusidias,
781 677 818 704 et
834 667 991 704 crimine
1013 665 1060 702 ab
1081 678 1157 703 uno
1282 674 1314 697 εδ

116 728 227 765 Disce
247 729 378 767 omnis.

115 876 157 896 m.
174 876 222 906 pr.
233 865 350 896 Medic.
366 865 405 895 ad
421 867 602 897 Servianam
614 876 687 896 nor-

116 922 197 942 mam
216 922 223 942 :
238 926 254 937 «
270 913 303 943 Si
315 919 415 942 staret
426 913 538 953 legeris
548 936 556 950 ‚
578 923 688 942 mane-

115 969 165 988 res
198 958 354 999 sequitur,
385 967 518 1000 propter
551 957 687 1002 ὁμειοτέ-

114 1006 362 1036 λευτον.ιιΕῑίειιῙι
377 1006 430 1036 alii
443 1005 534 1036 codd.
550 1008 685 1036 variant.

115 1063 148 1082 v.
163 1052 272 1082 Heius.
301 1052 362 1083 Sed
382 1060 690 1082 stares—maneres

118 1100 295 1135 Romnum,
324 1109 433 1129 omues
463 1101 543 1130 Pier.
574 1099 689 1139 aliique

116 1144 212 1185 probi
233 1144 326 1175 codd.
345 1147 539 1186 Pomponius
555 1146 690 1176 Sabinus

118 1190 186 1221 haec
195 1190 290 1220 habet
304 1200 312 1221 :
327 1199 427 1222 staret
443 1199 474 1222 et
489 1199 635 1222 maneret
646 1192 689 1221 le-

117 1238 163 1278 git
176 1238 391 1278 Apronianus.
407 1240 494 1268 Esset
510 1246 614 1269 tamen
628 1238 690 1268 hoc

118 1283 216 1313 altero
229 1283 399 1324 vulgarius.

167 1331 221 1367 57.
238 1331 320 1359 Eum
336 1330 520 1367 trahebant,
538 1342 611 1361 cum
633 1331 691 1361 fes-

119 1377 272 1407 tinatione
303 1376 500 1407 adducebant
513 1389 522 1415 ;
554 1385 591 1408 ut
620 1379 668 1407 VI
681 1400 690 1414 ‚

122 1423 200 1461 753,
213 1423 390 1454 Conventus
400 1423 498 1454 trahit
510 1424 543 1454 in
558 1424 689 1455 medios.

118 1470 206 1500 serv.

168 1516 222 1556 59.
249 1516 476 1547 Dardanidem
496 1528 541 1547 sc.
566 1529 689 1559 regem,

119 1571 169 1602 ap.
199 1563 306 1593 Barth.
337 1563 471 1595 Advers.
500 1566 580 1602 XII,
612 1575 648 1601 2,
674 1575 691 1595 e

118 1614 257 1648 quatuor
270 1609 370 1640 libris.
392 1610 468 1650 Quis
488 1621 520 1640 se
544 1612 689 1647 Servius,

115 1664 190 1684 cum
203 1662 321 1695 septem
334 1656 418 1696 apud
430 1657 539 1686 Heius.
556 1664 586 1686 et
599 1657 686 1687 Leid.

118 1709 178 1740 pro
193 1710 259 1730 var.
272 1701 344 1732 lect.
362 1702 460 1732 Goth.
470 1709 540 1733 tert.
556 1713 573 1733 a
587 1714 628 1733 m.
640 1713 688 1743 pr.

118 1755 178 1785 pro
191 1746 300 1785 quibus
315 1758 328 1782 ;
343 1747 432 1788 quod
452 1748 596 1788 placebat
614 1748 689 1778 Tol-

118 1791 164 1821 lio
175 1791 212 1821 ad
226 1794 347 1823 Auson.
359 1804 391 1833 p.
405 1794 469 1823 566
481 1805 489 1831 ;
499 1793 554 1823 sed
563 1793 690 1835 vulgata

120 1837 224 1867 leuius
240 1838 443 1869 decurrit.—
452 1841 494 1880 59
504 1857 550 1862 -—
561 1840 616 1870 62.
630 1839 692 1880 Qui

120 1894 153 1913 se
179 1885 217 1914 iis
247 1885 330 1914 ultro
360 1886 526 1916 obtulerat.
557 1886 691 1926 Reliqua

120 1930 336 1971 amplificandi
361 1939 391 1962 et
418 1932 554 1962 ornandi
584 1932 691 1962 studio

121 1976 252 2015 adjecta.
276 1979 346 2007 Hoc
365 1978 465 2019 ipsum
490 1987 525 2008 uc
539 1985 687 2015 strueret,

92 2038 97 2042 ·
121 2033 165 2054 sc.
196 2031 234 2054 ut
266 2023 478 2055 adduceretur
505 2025 544 2055 ad
574 2035 691 2066 regem.

123 2070 249 2100 Semere
266 2081 336 2102 voc.
356 2072 541 2102 insidjarum
563 2078 594 2101 et
613 2071 690 2101 doli.

123 2125 155 2146 V.
182 2117 292 2148 Cerda.
312 2118 427 2148 Fidens
454 2118 561 2148 animi
580 2119 691 2158 exqui-

122 2162 212 2193 sitius
233 2174 328 2204 quam
351 2164 460 2195 animo
470 2177 483 2200 ;
507 2171 538 2195 et
554 2164 616 2195 hoc
631 2175 691 2204 pro

121 2210 266 2249 prosaico
281 2233 291 2248 ‚
306 2212 412 2242 animo
435 2211 566 2249 fidenti3
588 2210 640 2240 vel
654 2209 692 2240 fi-

118 2255 214 2294 dens,
231 2255 406 2289 confidens.
424 2260 457 2288 V
454 2268 558 2289 ersare
580 2257 688 2293 dolos,

739 872 791 902 ut,
808 865 954 902 consih'a‚
970 875 1079 901 θυι-35,
1093 864 1125 894 h.
1143 875 1170 894 e.
1185 865 1313 905 agitare,

738 912 771 942 h.
790 912 812 943 l.
838 923 912 942 cum
934 911 1082 950 adjuncta
1100 911 1249 948 notione,
1273 912 1315 941 ef-

739 957 852 996 ficere,
868 958 909 988 ad
925 960 1047 988 exitum
1069 957 1252 998 perducere.
1269 974 1316 981 ——

741 1006 796 1036 62.
822 1007 956 1035 Versare
977 1004 1052 1034 dolo
1074 1004 1217 1045 Longob.
1237 1007 1314 1035 Rot-

742 1051 827 1082 teud.
845 1062 863 1081 a
878 1062 961 1081 man.
984 1062 1034 1091 pr.
1051 1053 1156 1091 Sprot.
1173 1061 1233 1091 pro
1249 1050 1314 1081 div.

741 1100 898 1139 scriptura
909 1109 916 1135 ;
928 1097 1014 1127 Leid.
1029 1107 1046 1126 a
1057 1108 1100 1127 m.
1111 1107 1184 1133 sec.‚
1198 1097 1315 1137 quibus

743 1145 823 1175 adde
839 1146 995 1175 Servium.
1010 1146 1081 1174 Hoc
1093 1144 1136 1173 ita
1148 1143 1212 1172 dici
1224 1154 1316 1184 posse

743 1192 837 1222 docet
858 1193 1043 1228 Burmann„
1068 1200 1127 1220 nec
1148 1190 1187 1219 de
1203 1200 1241 1220 eo
1257 1189 1315 1219 du-

744 1239 864 1269 bitatur
880 1248 887 1268 :
902 1236 998 1277 quid?
1017 1236 1106 1277 quod
1130 1237 1223 1266 etiam
1241 1236 1316 1266 doc-

744 1287 806 1315 tius
834 1286 878 1314 ita
907 1283 1056 1313 dicetur:
1080 1293 1210 1312 versare
1234 1282 1317 1311 dolis

747 1331 920 1372 Trojanos‚
938 1331 1003 1366 uti,
1021 1339 1154 1359 versare
1173 1329 1315 1358 animum

744 1377 896 1413 consiliis,
912 1376 993 1406 curis
1005 1386 1064 1416 pro
1074 1398 1082 1412 ‚
1093 1386 1183 1405 curas
1193 1376 1298 1405 am‘mo
1309 1387 1316 1411 ;

743 1431 825 1458 utet
842 1424 962 1460 Graeci,
981 1434 1011 1453 v·
1027 1433 1055 1453 c.
1070 1421 1158 1463 quod
1170 1421 1267 1452 modo
1282 1423 1316 1451 iu

744 1482 840 1501 mann
850 1471 1004 1500 habemus
1012 1492 1020 1506 ,
1034 1468 1214 1510 Tr5phjod.
1233 1479 1246 1498 1
1257 1479 1268 1498 1
1278 1479 1294 1498 2
1307 1477 1317 1498 :

743 1515 847 1560 Αὐτὰρ
864 1515 878 1547 ὁ
896 1513 1072 1559 detentui-462
1089 1513 1156 1544 νόον
1174 1513 1315 1556 βουλῇσιν

744 1562 881 1595 ἑλίσσων.
906 1565 951 1594 At
964 1563 997 1593 h.
1015 1562 1036 1592 l.
1056 1561 1166 1603 ultima
1180 1561 1285 1591 littera
1301 1572 1317 1590 a

744 1611 904 1651 sequentis
929 1620 1000 1640 voc.
1024 1609 1118 1638 initio
1140 1609 1317 1648 intercepta

742 1668 807 1687 esse
819 1656 956 1687 videtur.
983 1655 1083 1686 Certa·
1099 1654 1210 1690 morti,
1229 1654 1316 1694 quod

741 1704 810 1743 ipsa
822 1705 901 1733 ratio
916 1700 1129 1737 monstrabat,
1145 1701 1255 1730 Heius.
1270 1711 1316 1729 re-

742 1749 827 1788 cepit
849 1760 890 1778 ex
909 1748 1017 1778 Nouio
1034 1746 1208 1782 Marcello,
1233 1747 1316 1775 Lon-

742 1795 816 1835 gob.
835 1795 947 1830 Pierii,
970 1794 1088 1822 Moret.
1106 1802 1168 1822 sec.
1194 1799 1225 1821 et
1239 1792 1316 1822 Rot-

743 1839 831 1870 tend.
845 1846 918 1869 tert.
935 1838 1043 1880 Vulgo
1059 1845 1152 1868 certe.

791 1886 834 1916 63
845 1909 853 1923 ‚
869 1886 924 1921 64.
942 1885 1093 1915 Ornau'us
1107 1894 1203 1924 quam
1216 1885 1316 1924 Quin-

746 1938 797 1961 tus
814 1932 880 1962 cal.
897 1932 978 1968 XII,
996 1931 1060 1960 356
1075 1927 1201 1961 ἄλλοθεν
1223 1927 1315 1965 ἄλλος

743 1976 864 2008 Μέσσον
893 1974 1105 2007 ἐκυκλώσκντο
1131 1972 1315 2019 περιςαὸόν.

748 2023 945 2065 Circumfusa
973 2023 1058 2059 ruit,
1091 2031 1201 2053 ornate
1217 2045 1226 2059 ,
1256 2033 1316 2063 pro

745 2069 1020 2101 circumfunditur.
1039 2069 1171 2100 Certant
1184 2069 1318 2099 illudere

745 2125 856 2158 capto,
878 2117 911 2147 h.
939 2127 966 2147 e.
994 2117 1137 2146 certatim
1153 2115 1315 2152 illudunt,

745 2163 945 2194 contumeliis
963 2161 1122 2199 afficiunt,
1139 2160 1301 2197 αἰκίζουσι.

793 2211 846 2240 65.
863 2209 981 2250 Aspice
992 2209 1140 2247 Dorvffl.‚
1152 2209 1244 2239 male.
1255 2209 1317 2238 Ac-

745 2256 815 2298 cipe
831 2263 877 2287 est
891 2256 982 2293 audi,
1009 2263 1047 2288 ut
1067 2266 1159 2297 saepe.
1187 2255 1315 2286 Crimen
