1402 2460
557 94 678 125 LIBER
703 93 761 122 III.
1194 93 1259 126 245

58 156 101 190 Et
121 152 300 202 gemitum
321 153 510 202 ingentem
531 152 670 201 pelagi,
691 150 914 200 pulsataque
932 163 1021 187 saxa
1210 158 1258 181 ⁵⁵5

56 212 241 248 Audimus
262 212 388 262 longe,
411 212 623 260 fractasque
643 210 690 247 ad
710 211 820 261 litora
841 223 969 255 voc053

58 271 331 321 Exsultantque
351 271 465 317 vada,
487 279 600 320 atquc
618 279 711 308 aestu
730 270 935 307 miscentur
952 283 1073 307 arcnae
1091 285 1097 306 ε

56 334 101 368 Et
118 341 225 381 pater
244 332 426 368 Anchises
445 346 452 366 :
471 349 487 365 «
506 331 695 368 Nimirum
715 330 795 367 haec
815 331 876 367 illa
895 330 1125 380 Charyhdi53

58 393 137 427 Hos
158 391 323 428 Helenus
340 391 535 440 scopulos,
552 389 633 426 haec
656 402 745 426 saxa
764 390 956 428 horrenda
975 390 1144 427 canebat.

57 451 220 500 Eripite,
239 463 262 486 0
282 451 394 496 socii,
412 451 631 500 pariterque
650 450 832 499 insurgite
849 452 972 487 remis.
995 468 1010 482 »
1211 459 1258 482 560

108 510 219 548 Haud
239 511 361 548 minus
382 524 424 547 ac
439 510 533 561 jussi
554 510 716 556 faciunt,
738 511 959 560 primusque
979 510 1179 547 rudentem

56 570 247 607 Contorsit
266 571 377 607 laevas
398 583 551 619 proram
570 569 768 606 Palinurus
789 570 835 606 ad
852 569 990 616 uudas3

57 632 208 666 Laevam
228 640 363 666 cuncta
383 629 520 667 cohors
536 630 648 666 remis
667 630 864 678 ventisque
883 629 1029 678 petivit.

55 690 240 727 Tollimur
260 691 298 727 in
315 691 450 727 coelum
466 699 624 727 curvato
644 691 811 741 gurgite,
831 698 868 727 et
887 689 988 726 idem

57 834 140 863 citur
163 835 274 875 ingens
304 835 397 863 maris
425 840 516 863 aeslus
527 856 535 870 ‚
567 843 632 874 quo

61 879 246 921 Charybdin
260 881 296 909 in
308 881 490 921 propinquo
505 890 573 909 esse
586 881 634 909 in-

57 925 169 966 telligit
201 926 366 957 Anchises.
402 928 440 956 In
466 933 534 956 toto
559 926 632 956 loco

58 978 128 1001 ante
160 973 269 1003 oculos
292 973 421 1014 Ulysses
452 972 567 1013 odyss,
587 984 629 1014 μ,

59 1027 121 1047 201
154 1029 221 1059 sqq.
244 1018 318 1056 sed,
346 1026 382 1048 ut
404 1026 488 1049 recte
500 1018 568 1048 haec
584 1026 630 1048 te-

58 1074 130 1093 neas
142 1087 150 1101 ,
182 1065 387 1105 cogitandum
415 1073 479 1101 est,
496 1064 631 1105 legendo

58 1110 133 1139 litus
152 1112 306 1149 Trojanos
328 1113 392 1149 jam
417 1111 456 1141 ad
481 1112 631 1141 interiora

58 1156 131 1185 freti
164 1158 262 1187 Siculi
295 1159 492 1197 pervenisse;
522 1157 568 1186 ibi
598 1164 628 1186 et

57 1202 162 1242 Scylla
177 1210 207 1233 et
224 1203 402 1244 Charybdis
431 1203 517 1233 haud
535 1204 628 1245 longe

59 1248 301 1280 aberant.Nunc
317 1249 388 1279 vide
404 1257 552 1280 ornatum
563 1260 630 1279 ver-

59 1294 195 1326 borum:
213 1306 299 1325 saza
308 1296 443 1336 pulsata
463 1296 628 1326 fluctibus.

59 1342 127 1370 —5
131 1342 149 1371 5
154 1341 185 1372 6.
197 1343 328 1372 Fractas
338 1353 450 1378 voces,
463 1343 556 1372 maris
568 1342 628 1371 fra-

60 1397 183 1428 gorem3
208 1388 265 1418 inf.
287 1389 353 1429 669
381 1389 502 1418 sonitus
527 1388 628 1419 vocis.

59 1451 104 1456 ——-
122 1434 198 1472 557.
219 1435 314 1465 Vada
344 1435 511 1465 exsultant
538 1435 571 1464 h.
601 1445 628 1465 e.

60 1490 144 1510 mare
160 1491 201 1511 ex
221 1482 287 1511 imo
302 1481 404 1511 fundo
422 1481 583 1511 sublatum
596 1482 631 1510 in

61 1525 158 1557 altum
179 1529 328 1568 egeritur.
345 1539 376 1558 v.
393 1538 463 1568 sup.
490 1534 556 1563 420
583 1538 630 1567 sq.

60 1568 130 1612 τῇδ’
145 1571 259 1616 ἄμοτον
274 1571 428 1612 βοάασκεν
445 1570 632 1608 ἄνοι’ἕλύζου-

61 1628 102 1648 σοι
115 1617 285 1662 Χάρυὲδις.
299 1620 452 1660 Apollon.
473 1622 533 1657 IV,
552 1620 630 1658 923.

60 1665 144 1695 Mari
159 1677 175 1696 e
190 1665 290 1696 fundo
305 1673 497 1697 exaestuante
508 1688 516 1703 ‚
535 1673 612 1695 oescu
623 1686 632 1701 ‚

61 1720 153 1742 arena
171 1713 323 1741 miscetur
338 1722 437 1752 aqnae.

115 1761 133 1790 5
140 1759 308 1789 58—560.
328 1759 554 1798 Respiciunrnr
569 1758 632 1785 He-

60 1807 127 1837 leni
142 1805 226 1835 dicta
239 1815 309 1844 sup.
327 1810 345 1837 4
355 1814 392 1833 10
406 1814 473 1843 sqq.
491 1804 557 1829 llos
571 1810 634 1829 sco-

57 1853 170 1894 pulos,
187 1861 273 1880 saxa
301 1850 359 1878 int.
387 1847 524 1888 Scyllam
539 1856 546 1877 :
562 1856 632 1886 sup.

65 1906 140 1935 420.
157 1895 280 1935 Eripite
302 1905 368 1925 nos.
392 1894 542 1934 Vulgaris
563 1902 633 1922 ora—

63 1945 157 1975 tionis
172 1941 300 1972 taedium
314 1941 436 1970 excutit
448 1946 540 1979 poeta
557 1945 587 1968 et
600 1939 633 1968 in

62 1990 141 2027 hoc,
158 1988 246 2029 quod
271 1987 463 2027 pronomina
497 1985 633 2021 omittit;

63 2034 222 2066 interdum
238 2033 278 2064 ad
296 2041 422 2064 nostros
438 2042 546 2062 sensus
563 2031 635 2061 sau's

65 2082 196 2112 duriter.
207 2080 267 2112 Sed
277 2081 381 2110 lenius
390 2078 454 2109 hoc
463 2088 557 2119 quam
566 2087 636 2117 sup-

66 2128 152 2168 plere
174 2137 276 2157 remos
286 2138 296 2156 :
311 2133 347 2156 ut
360 2126 401 2155 sit
414 2135 422 2156 :
438 2124 561 2165 Eripite
586 2134 632 2152 re—

68 2184 151 2211 mos,
168 2173 324 2214 expedite,
341 2171 499 2215 Insurgice
512 2169 606 2201 remis
620 2192 629 2205 ‚

67 2231 97 2250 v,
112 2230 181 2261 sup.
196 2219 234 2249 ad
251 2230 280 2250 v.
295 2229 371 2258 ²07·

735 834 811 863 561.
829 832 1034 873 Primumque
1051 843 1075 862 r.
1103 833 1180 871 Reg.
1200 833 1261 861 Ra-

686 879 797 909 demes
828 879 912 909 Gud.
937 889 953 908 a
980 889 1023 909 m.
1050 889 1099 918 pr.
1126 884 1157 907 et
1180 879 1260 908 Exc.

686 927 794 956 Burm.
835 925 981 955 Rudente
1008 918 1138 964 ¹aliquot
1178 923 1262 963 apud

686 973 794 1002 Burm.
812 978 843 1001 et
856 972 993 1002 Pierium
1006 993 1014 1008 ‚
1029 981 1069 1000 ex
1088 970 1262 1009 interpola-

686 1020 772 1048 tione
786 1025 885 1058 puto,
902 1024 939 1047 ut
965 1017 1004 1046 ad
1031 1016 1140 1046 funem
1164 1016 1264 1045 refer-

686 1071 770 1094 rent.
808 1064 990 1094 Tridentem
1009 1072 1143 1103 proram
1176 1063 1260 1099 conj.

688 1112 795 1141 Heius.
824 1110 881 1140 inf.
910 1109 950 1139 ad
978 1112 1018 1145 V,
1052 1109 1113 1143 143
1141 1114 1172 1136 et
1207 1109 1260 1138 Jo.

682 1156 847 1188 Schrader.
873 1158 907 1186 in
917 1155 1050 1186 schedis.
1074 1171 1120 1177 --
1137 1154 1199 1184 561
1215 1171 1262 1177 -—-

685 1204 760 1233 563.
773 1205 802 1233 A
815 1204 908 1233 litore
928 1202 1025 1232 Itah'ae
1037 1224 1044 1238 ,
1059 1212 1132 1231 cum
1145 1202 1180 1229 in
1194 1210 1259 1229 me—

683 1249 736 1279 dio
756 1250 836 1279 freto
868 1250 931 1286 jam
958 1254 1176 1283 versarentur,
1191 1256 1260 1275 cur-

683 1307 755 1326 sum
777 1295 951 1324 deflectunt
964 1317 972 1331 ‚
992 1294 1132 1332 adeoque
1155 1303 1171 1321 a
1185 1292 1262 1321 dex·

684 1349 732 1372 tra
746 1343 781 1371 in
792 1342 904 1371 laevam
915 1363 923 1377 ‚
935 1351 974 1371 ne
988 1342 1023 1370 in
1035 1341 1188 1369 interiora
1202 1338 1262 1367 sre-

684 1389 710 1417 ti
725 1395 803 1417 aestu
829 1387 964 1427 impulsa
993 1387 1083 1415 navis
1107 1385 1258 1424 rapiatur.

685 1434 861 1464 studentem
882 1442 1014 1473 proram
1025 1453 1034 1466 ‚
1052 1428 1234 1474 ὀγκώμενῡυ
1250 1454 1258 1467 ,

683 1487 740 1517 ut,
757 1489 902 1520 gemere,
920 1477 1013 1520 βοᾷν,
1039 1477 1201 1512 clamare,
1225 1476 1258 1506 h.

685 1537 712 1557 e.
742 1525 894 1562 stridere,
922 1522 1063 1563 impulsu
1087 1521 1260 1558 fluctuum,

686 1583 720 1602 ac
733 1581 845 1601 sonare
858 1592 867 1607 ,
884 1577 921 1599 ut
934 1570 1025 1599 ctiam
1041 1571 1127 1600 Serv.
1143 1571 1218 1599 Vox
1232 1575 1263 1597 et

686 1618 744 1648 inf.
760 1619 901 1646 occurrit
913 1617 976 1646 VII
987 1638 995 1651 ,
1020 1615 1070 1645 16.

736 1663 854 1695 564-
865 1662 942 1698 567.
969 1662 1069 1691 Maris
1103 1660 1263 1689 aestuamis

687 1717 716 1737 et
725 1717 855 1746 magnos
864 1707 981 1736 fluctus
987 1707 1144 1736 moventis
1152 1727 1161 1741 ,
1170 1715 1264 1745 prop-

686 1761 734 1783 ter
755 1753 891 1782 vicinam
910 1751 1099 1792 Charybdin
1120 1757 1151 1781 et
1178 1750 1264 1792 Scyl-

687 1799 749 1828 lam
760 1820 768 1834 ,
782 1800 987 1838 agitationem
1006 1805 1036 1827 et
1050 1804 1174 1827 motum
1191 1808 1264 1828 con-

688 1845 905 1875 citatissimum
925 1846 961 1874 in
985 1852 1168 1874 transcursu
1190 1854 1263 1873 sen-

687 1893 772 1921 tiunt
782 1892 921 1929 Trojani.
938 1890 999 1922 Sed
1013 1897 1103 1920 aucta
1118 1890 1186 1920 haec
1199 1900 1263 1920 om—

687 1938 740 1967 nia
758 1938 793 1966 in
810 1947 916 1967 rerum
929 1936 1090 1967 miracula.
1103 1936 1264 1966 Videntur

689 1978 834 2024 autem:V.
847 1984 924 2021 564,
940 1983 1003 2013 565
1014 1982 1053 2012 ad
1063 1981 1263 2023 Charybdin,

690 2036 720 2060 et
744 2030 827 2066 566,
853 2030 915 2067 567
938 2029 976 2059 ad
993 2029 1131 2070 Scyllam
1146 2029 1264 2069 sigilla-

690 2078 746 2105 tim
775 2083 927 2116 spectare.
958 2075 1042 2106 conf.
1073 2085 1169 2116 supra
1195 2082 1261 2111 420

685 2133 752 2162 sqq.
771 2129 801 2152 et
824 2122 933 2154 cerda.
955 2122 1049 2152 Adde
1077 2121 1117 2151 ad
1141 2121 1260 2151 Tihuss.

687 2171 746 2207 IV,
768 2170 914 2207 70—75.
937 2168 1105 2204 Desidere,
1121 2174 1158 2197 ut
1172 2168 1255 2198 side-

689 2226 738 2252 re,
760 2216 936 2253 subsidere,
956 2216 1084 2256 proprie
1100 2213 1138 2244 de
1154 2214 1269 2251 rebus,

1033 2277 1099 2315 21*
