1433 2460
155 120 217 156 374
438 111 658 142 EXCURSUS
683 110 729 140 111
755 110 815 140 AD
841 110 1003 141 LIBRUM
1029 111 1070 141 11.

152 185 253 220 poeta*
278 181 308 204 ot
331 174 389 203 hos
411 183 427 201 e
450 172 545 210 Truja
568 173 702 202 Romam
725 171 887 201 traductos
902 171 1022 202 haberi.
1049 173 1087 202 In
1105 170 1345 204 conditionibus

153 239 281 272 quoquc
306 227 391 269 pacis
413 226 495 255 iuter
512 226 639 255 Latinos
663 233 695 256 et
716 226 870 264 Trojnuos
888 225 1023 256 habetur
1046 225 1108 256 hoc
1121 249 1130 263 ‚
1156 226 1244 266 quod
1263 237 1349 258 sacra

153 287 289 324 Trojana
307 282 508 322 recipiuntur
523 291 539 310 a
556 281 674 310 Latinis
691 290 699 311 :
716 281 798 318 ΧΠ,
830 291 890 321 192
916 291 1008 312 sacra
1029 280 1166 322 deosque
1187 281 1288 318 dabo,
1322 289 1354 312 et

155 341 221 370 836
243 347 360 368 morem
378 335 516 376 ritusque
532 345 693 364 sacrorum
712 334 882 376 adjiciam.

201 394 349 423 Ceterum
372 389 458 420 haud
478 399 589 418 vereor
606 398 799 428 quemquam
817 388 883 418 fore
894 411 902 426 ‚
930 390 984 430 qui
1001 401 1049 420 me
1064 391 1274 420 calumnietur
1291 397 1351 420 tam

154 448 276 477 fatuum
290 452 321 475 et
337 446 482 485 ineptum
504 453 569 473 esse
580 466 588 480 ‚
613 449 650 472 ut
662 441 730 472 haec
746 442 876 482 antiqua
896 441 960 473 fide
974 443 1178 474 historiarum
1194 445 1253 474 niti
1275 445 1355 474 exis-

153 503 282 537 timem3
303 500 376 529 satis
394 499 478 528 enim
490 521 498 535 ‚
528 496 579 527 vel
595 507 645 526 me
665 507 731 526 non
752 495 922 537 profitente
933 520 941 534 ‚
969 508 1010 527 cx
1026 499 1204 528 narratione
1220 508 1288 528 mea
1305 509 1355 539 ap-

153 561 258 596 paret,
278 564 327 583 me
342 559 507 593 poetarum
523 556 701 581 commenta
711 572 719 587 ‚
734 550 773 579 ab
790 551 918 590 amiqua
933 550 1035 592 aliqua
1053 551 1133 580 fama
1146 551 1239 582 ducta
1249 575 1257 590 ,
1271 553 1355 583 mul·

154 611 193 639 fis
209 607 311 638 modis
324 606 446 637 deuexa
460 613 490 635 ct
503 611 613 636 ornata
623 627 631 642 ,
647 614 711 634 una
726 604 786 634 tela
806 610 976 635 contexere
989 605 1124 636 voluisse
1145 615 1152 636 ε
1169 607 1287 647 quippe
1301 607 1354 647 qui

155 663 322 705 diligenter
342 661 520 691 discernere
534 660 652 690 soleam
667 669 723 696 ea,
747 669 820 699 quae
846 659 936 690 famae
960 661 1097 701 antiquae
1119 659 1256 691 fundum
1279 672 1355 702 qua-

152 719 376 757 lemcumque,
404 721 458 745 aut
476 714 664 755 opinionem
688 714 850 754 antiquam
866 724 926 754 pro
947 713 1052 752 fonte,
1077 714 1212 752 habere,
1237 721 1269 745 et
1286 725 1358 756 quae

155 772 286 802 diversis
310 769 384 800 inde
407 779 463 799 seu
485 768 689 810 ingeniorum
712 779 769 798 seu
796 769 1005 809 opinionum,v
1033 775 1185 810 tanquam
1205 779 1358 809 aquarum

156 827 318 863 divortiis,
346 825 441 854 fuisse
459 823 599 854 derivata
610 847 618 862 ,
641 824 797 863 novisque
819 833 971 864 aquarum
986 824 1074 855 venis
1091 824 1256 854 conrivatis
1269 830 1358 854 aucta

158 892 273 914 novam
289 887 434 911 naturam
450 878 589 909 induisse
607 877 787 908 videantur.
