1423 2517
89 88 99 107 1
111 87 127 106 α
594 75 794 107 ΙΕΝΕῙΒΟὸ

85 139 173 173 llaec
195 147 320 171 secum
340 149 347 169 :
367 152 379 165 υ
405 135 517 170 Mene
540 132 691 183 incepto
712 133 894 171 desistere
914 134 1071 180 victam,

82 199 161 233 Noc
179 208 289 245 posse
310 194 418 231 ltalia
434 195 672 231 Teucrorum
692 205 863 232 avertere
880 196 1029 245 regem?

83 257 235 305 Quippe
253 264 360 290 votor
378 253 480 292 satis!
503 255 671 292 Pallasne
689 269 851 293 exurere
872 256 1028 293 classem

82 318 264 366 Argivum
276 343 285 360 ‚
303 323 416 365 atque
435 315 538 366 ipsos
556 315 680 365 potuit
696 316 941 367 submergere
959 324 1096 368 pontO,
1258 327 1289 354 4ο

85 378 206 414 Unius
227 375 277 412 ob
297 387 437 414 noxam
454 385 491 414 ct
507 377 623 415 furias
640 378 765 428 Ajacis
785 377 908 417 Oilei?

83 544 143 573 281
162 554 243 583 sqq..
260 543 317 573 ubi
333 543 444 574 similis
462 546 564 574 oratio
574 545 659 585 Nep-

82 591 162 619 tuni.
189 590 272 619 Hinc
290 590 398 619 nullus
412 591 476 620 fere
491 598 535 620 cst
552 598 656 631 poeta,

79 637 135 675 qui
148 647 212 665 non
227 636 363 666 cundem
379 636 418 666 ad
432 637 562 666 modum
579 638 657 666 iram

80 682 213 720 alicujus
245 682 295 712 dci
328 682 469 713 finxerit.
516 683 657 714 Similem

79 738 208 768 prorsus
234 728 342 758 locum
369 729 492 759 videbis
517 730 574 759 ius.
599 729 655 761 lib.

79 775 159 812 vn,
178 775 299 804 286-
310 776 375 804 320
389 786 397 812 ;
416 786 510 816 quem
530 786 657 816 compa-

79 830 161 850 rasse
171 831 236 850 non
251 821 430 861 poenitcbit.
446 824 493 852 Ex
506 829 655 862 utroque,

79 866 194 896 Bacchi
207 869 282 897 Jovi
304 868 458 908 supplicis
481 868 577 897 verba
593 867 655 897 fln-

80 913 127 942 xit
153 915 270 943 Statius
293 913 348 944 lib.
369 916 431 944 vlt
444 937 451 950 ,
468 914 569 944 Theb.
591 915 650 943 151

78 969 125 998 sq.
159 959 220 988 182
250 970 314 999 seq.
345 960 494 990 Ceterum
523 959 654 1000 legenda

77 1004 146 1034 haec
162 1012 236 1034 suut
251 1007 393 1035 oratione
407 1016 463 1046 per
482 1006 537 1035 irae
556 1011 586 1034 et
605 1007 653 1035 in-

77 1050 268 1092 dignationis
290 1053 444 1091 impetum
463 1052 652 1091 intercepta;

79 1104 114 1126 ut
129 1097 265 1127 solemus
279 1098 311 1127 in
327 1108 440 1137 magno
454 1098 551 1126 animi
564 1104 654 1127 motu

77 1143 195 1182 eloqui.
215 1143 341 1172 Viccatn
356 1144 477 1183 poetica
492 1144 583 1183 copia
599 1143 653 1173 ad-

75 1190 196 1227 jicitur.
228 1191 416 1219 Teucrorum
442 1200 567 1230 regem,
596 1190 655 1219 dn-

79 1246 158 1265 cem.
176 1252 225 1258 —
245 1236 298 1265 38.
327 1237 396 1265 Nec
419 1246 548 1275 possum
576 1238 654 1267 Rot-

78 1281 164 1311 tend.
188 1291 249 1311 sec.
272 1282 347 1311 Non
369 1292 464 1322 posse
488 1284 597 1322 Puget.
623 1289 654 1312 et

78 1328 123 1357 sic
133 1329 280 1358 Donatus
292 1327 378 1368 legit.
394 1329 424 1357 E
427 1335 542 1357 vertere
553 1328 652 1360 Goth.

78 1385 127 1414 pr.
153 1375 304 1403 Avertere
322 1382 453 1415 gentem
480 1381 542 1404 tres
569 1375 654 1415 apud

79 1421 251 1450 Burmann.
268 1426 299 1449 et
313 1420 410 1450 Goth.
428 1427 499 1451 tert.
513 1421 652 1452 Classem

79 1466 202 1497 zulich.
222 1477 281 1507 pro
305 1477 371 1497 var.
396 1467 468 1497 lect.
495 1477 535 1497 ex
559 1478 653 1498 versu

77 1519 239 1552 sequente.

128 1559 181 1599 39.
209 1570 256 1599 sq.
281 1560 390 1589 Potuit
410 1566 515 1590 tamen
541 1560 651 1597 Pallas,

79 1604 90 1644 ζ
101 1612 220 1644 quanto
233 1606 329 1646 magis
343 1616 412 1646 ego,
432 1605 497 1646 46)
512 1606 564 1635 vel
577 1617 653 1637 con-

80 1658 126 1680 tra
155 1652 218 1681 sata
247 1650 301 1692 (h.
318 1663 345 1681 e.
362 1653 506 1692 quamvis
532 1652 653 1683 faustus

78 1696 199 1728 reditus
220 1698 284 1728 fato
300 1705 365 1728 erat
383 1697 593 1740 destinatus),
607 1701 652 1729 A·

79 1743 248 1774 chivorum
281 1744 411 1774 classem
441 1744 560 1774 coelesti
585 1746 652 1786 igni

80 1790 287 1827 comburere,
317 1798 348 1820 et
368 1790 520 1820 fluctibns
547 1792 654 1831 oppri-

80 1847 181 1873 mere,
212 1837 310 1866 nnius
340 1837 446 1875 Ajacis
478 1836 653 1867 ulciscendi

81 1893 197 1913 caussa.
214 1883 267 1913 Ab
289 1883 442 1923 Euripide
458 1882 527 1913 haec
549 1890 654 1913 sumta

81 1939 165 1964 esse,
189 1929 335 1960 Macrob.
357 1931 406 1966 V,
433 1932 495 1960 Sat.
521 1940 549 1960 c.
570 1937 653 1961 extr.

83 1981 201 2006 monet.
223 1976 360 2005 Ursinus
387 1975 425 2006 ad
440 1975 576 2015 Ajacem
598 1975 654 2005 Oi-

83 2021 167 2049 Ieum
192 2020 328 2050 fabulam
353 2022 556 2062 Euripideam
578 2032 654 2062 pro-

84 2073 188 2103 vocat,
202 2077 273 2107 quae
286 2068 372 2097 nulla
388 2069 460 2105 fuit,
475 2068 530 2099 sed
546 2066 654 2103 Οίλεὺς

86 2112 204 2142 credita
220 2112 297 2150 fuit,
316 2124 387 2153 quae
402 2112 511 2150 Συλεὺς
523 2115 585 2154 legi
601 2113 654 2143 de-

86 2157 138 2188 bet
149 2180 158 2194 ‚
178 2165 215 2188 ut
231 2159 384 2190 Heathius
400 2160 520 2191 docuit.
536 2160 600 2201 (Ex
615 2170 653 2190 eo

85 2214 173 2234 nnnc
188 2204 361 2245 fragmenta
376 2206 429 2236 vid
445 2218 495 2248 ap.
511 2205 606 2238 Valk.
619 2207 654 2236 in

710 544 813 574 Diatr.
829 550 860 573 et
877 543 962 584 apud
977 544 1162 585 MusgraV.;
1178 542 1217 573 de
1232 545 1290 585 Sy-

710 590 761 620 leo
780 601 810 620 v.
831 589 868 619 ad
882 589 1035 630 Apollod.
1050 600 1081 630 p.
1101 589 1200 629 443).
1224 591 1287 620 Ευ-

712 636 822 676 ripidis
837 636 938 672 locus,
959 645 1054 676 quem
1070 635 1224 676 Virgilius
1240 646 1288 666 re-

710 684 831 723 spicere
855 681 983 719 debuit,
998 688 1044 710 cst
1067 682 1101 711 in
1123 680 1240 712 Troad.
1255 691 1287 713 v.

713 740 752 767 77
767 747 813 752 —
825 729 867 758 86
880 738 887 759 z
899 727 985 758 unde
1003 728 1097 757 etiam
1113 737 1223 757 versus
1244 727 1286 757 23

710 786 778 815 sqq.
798 775 933 816 Virgilio
959 781 1030 802 ante
1057 772 1169 803 oculos
1186 772 1287 805 fuere.

710 821 838 852 Fabula:
867 818 986 848 fundus
1013 825 1059 848 est
1085 819 1119 848 in
1145 820 1288 850 Homero

708 866 824 906 Odyss.
840 877 874 909 γ,
891 866 952 895 135
967 876 1013 905 sq.
1027 887 1036 901 ‚
1055 871 1085 893 et
1101 864 1204 895 multo
1221 875 1286 895 ma-

708 913 754 952 gis
774 909 804 948 ὃ,
822 918 886 951 499
904 922 972 950 sqq.
984 933 993 947 ‚
1007 910 1061 941 sed
1074 910 1119 940 ibi
1133 912 1286 951 Neptuno

708 958 873 995 tribuitur,
887 957 975 997 quod
989 957 1021 987 h.
1039 957 1060 986 l.
1078 957 1223 986 Minerva
1240 957 1286 987 sa-

708 1005 762 1034 cit:
773 1004 870 1034 Illum
879 1002 1286 1043 exspirantem—Turbine

708 1049 868 1090 corripuit.
902 1051 1080 1080 Homerum
1106 1052 1219 1079 auteur
1234 1059 1284 1080 se—

708 1098 801 1136 quuti
818 1103 921 1137 poetae
946 1095 1072 1136 cyclici,
1084 1095 1169 1124 varie
1184 1101 1216 1125 et
1229 1106 1284 1126 co-

707 1143 796 1183 piose
806 1165 815 1180 ‚
834 1143 980 1182 inprimis
1005 1143 1040 1171 in
1064 1138 1177 1176 Νόςοις
1206 1143 1283 1179 suis,

707 1195 854 1218 tractasse
872 1187 1020 1218 videntur
1031 1187 1114 1217 hanc
1129 1188 1284 1218 narratio-

706 1245 781 1265 nem
789 1258 797 1272 ‚
809 1242 845 1265 ut
855 1245 896 1264 ex
909 1235 1020 1274 Quint.
1033 1233 1141 1265 Calab.
1151 1233 1280 1275 colligo,

706 1282 763 1320 qui
789 1282 918 1322 copiose
941 1281 1048 1319 Ajacis
1072 1279 1132 1309 fata
1148 1280 1284 1320 exponit

705 1327 762 1358 lib.
779 1329 869 1364 XIV,
888 1332 953 1362 420
969 1337 1038 1367 sqq.
1061 1327 1164 1357 Etiam
1180 1327 1283 1367 Lyco-

706 1373 813 1415 phron
827 1375 861 1403 in
877 1372 1060 1410 Cassandra,
1074 1383 1105 1402 v.
1118 1373 1183 1412 392
1193 1390 1240 1395 -—
1249 1373 1281 1409 3,

707 1430 782 1450 cum
797 1420 920 1460 vulgari
944 1419 1123 1449 narratione
1147 1428 1282 1449 consen-

706 1467 755 1497 tit.
772 1467 979 1507 Virgilianam
993 1472 1099 1495 tamen
1114 1465 1281 1502 rationem,

704 1519 820 1553 praeter
838 1512 944 1543 Schol.
961 1511 1000 1542 ad
1015 1510 1105 1542 Iliad.
1120 1522 1148 1549 ν,
1163 1511 1227 1549 66;
1241 1520 1283 1541 ex

706 1559 900 1589 Callimacho
911 1581 920 1596 ,
941 1556 970 1588 ἐν
993 1555 1122 1595 Αἰτίοις,
1133 1557 1282 1598 Hyginus

704 1605 801 1639 habet
815 1604 878 1635 fab.
897 1605 1004 1636 CXVI
1020 1613 1028 1634 :
1044 1603 1132 1634 unde
1151 1602 1280 1643 colligo,

705 1652 875 1693 Tragicum
888 1651 1025 1690 aliquem
1041 1650 1197 1680 Minervae
1212 1658 1282 1689 par-

704 1703 750 1727 tes
766 1698 821 1728 has
837 1697 914 1727 olim
929 1696 1050 1726 dedisse
1061 1718 1069 1734 ‚
1086 1706 1164 1736 quas
1182 1696 1281 1725 Hom.

704 1744 857 1784 Neptuno
876 1743 1020 1780 dederat,
1041 1751 1234 1782 quamquam
1249 1746 1283 1771 et

705 1789 758 1818 hic
784 1792 852 1830 ipse
875 1789 953 1818 huic
982 1789 1149 1818 variationi
1173 1787 1282 1817 locum

706 1835 816 1865 fecisse
836 1835 938 1865 videri
952 1840 1072 1876 potest,
1092 1833 1169 1863 dum
1186 1834 1283 1863 inter·

707 1880 784 1911 dum
812 1888 912 1912 totam
934 1881 1055 1911 reditus
1080 1880 1281 1910 Achivorum

707 1928 915 1958 calamitatem
933 1927 971 1957 ad
990 1926 1088 1962 solam
1102 1926 1281 1956 Minervam

706 1974 817 2012 refert,
840 1981 878 2004 ut
894 1973 1010 2014 Odyss.
1026 1981 1067 2010 α,
1092 1971 1170 2009 326,
1189 1981 1225 2009 73
1244 1980 1278 2013 γ,

712 2030 725 2050 1
733 2021 787 2057 35,
801 2030 812 2049 1
821 2020 874 2054 45.

755 2072 815 2103 4ο,
843 2071 897 2101 41.
929 2062 1029 2093 Unius
1063 2062 1106 2093 ob
1149 2072 1279 2094 noxam.

706 2113 790 2153 Ergo
809 2110 867 2141 dea
891 2109 1025 2141 Achivis
1048 2116 1139 2140 antea
1160 2108 1281 2139 studio·

706 2159 836 2195 sissima,
845 2158 942 2187 unius
957 2157 1062 2195 Ajacis
1075 2156 1192 2186 scelere
1202 2154 1280 2185 adeo

706 2205 833 2242 exarsit,
848 2209 886 2234 ut
900 2213 987 2234 nunc
1001 2204 1038 2234 in
1050 2213 1144 2234 omne
1161 2211 1280 2233 nomen
