1402 2460
498 119 558 148 AD
584 118 750 149 LIBRUM
774 119 800 150 Ι,
1186 122 1251 163 349

49 179 232 223 graphicam
257 188 404 209 errorum
427 180 533 209 AEneae
547 200 555 216 ,
573 178 675 218 qualis
695 178 757 219 ipsi
772 177 906 219 Virgilio
923 179 1100 210 Burmanni
1120 179 1252 221 praefixa

48 240 112 271 est,
137 234 311 274 inspexerit
328 232 458 274 aliquis;
479 233 513 262 in
532 242 595 274 qua
614 232 838 273 Nympharum
853 240 979 263 antrum
994 233 1077 264 ultra
1095 235 1252 265 Mercurii

47 288 308 330 promontorium
331 298 441 318 versus
462 289 572 330 Syrtin
591 288 766 326 minorem,
784 288 982 330 naufragium
997 299 1073 320 vero
1093 289 1198 320 classis
1214 290 1254 320 ad

47 344 157 384 Syrtin
175 343 326 382 majorem
337 366 345 381 ,
363 350 394 374 et
413 354 453 374 ex
472 343 566 374 altera
589 350 679 385 parte
695 344 769 375 Arae
785 344 819 375 in
843 343 988 384 partibus
1003 344 1254 376 occidentalibus

49 398 132 428 ultra
148 398 370 440 Carthaginem
389 409 545 440 expressae
560 406 645 430 sunt.

409 636 793 690 EXCURSUS
831 638 896 690 II.

132 780 205 822 De
225 780 279 822 iis
296 792 403 840 quae
428 777 621 822 deorum
629 779 936 839 praesentiam
957 789 1173 839 arguunt.

97 901 112 929 Ι
123 922 132 937 ,
151 905 216 935 402
232 917 279 923 —-
298 905 375 935 404.
393 898 506 933 Dixit,
535 905 567 928 et
578 904 723 927 avertens
735 905 828 926 rosea
843 895 962 927 cervice
976 897 1118 939 refitlsit,
1147 899 1193 929 Ec
1203 910 1260 929 ve-

49 965 86 984 ra
100 954 221 984 incessu
239 953 350 994 patuit
370 953 443 983 dea.
462 951 626 982 Habemus
644 951 697 981 hic
715 950 899 992 exemplum
921 950 1102 993 ἐπιφάνειας
1118 955 1261 985 numinis

11 1035 14 1037 .
48 1010 183 1050 insigne.
212 1009 288 1039 Non
315 1007 529 1047 injucundum
553 1006 631 1044 erit,
660 1006 771 1047 paucis
800 1016 962 1047 exponere
975 1029 984 1044 ,
1013 1007 1131 1048 quihus
1159 1008 1262 1039 modis

49 1071 172 1105 poetae,
195 1063 350 1105 Virgilius
369 1070 400 1093 et
417 1064 596 1098 Homerus,
625 1060 761 1091 deorum
775 1062 976 1101 praesentiam
994 1061 1045 1091 vel
1066 1063 1102 1092 in
1123 1062 1263 1094 discessu

50 1124 204 1159 arguant,
231 1117 378 1158 inprimis
397 1126 472 1146 cum
491 1116 553 1145 viri
572 1115 679 1152 docti,
705 1115 761 1155 qui
778 1115 814 1144 in
828 1114 916 1145 hunc
932 1114 1040 1145 locum
1057 1116 1261 1156 inciderunt,

51 1171 178 1212 sequuti
191 1170 256 1200 fere
272 1171 336 1200 sint
351 1169 519 1200 Heliodori
535 1168 674 1209 AEthiop.
689 1168 710 1199 l.
723 1170 789 1207 111,
805 1179 837 1209 p.
856 1168 918 1203 148
931 1191 940 1205 ‚
977 1175 1040 1210 149
1058 1169 1107 1200 ed.
1119 1170 1261 1209 Bourd.;

52 1235 68 1255 a
84 1236 150 1266 quo
165 1232 271 1255 tamen
291 1235 360 1254 non
382 1231 446 1254 tam
461 1225 601 1265 poeticas
615 1224 752 1254 rationes
762 1246 770 1260 ‚
798 1233 892 1264 quam
911 1223 1163 1264 theosophorum
1179 1236 1264 1256 com-

50 1286 156 1309 menta
171 1280 315 1320 exposita
330 1289 395 1308 esse
412 1278 615 1308 manifestum
634 1276 682 1307 fit.

99 1334 233 1373 Quoties
245 1333 344 1373 igitur
357 1338 460 1372 poetae
469 1355 478 1368 ‚
496 1332 707 1371 inprimisque
719 1331 880 1371 principes
892 1331 945 1361 isti
955 1354 963 1368 ,
976 1331 1052 1361 deos
1069 1341 1143 1361 cum
1157 1331 1260 1362 homi-

52 1386 148 1417 nibus
165 1397 254 1428 agere
271 1387 374 1427 iisque
388 1387 538 1415 interesse
556 1385 698 1422 faciunt;
716 1384 839 1416 faciunt
855 1392 961 1415 autem
982 1385 1045 1416 hoc
1070 1387 1257 1427 saepissime,

52 1451 93 1471 ex
108 1448 234 1482 recepta
246 1442 330 1471 inter
343 1446 464 1470 veteres
476 1440 679 1481 persuasione
691 1461 699 1476 ‚
716 1438 753 1468 ad
767 1450 862 1480 quam
877 1440 995 1470 divinae
1008 1447 1128 1471 naturae
1143 1443 1262 1482 species

51 1495 191 1526 humana
206 1495 305 1536 vulgo
324 1493 442 1524 credita
466 1494 643 1524 necessario
664 1493 780 1523 ducere
798 1493 927 1532 debuit,
951 1495 986 1524 in
1008 1496 1188 1535 priscorum
1207 1496 1262 1526 ho-

54 1552 179 1581 minum
191 1557 222 1580 et
236 1550 371 1580 heroum
386 1550 450 1578 vita
460 1572 469 1584 ‚
492 1550 557 1578 fere
569 1555 606 1578 ut
618 1549 654 1578 in
666 1550 729 1578 vita
743 1549 993 1589 patriarcharum
1005 1573 1013 1587 ‚
1033 1550 1108 1580 deos
1122 1552 1262 1581 invisere

55 1605 215 1641 homines,
235 1604 275 1633 ad
291 1614 345 1633 eos
365 1602 546 1640 devertere,
563 1613 675 1632 eorum
696 1603 842 1643 hospitio·
858 1605 924 1641 uti,
944 1604 983 1633 iis
999 1615 1164 1635 occurrere
1175 1628 1183 1642 ‚
1201 1615 1262 1635 ser-

54 1669 164 1688 mones
187 1668 221 1688 ac
245 1657 377 1687 consilia
395 1657 627 1687 communicare
643 1657 774 1693 solitos;
803 1659 928 1697 quoties
951 1659 1047 1699 igitur
1074 1658 1150 1688 deos
1176 1660 1261 1689 inter

54 1712 198 1742 homines
215 1722 304 1753 agere
325 1717 502 1741 memorant
517 1717 619 1750 poetae
633 1720 641 1740 :
658 1711 684 1740 si
700 1710 830 1740 modum
847 1711 978 1751 quidem
992 1719 1022 1742 et
1036 1713 1192 1742 rationem
1208 1724 1263 1742 ex-

55 1773 200 1806 ponunt,
223 1775 320 1806 qnam
336 1772 441 1795 tamen
464 1774 545 1804 saepe
563 1764 723 1794 declarare
745 1765 912 1805 negligunt
927 1775 935 1795 :
951 1772 1005 1794 aut
1024 1765 1087 1802 dii,
1117 1767 1174 1796 etsi
1188 1777 1261 1796 cum

55 1820 242 1851 hominibus
256 1826 371 1862 agunt,
395 1819 490 1860 plane
513 1830 546 1848 se
568 1819 736 1849 hominum
758 1820 841 1849 visui
858 1830 924 1849 non
939 1819 1135 1858 subjiciunt,
1160 1823 1263 1851 autin

54 1881 260 1915 conspectum
278 1874 413 1904 veniunt
428 1873 585 1903 manifesti
596 1895 605 1910 ‚
629 1880 684 1903 aut
702 1873 804 1904 forma
820 1872 960 1904 humana
979 1874 1122 1904 adsumta
1136 1884 1169 1904 se
1183 1875 1261 1905 offe-

55 1937 132 1960 runt
142 1953 150 1967 ‚
167 1937 204 1960 ut
218 1937 324 1960 tamen
336 1939 412 1959 mox
422 1951 431 1966 ‚
446 1929 556 1959 saltem
569 1929 603 1958 in
619 1928 775 1966 discessu,
794 1929 910 1959 divinae
924 1931 1099 1970 praesentiae
1111 1940 1261 1960 nonnun-

57 1995 150 2024 quam
165 1985 253 2025 signa
265 1984 369 2024 aliqua
384 1982 489 2013 edant.

98 2040 143 2069 'In
158 2038 318 2068 variandis
338 2037 388 2067 his
409 2044 588 2078 sequuntur
600 2045 704 2078 poetae
721 2038 893 2068 nonnullas
911 2038 985 2068 alias
996 2037 1166 2078 opiniones
1177 2039 1262 2069 inter

58 2094 179 2134 priscos
192 2093 339 2124 homines
353 2099 494 2134 receptas
508 2102 516 2123 ε
531 2094 636 2133 primo
651 2092 779 2134 quidem
790 2116 798 2130 ‚
819 2093 894 2124 deos
908 2094 1038 2134 propria
1053 2103 1108 2123 sua
1123 2103 1160 2124 ac
1179 2093 1260 2124 divi-

59 2159 99 2179 na
108 2149 210 2189 specie
227 2158 245 2178 a
257 2148 445 2182 mortalibus
458 2155 512 2178 aut
525 2148 658 2178 omnino
669 2150 757 2178 cerni
771 2159 838 2179 non
850 2159 951 2189 posse,
967 2155 1021 2178 aut
1032 2158 1099 2179 non
1110 2150 1173 2179 nisi
1185 2160 1259 2179 cum

60 2204 134 2234 vitae
154 2203 335 2234 discrimine
353 2204 435 2246 (pro
451 2203 597 2245 exemplo
616 2205 657 2234 sit
673 2203 836 2245 Semele),
854 2205 963 2234 saltem
981 2204 1150 2235 oculorum
1172 2206 1261 2235 caeci-

60 2266 121 2290 tate
137 2260 190 2301 (v.
210 2270 239 2291 c.
259 2261 380 2300 Hymn.
405 2261 440 2290 in
450 2261 568 2291 Vener.
595 2260 657 2290 188
670 2283 678 2298 ‚
695 2270 725 2291 v.
745 2259 784 2292 ad
798 2259 920 2299 Callim.
933 2262 969 2292 L.
984 2261 1018 2292 P.
1037 2260 1076 2290 82
1101 2260 1258 2302 Spanbem

187 2327 235 2362 11.
1082 2325 1131 2360 30
