1402 2460
327 76 343 93 Ι

586 134 707 164 LIBER
731 134 788 162 IV.

1222 135 1285 163 333

92 195 245 232 Finibus
262 193 440 238 extorris,
459 191 659 242 complexu
680 192 828 228 avolsus
847 193 938 238 Iuli,

92 255 285 292 Auxilium
302 253 495 303 imploret,
512 252 714 302 videatque
733 252 887 302 indigna
904 266 1057 291 suorum

91 316 256 359 Funera3
277 326 364 359 nec,
380 325 499 362 quum
519 325 557 350 se
577 312 648 350 sub
669 313 768 362 leges
789 314 892 362 pacis
908 314 1047 364 iniquae

89 373 325 420 Tradiderit,
347 386 464 424 regno
482 381 546 410 aut
566 381 696 424 optata
715 374 798 410 luce
815 374 988 421 fruatur3

92 433 166 470 Sed
186 434 294 471 cadat
315 442 400 470 ante
417 434 537 481 diem,
553 434 752 483 mediaque
769 434 986 472 inhumatus
1007 447 1131 471 arena.

1239 443 1289 467 διο

46 490 49 491 ’
91 495 182 530 Haec
198 507 350 543 precor3
367 494 464 530 hanc
481 506 614 531 vocem
633 503 841 531 extremam
860 507 946 531 cum
964 495 1144 545 sanguine
1161 493 1289 530 fundo.

94 555 191 590 Tum
209 566 299 601 vos,
317 567 340 590 o
361 554 464 604 Tyrii
476 583 486 601 ‚
505 555 660 604 stirpem
677 564 714 591 et
736 568 853 604 genus
874 568 986 592 omne
1006 556 1176 592 futurum

95 614 279 651 Exercete
298 615 414 661 odiis,
434 614 629 665 cinerique
646 615 727 652 haec
741 616 879 652 mittite
899 625 1030 654 nostro

94 676 255 710 Munera
273 689 280 710 :
295 675 420 712 nullus
438 687 544 711 amor
560 676 730 725 populis,
747 689 817 713 nec
839 676 981 712 foedera
999 684 1121 713 sunto.

96 733 281 770 Exoriare
301 734 436 783 aliquis
456 734 593 771 nostris
610 748 657 771 ex
673 734 821 772 ossibus
843 735 963 780 ultor,

1243 742 1292 765 625

95 793 173 840 Qui
193 793 272 830 face
288 793 501 831 Dardanios
519 794 696 844 ferroque
714 807 874 844 sequare
895 795 1062 830 colonos.

95 854 223 899 Nunc,
241 854 350 901 olim,
368 867 608 904 quocumque
629 854 775 892 dabunt
790 868 830 891 se
851 863 1022 904 tempore
1040 854 1161 898 vires,

94 1006 150 1035 has
166 1005 250 1036 diras
268 1016 321 1044 ea,
341 1016 412 1046 quae
439 1006 496 1037 lib.
516 1007 580 1036 VII
599 1017 667 1047 sqq.

95 1059 330 1090 memorantur,
358 1052 478 1082 bellum
498 1063 571 1083 cum
589 1054 672 1083 Lati-

96 1099 146 1128 nis
159 1106 191 1128 et
204 1100 298 1128 sociis
316 1099 444 1129 Rutulis
455 1122 464 1136 ‚
481 1102 586 1129 AEneae
599 1109 671 1140 pro-

96 1145 193 1174 fectio
208 1144 249 1174 ad
267 1145 468 1180 Evandrum,
487 1146 600 1175 auxilii
614 1156 670 1186 pe-

97 1190 186 1220 tendi
216 1200 340 1227 caussa,
371 1191 480 1220 relicto
503 1192 537 1221 in
564 1193 671 1221 castris

97 1236 255 1273 Ascanio,
285 1247 381 1277 quem
407 1238 526 1267 interea
549 1248 672 1279 oppug-

97 1290 151 1312 nat
166 1285 296 1313 Turnus
308 1293 381 1312 cum
396 1294 507 1324 magna
521 1286 671 1322 Trojano-

96 1339 169 1358 rum
188 1335 298 1369 strage.
312 1329 446 1369 Reliqua
461 1340 477 1358 a
493 1341 524 1360 v.
545 1331 610 1359 618
632 1330 672 1360 ad

97 1382 233 1404 mortem
258 1377 364 1404 AEneae
391 1382 552 1415 spectant3
582 1387 670 1406 uam-

98 1431 161 1461 que
187 1423 214 1451 is
237 1422 350 1458 tertio,
379 1428 415 1451 ut
442 1422 587 1463 plen'que
608 1430 671 1452 tra-

96 1466 197 1504 dunt,
215 1477 231 1496 a
250 1467 367 1497 foedere
388 1478 461 1497 cum
479 1470 598 1498 Latinis
617 1479 672 1499 an·

97 1523 141 1543 no
152 1535 160 1551 ,
179 1523 287 1553 pugna
305 1524 378 1543 cum
393 1514 568 1554 Tyrrhenis
581 1515 671 1553 facta,

97 1560 133 1588 iu
147 1560 297 1590 Numicio
319 1559 450 1589 flumine
465 1562 570 1601 periit.
587 1561 671 1592 conf.

100 1616 170 1645 sup.
186 1607 220 1642 Ι,
239 1606 302 1635 261
321 1616 367 1646 sq.
387 1606 531 1637 Audacis
540 1608 671 1648 populi,

99 1653 227 1682 Servius
244 1661 252 1682 :
271 1665 286 1677 «
312 1651 347 1681 id
369 1659 434 1690 est,
457 1654 671 1691 Rutulorum,

99 1699 183 1727 sicut
208 1708 331 1738 semper
354 1698 566 1729 inducuntur.
584 1714 599 1726 »
622 1700 672 1730 Sic

100 1745 184 1780 VII,
218 1749 283 1783 409
301 1753 308 1774 :
327 1744 471 1774 Audacis
497 1745 606 1775 Rutuli
629 1746 676 1775 ad

100 1800 214 1820 muros.
239 1790 363 1820 Audax
386 1791 487 1831 poetis
514 1798 560 1821 est
583 1791 674 1821 belli-

100 1847 211 1873 cosus,
237 1837 339 1867 fortis.
363 1837 493 1866 Finibus
517 1837 670 1874 exmm's,

100 1882 261 1922 profectus
279 1893 320 1912 ex
337 1885 445 1913 castn‘s
462 1885 497 1913 in
511 1885 599 1914 Latio
616 1895 673 1925 po-

99 1930 177 1959 sitis.
193 1928 350 1970 Indigna,
380 1930 555 1960 miseranda
569 1953 577 1968 ‚
602 1941 673 1960 suo-

102 1986 172 2005 rum
217 1986 315 2005 [mera
349 1977 495 2016 inprimis
524 1976 674 2008 Pallantis

94 2021 123 2051 -l.
133 2024 175 2052 X.
192 2021 286 2052 Pacis
301 2020 420 2062 im'quoe
430 2045 438 2060 ,
456 2034 487 2053 v.
505 2023 561 2053 lib.
586 2025 651 2053 XII
662 2046 671 2061 ‚

103 2067 168 2098 823
185 2079 253 2109 sqq.
268 2068 309 2099 cf.
325 2071 412 2100 Serv.
428 2069 489 2100 Sed
501 2080 550 2099 res
563 2070 597 2099 in
609 2080 674 2099 ma-

99 2114 151 2152 jus
176 2121 275 2145 aucta.
296 2132 344 2138 -—
366 2115 444 2146 620.
478 2115 583 2146 Cadat
598 2125 675 2146 ante

101 2159 187 2190 diem
202 2159 446 2203 inhumatusque
455 2169 529 2192 sunt
540 2163 672 2204 jungen-

101 2205 151 2237 da.
166 2208 254 2236 Ante
271 2207 356 2237 diem
366 2219 380 2244 ;
401 2219 469 2239 non
490 2209 594 2239 obstat
614 2209 671 2240 lib.

99 2253 167 2292 VI,
187 2253 253 2291 764
270 2254 370 2294 Quem
394 2254 452 2285 tibi
465 2255 609 2297 Iongaevo
630 2265 674 2286 se·

723 1017 790 1036 rum
802 1006 938 1037 Lavinia
947 1006 1068 1048 conjux
1078 1006 1202 1036 Educet
1214 1005 1298 1035 silvis

723 1063 841 1093 regem.
862 1055 980 1083 Paucos
992 1053 1101 1083 saltem
1115 1062 1214 1082 annos
1232 1061 1299 1091 reg-

723 1100 822 1129 navit.
836 1097 1044 1135 Inhumatus,
1063 1099 1213 1139 quoniam
1231 1098 1299 1136 ejus

725 1155 842 1185 corpus
865 1155 1023 1185 nusquam
1040 1146 1211 1175 inventum
1233 1150 1298 1179 est,

724 1198 761 1221 ut
780 1191 857 1221 adeo
881 1192 965 1221 inter
988 1191 1063 1221 deos
1087 1197 1234 1231 receptus
1254 1189 1299 1219 ὥ-

724 1244 861 1274 ceretur‚
876 1243 913 1267 ut
925 1248 966 1267 ex
979 1238 1061 1268 Livii
1079 1239 1094 1266 I
1106 1248 1155 1278 pr.
1170 1243 1296 1267 notum.

722 1283 881 1313 —Media
897 1294 1010 1314 arena.
1029 1284 1138 1315 Nolim
1152 1293 1169 1312 a
1187 1281 1301 1324 gladia—

724 1337 831 1360 torum
860 1340 966 1370 pugna
1002 1331 1038 1359 in
1068 1329 1300 1370 amphitheatro

724 1383 852 1417 petere3
873 1375 927 1404 sed
942 1382 988 1405 est
1001 1386 1061 1416 pro
1079 1386 1189 1416 campo
1199 1398 1208 1412 ‚
1227 1375 1300 1405 loco

725 1432 852 1463 puguae.
866 1438 913 1444 ·--
926 1422 1005 1452 621.
1024 1422 1101 1451 Cum
1117 1421 1297 1462 sanguine,

726 1479 800 1498 cum
816 1469 879 1497 vita
888 1490 897 1504 ‚
912 1467 967 1498 sed
981 1468 1084 1497 multo
1097 1468 1216 1506 majore
1228 1477 1302 1497 cum

726 1515 768 1545 vi.
785 1518 872 1547 Serv.
891 1526 899 1546 ε
919 1528 935 1539 «
950 1515 1040 1555 quasi
1057 1515 1302 1554 imprecationes

725 1562 807 1602 ipsas
822 1572 880 1591 suo
897 1568 1095 1592 consecraret
1107 1562 1269 1602 sanguine.
1285 1575 1300 1585 »

772 1609 969 1648 622—629.
986 1607 1068 1638 Odia
1083 1608 1167 1637 inter
1185 1609 1300 1637 Poenos

726 1660 758 1683 et
779 1657 957 1692 Romanos,
985 1660 1017 1682 et
1042 1653 1124 1683 bella
1146 1661 1301 1694 perpetua

727 1699 766 1729 de
798 1701 943 1740 imperio.
981 1698 1116 1739 Stirpem
1153 1707 1301 1728 exercete

726 1745 816 1781 odiis,
832 1753 956 1776 vexate.
970 1746 1039 1775 Nisi
1051 1752 1097 1775 est
1112 1746 1302 1785 exquisitior

727 1793 807 1821 rau'o
826 1802 885 1832 pro
903 1792 1045 1832 vulgari,
1067 1802 1213 1821 exercere
1227 1791 1301 1821 odia

725 1839 761 1867 iu
774 1844 937 1878 poster0s;
963 1837 1044 1867 nihil
1063 1837 1206 1878 ampliuS.
1233 1839 1301 1867 Mu-

727 1895 808 1914 nera
828 1885 886 1915 int.
909 1884 1053 1920 inferias,
1081 1894 1153 1924 quae
1170 1885 1300 1924 proprie

727 1930 812 1960 mitti
827 1930 987 1960 dicuntur.
1006 1929 1218 1971 Necfoedera
1232 1941 1301 1960 sun-

726 1984 757 2006 to
767 2000 775 2014 ,
790 1978 908 2018 quippe
921 1977 1015 2006 tertio
1029 1983 1123 2017 rupta
1134 1999 1142 2014 ,
1158 1984 1194 2006 ut
1209 1979 1297 2008 Serv.

726 2040 773 2046 —-
791 2024 869 2053 625.
892 2022 996 2058 Ultor,
1024 2023 1237 2053 Hannibalem
1252 2033 1299 2053 os-

727 2069 831 2099 tendit
853 2069 866 2110 (
881 2075 918 2098 ut
942 2079 1071 2110 quoque
1089 2071 1175 2100 Serv.
1190 2069 1223 2110 )‚
1243 2071 1299 2110 qui

727 2116 850 2145 Italiam
883 2114 966 2145 ferro
992 2116 1121 2157 ignique
1153 2117 1296 2146 vastavit.

725 2163 780 2192 Ex
797 2161 915 2191 ossibus
926 2172 987 2203 pro
1001 2162 1140 2203 vulgari,
1160 2173 1201 2192 ex
1216 2163 1297 2192 cine-

725 2218 759 2238 re
773 2219 844 2238 meo
853 2231 862 2245 ‚
878 2208 911 2239 h.
931 2219 958 2239 e.
977 2215 1049 2249 post
1060 2219 1110 2238 me
1122 2209 1229 2239 veniat
1242 2208 1297 2238 ali-

725 2256 796 2296 quis
822 2255 881 2297 qui
905 2261 1112 2297 persequatur
1138 2262 1198 2287 etc.
1230 2255 1296 2285 Da-
