1433 2460
154 105 196 133 St'»
660 100 851 132 AENEIDOS

151 166 246 199 Tum
271 162 322 197 sic
341 159 507 209 reginam
526 157 764 208 adloquitur,
784 158 1004 209 cunctisque
1021 169 1175 210 repente

153 221 384 272 Improvisus
404 219 455 256 ait
473 234 480 255 :
502 237 516 252 «
535 221 691 264 Coram,
710 232 821 269 quem
842 220 1029 270 quaeritis,
1052 221 1184 259 adsum
1307 232 1354 265 59⁵

150 284 287 319 'l'ro'ius
305 283 460 326 AEucas,
481 279 634 329 Libycis
650 288 803 330 ereptus
825 280 871 318 ab
890 281 1012 319 undis.

152 346 186 376 ()
208 341 284 377 sola
303 339 474 376 infandos
493 340 617 390 Trojae
635 340 809 377 miserata
828 340 997 387 labores,

152 407 245 449 Quae
268 415 354 448 nos,
370 401 548 451 reliquias
566 403 759 445 Danaum,
781 409 968 451 terraeque
988 402 1178 453 marisque

152 461 339 497 Omnibus
360 461 564 497 exhaustos
581 460 658 510 jam
678 460 847 506 casibus,
868 462 1036 498 omnium
1054 477 1210 513 egenos,

155 522 275 568 Vrbe,
293 522 406 561 domo
429 522 567 559 socias!
586 530 708 571 grates
732 521 948 570 persolvere
969 522 1100 573 (liguas
1306 534 1355 559 σοι)

150 586 237 621 Nou
255 585 337 634 opis
354 592 410 620 cst
429 591 586 627 nosti-re,
604 581 722 627 Dido,
740 596 807 618 nce
824 582 1010 631 quidquid
1034 583 1176 634 ubique
1197 594 1252 623 est

151 645 282 681 Gentis
301 643 521 687 Dardaniae,
540 655 717 692 maguum
734 655 818 692 quae
837 655 964 691 sparsa
982 656 1049 692 per
1065 644 1211 683 orbem.

151 704 199 740 Di
217 703 284 740 tihi
297 732 306 749 ‚
330 705 360 739 si
381 716 456 752 qua
480 703 562 752 pios
585 711 798 752 respectant
815 703 986 746 numina,
1005 703 1035 739 si
1053 703 1145 751 quid

149 765 319 813 Usquam
332 763 478 813 justitia
497 771 570 807 cst,
588 771 625 799 et
642 775 746 799 meus
763 761 834 799 sibi
855 763 1004 799 conscia
1022 763 1135 808 recti,

129 951 204 978 =ea,
231 940 423 981 quibuscum
446 946 670 979 comparantur
692 952 724 971 v.

151 988 214 1026 592
232 1009 240 1024 ,
272 988 348 1027 593.
370 987 540 1016 Enimvero
558 986 623 1015 vidi
641 994 725 1026 post-

148 1034 214 1063 haec
231 1034 498 1074 comparationem
513 1033 553 1061 ita
566 1033 644 1062 male
658 1033 725 1062 vul-

147 1091 186 1122 go
212 1081 353 1116 institui3
382 1089 483 1119 eoque
505 1089 636 1108 avocare
653 1090 723 1119 pra-

148 1137 219 1156 vam
239 1127 530 1167 interpunctionem
542 1148 549 1161 ‚
568 1136 640 1155 eum
657 1126 723 1166 ple-

148 1184 187 1203 ne
202 1180 274 1213 post
287 1172 422 1202 honores
434 1172 658 1211 distinguitur3
677 1183 723 1202 es-

147 1232 178 1249 se
205 1221 312 1259 potius
332 1220 601 1259 comparationem
624 1226 721 1249 retra-

146 1265 282 1296 hendam
297 1266 336 1296 ad
351 1269 481 1296 AEneam
499 1265 578 1294 nube
594 1265 723 1295 circum-

139 1312 267 1354 fiaesmn,
298 1313 386 1353 quod
412 1312 504 1342 clara
526 1312 558 1341 in
581 1313 650 1342 lnce
673 1324 722 1342 re-

142 1359 244 1398 fulsit,
269 1366 305 1389 ut
327 1370 408 1399 opus
429 1359 479 1388 vel
499 1366 723 1389 ornamentum

147 1406 342 1444 eburneum,
366 1413 550 1447 argenteum
574 1406 623 1435 vel
644 1417 724 1435 mar-

148 1463 292 1482 moreum
319 1463 397 1482 auro
422 1452 602 1489 inclusum,
631 1463 724 1483 aurea

148 1510 202 1528 ora
217 1499 373 1528 ambiente
388 1522 395 1535 ‚
408 1510 469 1539 qua
484 1510 523 1528 ex
541 1500 608 1528 auri
621 1500 724 1539 splen-

147 1545 224 1575 dore
253 1546 356 1586 ipsum
379 1556 477 1585 (rpus,
507 1544 595 1584 quod
620 1545 722 1574 iuclu-

147 1602 217 1621 sum
244 1599 308 1629 est,
339 1599 468 1621 auctum
495 1592 632 1620 nitorem
655 1602 724 1620 mu-

149 1645 265 1668 tuatur.
299 1637 382 1669 conf,
418 1637 542 1668 AEneid.
576 1640 624 1674 X,
661 1638 723 1667 135

148 1695 216 1726 sqq.
235 1684 344 1715 Verba
368 1692 473 1713 autem
497 1684 543 1713 sic
568 1685 723 1724 interpre-

149 1731 243 1762 tanda
272 1741 279 1762 :
310 1731 425 1760 restitit
455 1738 486 1760 et
516 1741 548 1759 re
566 1730 639 1760 alsit
669 1732 722 1760 tali

150 1789 223 1808 cum
246 1778 379 1814 decore,
401 1777 498 1818 quale
522 1787 636 1806 manus
653 1777 723 1819 (aiu

150 1824 266 1865 tiliois)
293 1825 421 1853 addunt
443 1823 530 1854 ebori
550 1823 662 1859 decus,
690 1824 722 1854 li.

149 1883 175 1902 e.
197 1871 289 1912 quale
306 1878 351 1901 est
373 1871 471 1901 decus
487 1870 592 1910 operis
610 1870 725 1901 eburni

150 1925 203 1948 ant
225 1919 347 1959 argenti
369 1918 574 1948 marmorisve
596 1917 724 1947 candidi

152 1975 229 1994 auro
245 1964 441 1995 circumdati.

200 2012 276 2051 595.
295 2023 340 2051 sq.
360 2010 510 2042 Praeclara
538 2018 570 2040 et
593 2010 724 2040 affectus

151 2057 243 2097 plena
259 2060 372 2088 oratio.
389 2077 436 2081 —
454 2057 529 2096 598.
562 2057 725 2097 Reliquias

153 2104 305 2133 Danaum
317 2127 324 2141 ‚
340 2115 356 2134 a
370 2105 486 2135 Danais
500 2103 644 2140 relictos3
658 2113 725 2143 pas-

153 2149 229 2185 sive,
240 2157 277 2179 ut
287 2152 374 2181 aiunt
385 2163 393 2188 3
405 2151 499 2192 stragi
512 2151 724 2188 Trojanorum

154 2195 295 2236 caedique
321 2197 358 2226 ab
386 2198 516 2227 Achivis
538 2202 725 2237 perpetratae

154 2243 346 2282 superstites.
363 2243 546 2273 Εχήαιιςῐοε
557 2266 565 2281 ,
583 2243 723 2280 attritos,

780 945 984 976 commanos,
1011 946 1151 970 vexatos.
1169 942 1254 972 cons.
1275 943 1355 973 Bur-

778 996 884 1016 mann.
905 985 1028 1023 Soc-ias,
1052 986 1090 1016 de
1109 995 1246 1025 conatu,
1275 991 1353 1020 reci-

777 1042 852 1072 pere
866 1033 922 1062 vis.

825 1079 903 1108 603.
922 1078 958 1107 Si
977 1079 1057 1119 qnid
1074 1091 1210 1120 usquam
1229 1081 1354 1121 justitia

778 1131 824 1153 esc
836 1136 846 1154 :
860 1126 884 1153 si
899 1135 964 1154 non
978 1126 1070 1155 inane
1086 1137 1203 1157 nomen
1218 1135 1263 1156 est
1274 1150 1282 1165 ,
1300 1128 1354 1158 sed

777 1181 824 1200 res
842 1194 850 1208 ‚
881 1171 981 1201 virtus
998 1194 1006 1209 ‚
1032 1172 1127 1202 laude
1159 1184 1193 1204 ac
1222 1176 1354 1214 praemio

777 1217 882 1259 digna.
906 1219 990 1248 Ante
1012 1220 1123 1249 oculos
1148 1220 1208 1250 suit
1232 1221 1354 1261 Ulyssis

777 1264 816 1293 ad
832 1266 1014 1295 Nausicaam
1030 1267 1132 1296 oratio
1148 1266 1354 1307 pulchrarum

776 1313 1003 1341 sententiarum
1016 1312 1119 1352 plena,
1132 1313 1188 1342 ubi
1199 1313 1314 1354 Odyss.
1326 1313 1352 1351 ζ,

783 1358 845 1387 180
869 1355 919 1388 Σοὶ
936 1354 970 1388 δὲ
988 1356 1048 1389 θεοὶ
1071 1357 1148 1389 τόσα
1168 1356 1269 1397 δοῖεν,
1297 1358 1354 1391 ὅσοι

778 1401 864 1447 φρεσὶ
895 1407 963 1446 σῇσι
987 1406 1125 1448 μενοινᾷς
1156 1413 1217 1436 etc.
1246 1425 1293 1430 —
1321 1408 1356 1437 Si

777 1451 857 1490 quid
870 1454 1010 1492 Usquam
1025 1452 1155 1494 justicia
1173 1460 1229 1483 esc.
1247 1455 1292 1483 Ita
1303 1464 1352 1484 re-

778 1499 905 1538 scripsi,
938 1500 1032 1528 etiam
1057 1499 1220 1529 Brunckio
1244 1502 1285 1530 V.
1317 1501 1353 1532 C.

778 1544 998 1584 adstipulante.
1030 1548 1073 1575 Ut
1101 1546 1197 1587 vulgo
1220 1546 1354 1587 legitur,

778 1591 871 1619 etiam
905 1591 939 1620 in
973 1591 1138 1632 fragment.
1172 1594 1275 1623 Vatic.
1288 1616 1296 1630 ‚
1328 1594 1356 1623 si

778 1636 859 1677 qnid
886 1647 1019 1676 usquam
1041 1637 1177 1678 justitioe
1202 1646 1265 1676 ese,
1292 1641 1353 1670 im·

778 1683 884 1723 perlita
902 1682 939 1712 fit
952 1684 1031 1712 ratio
1048 1685 1131 1722 ejus,
1146 1685 1235 1725 quod
1250 1687 1354 1727 sequi-

779 1736 832 1759 tur
855 1739 863 1760 :
890 1737 921 1759 ec
943 1740 1033 1759 mens
1052 1730 1112 1760 sibi
1133 1731 1262 1761 conscia
1286 1743 1352 1763 rec-

779 1776 822 1811 ti‚·
845 1776 931 1816 quod
958 1776 1035 1806 adeo
1057 1777 1258 1819 jungendum
1279 1789 1352 1809 cum

778 1833 849 1863 sup.
866 1822 926 1852 Dii
938 1830 970 1852 et
984 1834 1073 1853 mens
1086 1835 1110 1854 s.
1125 1834 1152 1854 ε.
1169 1835 1194 1855 r.
1211 1825 1352 1856 Praemia

778 1868 1013 1911 dissuaserunt.
1028 1872 1066 1902 Et
1079 1870 1232 1901 hactenus
1241 1882 1351 1903 secun-

778 1915 855 1945 dum
890 1917 1012 1947 Stoicos
1043 1924 1169 1958 poetam
1204 1917 1351 1949 locutum

777 1962 880 1993 dicere
894 1965 1001 2003 potuit
1013 1964 1150 1994 Servius.
1164 1965 1295 2003 Legenti
1310 1972 1352 1995 ta-

777 2020 851 2039 men
870 2009 959 2038 facile
976 2009 1090 2049 cuique
1109 2019 1278 2040 occurrere
1293 2021 1351 2052 po-

779 2062 837 2085 test
851 2064 859 2085 :
879 2054 907 2084 si
921 2055 1002 2095 quid
1011 2066 1145 2096 usquam
1159 2056 1180 2086 J
1182 2057 1288 2086 ustitia
1305 2065 1351 2088 est

779 2109 811 2131 et
825 2112 914 2130 mens
928 2100 988 2130 sibi
1005 2101 1133 2131 conscia
1146 2101 1242 2138 recti,
1265 2103 1298 2134 h.
1320 2115 1349 2135 e.

778 2149 812 2177 in
824 2148 891 2177 ullo
907 2149 1010 2188 pretio
1028 2155 1088 2179 est.
1101 2150 1176 2188 Quo
1193 2148 1289 2179 altera
1303 2151 1350 2181 in-

780 2195 961 2235 terpretatio
982 2196 1129 2225 Serviana
1151 2202 1272 2235 spectat
1294 2206 1301 2228 :
1323 2196 1352 2229 si

778 2241 872 2272 valet
884 2241 974 2282 apud
986 2240 1130 2272 homines
1139 2240 1277 2282 justicia.

1426 2173 1433 2460 mmm
1430 2152 1433 2161 ,
