1433 2460
195 69 257 103 234

703 68 896 100 AENEIDOS

189 130 230 164 lit
257 128 405 163 unuh-m
427 126 500 162 laeti
521 127 711 163 sociorum
733 128 950 165 ulciscimur
968 128 1132 167 umbras.

189 187 262 222 Sed
285 187 421 235 fugite,
440 200 463 223 o
482 186 629 231 miseri,
648 187 784 238 sugite,
803 198 916 238 atquc
937 188 984 226 ab
1003 190 1112 227 litore
1131 189 1258 228 sunem

190 247 380 297 Rumpitc.

1347 262 1397 290 640

191 311 285 344 Nam
297 336 307 354 ‚
327 307 449 357 qualis
471 316 712 358 quantusque
732 322 826 346 cavo
846 311 1102 361 Polyphemus
1124 312 1161 349 in
1181 320 1291 351 antro

192 370 394 419 Lanigcras
411 368 552 406 claudit
573 369 758 419 pecudes,
778 380 892 420 atque
910 370 1027 409 ubera
1044 383 1207 423 pressat,

190 434 349 468 (flentum
370 431 432 468 alii
450 443 568 467 curva
589 430 669 468 haec
686 430 860 469 habitant
879 432 927 469 ad
945 432 1057 470 litora
1074 434 1186 485 volgo

194 491 339 529 infandi
359 491 560 541 Cyclopes,
581 501 618 529 et
637 492 721 530 altis
742 492 935 530 montibus
955 503 1095 531 errant.

190 555 318 590 Tertia
333 554 411 604 jam
431 553 529 590 lunae
550 567 590 590 sc
613 566 757 591 cornua
774 554 917 592 lumine
935 556 1146 606 complent,
1346 565 1396 595 645

193 618 321 660 Quum
338 614 456 651 vitam
477 613 515 649 in
530 613 651 659 silvis,
671 614 769 651 inter
787 615 936 652 deserta
953 616 1119 652 serarum

189 768 310 808 clipeus
335 768 408 797 inde
433 768 468 796 in
490 767 654 796 communi
679 767 766 797 Grae-

187 825 300 844 corum
330 825 404 851 usn,
431 813 603 854 aliquando
628 814 721 842 etiam
750 824 766 842 a

189 862 341 892 Romanis
373 868 520 901 receptus
552 871 611 900 pro
644 867 736 889 scuto
757 870 764 889 :

186 909 293 948 potuit
319 915 423 937 tamen
448 906 620 946 Argolicus
646 906 767 946 clipeus

185 954 344 994 peculiare
361 953 439 994 quid
454 953 572 982 hahere
590 962 597 982 :
615 952 702 992 quod
718 963 768 982 ro-

187 1000 309 1030 tundus
337 1006 425 1036 erat,
453 1009 554 1039 quum
587 998 639 1028 alii
674 999 769 1039 clipei

187 1054 291 1077 (ssent
337 1046 494 1087 oblongi·
487 1068 495 1082 ‚
540 1051 629 1074 scuta
674 1045 768 1074 ctiam

186 1094 324 1135 oblonga
338 1092 500 1134 quadrata.
514 1093 618 1122 Etiam
631 1092 767 1139 Dionys.

188 1141 290 1171 Halic.
306 1139 425 1180 1v(p.
444 1149 528 1175 221,
543 1149 570 1169 c.
595 1129 769 1181 16)Ᾰρ·]ε-

187 1192 213 1217 ὶ
210 1185 276 1222 ,7.ὀις
297 1185 375 1217 aior..
367 1183 436 1221 δσις
455 1186 542 1217 Serx'
534 1196 584 1215 lus
609 1195 667 1215 rex
686 1185 768 1214 ferre

186 1235 280 1273 jubet
297 1235 382 1263 cives
405 1234 517 1274 primae
540 1232 657 1262 classis.
677 1230 769 1262 Phoe-

187 1282 281 1310 bearn
294 1280 482 1321 lampadem
493 1289 559 1309 esse
571 1279 686 1315 solem,
700 1288 767 1308 non

188 1330 320 1365 lunam,
343 1328 378 1357 in
405 1333 516 1367 aperto
541 1332 596 1356 est.
622 1327 648 1355 E
674 1324 768 1356 Calli-

189 1374 303 1405 macho
320 1374 507 1404 translatum
526 1382 592 1403 esse
617 1382 745 1402 versum
759 1394 768 1409 ,

190 1422 292 1453 faber
313 1421 523 1461 pronuntiat:
542 1419 596 1449 sed
617 1419 680 1449 hoc
700 1425 768 1449 tan-

190 1477 261 1499 tum
281 1467 320 1498 de
345 1468 440 1508 clipei
464 1467 703 1507 comparatione
719 1476 770 1495 ve-

189 1527 263 1546 rum
280 1521 344 1552 est,
360 1517 401 1545 H.
423 1516 457 1544 in
479 1515 574 1544 Dian.
594 1514 634 1543 53
651 1511 690 1542 de
704 1513 768 1553 Cy-

190 1562 356 1603 clopibus:
371 1561 451 1592 πᾶσ.
443 1557 514 1590 ’μὸ
505 1563 558 1591 υπ’
573 1557 675 1623 &appu-(1
680 1557 744 1589 Φοί-ε
734 1569 769 1588 -α

190 1620 228 1651 με
232 1607 422 1664 ἀφ’-γνωμῃ.
407 1618 485 1638 σειν.ἓ
489 1619 510 1637 ι
506 1616 599 1637 σα-
587 1604 699 1649 -ρσιβο
689 1603 730 1635 ‚ei
733 1617 768 1648 ῳ,

191 1655 292 1686 ‹Aet-mv
312 1653 566 1698 ὑπεγλαὺσοντκ.
596 1655 646 1683 Ex
663 1654 770 1694 Virgi-

188 1704 233 1734 lio
249 1713 306 1733 sua
329 1703 443 1733 sumsit
460 1701 555 1732 Ovid.
580 1699 666 1730 libro
688 1701 770 1730 XIII

190 1749 444 1790 Metamorphos.
467 1759 550 1779 vers.
577 1747 641 1777 851
656 1770 664 1785 ,
690 1747 768 1778 852.

190 1799 273 1827 Mox
293 1797 360 1827 638
384 1794 566 1826 ulciscimur
580 1793 620 1825 ad
635 1792 770 1824 ductum

192 1845 326 1874 Homeri
353 1843 414 1873 loc.
446 1842 499 1873 cit.
526 1852 572 1873 vs,
607 1841 674 1879 [475
698 1852 767 1882 sqq.

191 1909 237 1912 —
270 1890 349 1922 638
383 1889 534 1921 Umbram
562 1888 640 1919 alter
673 1889 769 1918 Ham-

192 1938 286 1979 burg.

238 1986 317 2025 639.
333 1983 470 2014 Alitore
483 1982 576 2013 Witt.
592 1980 768 2012 Edd.A1d.

191 2032 322 2066 —641.
339 2033 415 2060 Jam
431 2041 481 2071 pr.
497 2030 614 2059 Moret.
624 2028 770 2069 ‚elegan-

192 2084 258 2109 ter,
252 2078 378 2117 inquit
391 2078 520 2113 Heins.;
540 2075 628 2116 quod
644 2075 700 2104 vix
715 2085 768 2105 ve-

191 2134 262 2153 rum
276 2123 310 2153 h.
330 2124 351 2152 l.
368 2127 398 2152 V
401 2133 488 2153 ersus
504 2099 568 2158 641
591 2122 631 2152 ad
647 2122 684 2152 6
672 2127 714 2158 44
727 2121 768 2152 ab

189 2171 290 2200 aliena
323 2180 420 2199 manu
449 2169 654 2210 interpositos
677 2175 768 2198 acute

192 2215 411 2257 suspicabatur
433 2217 500 2247 Jac.
515 2217 646 2257 Bryant.
667 2215 767 2246 ofsen-

820 778 872 797 sus
896 768 1044 808 inprimis
1063 770 1107 809 τῷ
1127 768 1234 809 qualis
1248 776 1402 809 quantus-

820 825 882 854 que
901 814 1034 844 claudit.
1068 815 1211 846 Omnino
1230 815 1303 847 loco
1325 815 1401 846 huic

821 860 931 889 ultima
957 868 1060 901 poetae
1087 872 1200 891 manus
1227 861 1339 893 defuit.
1353 879 1400 886 —-

822 907 863 942 64
875 908 1018 942 ι--644.
1036 909 1193 938 Ornatum
1206 908 1343 949 (partim
1360 920 1400 940 ex

822 955 917 983 Hom.
930 954 951 983 l.
963 965 990 984 c.
1006 955 1083 992 337,
1098 954 1402 996 341)vides:Quo.--

822 999 861 1029 lis
877 1000 1093 1041 Polyphemus
1107 1009 1168 1037 ese,
1187 1002 1268 1032 tales
1284 1003 1400 1043 Cyclo-

822 1056 877 1086 pes
893 1047 986 1076 multi
1004 1048 1038 1076 in
1060 1049 1178 1078 vicinia
1194 1057 1286 1085 sunt,
1312 1048 1400 1078 habi-

823 1100 906 1122 tant.
917 1093 972 1122 Est
985 1099 1091 1123 autem
1103 1094 1129 1123 is
1141 1101 1309 1134 poetarum
1320 1105 1399 1132 mos,

825 1140 944 1169 Graecis
968 1140 1115 1180 inprimis
1142 1139 1314 1171 admodum
1340 1141 1401 1171 fre-

820 1193 1012 1226 quentatus,
1036 1187 1072 1216 in
1095 1186 1233 1218 Pindaro
1256 1188 1307 1218 vel
1325 1198 1400 1218 cen-

822 1234 879 1262 ties
905 1232 1092 1265 observatus
1109 1243 1118 1264 :
1135 1240 1171 1263 ut
1194 1235 1333 1265 evitetur
1353 1242 1399 1264 te-

822 1279 896 1309 nuis
911 1280 1012 1310 oratio
1028 1290 1086 1321 per
1106 1280 1242 1310 verbum
1254 1280 1400 1311 substan-

824 1327 928 1355 tivum
947 1333 1009 1362 est,
1027 1327 1133 1356 statim
1160 1327 1312 1358 attributa
1327 1328 1400 1357 sub-

823 1373 961 1402 stituunt
980 1382 989 1403 2
1007 1374 1114 1413 itaque
1127 1373 1160 1404 h.
1178 1373 1200 1404 l.
1216 1385 1277 1415 pro
1292 1373 1400 1416 qualis

823 1427 871 1448 est
894 1418 1128 1460 Polyphemus,
1151 1421 1296 1451 ornatius
1317 1421 1401 1452 dixit

822 1472 916 1506 poeta
933 1475 940 1496 :
955 1465 1062 1506 qualis
1073 1466 1198 1496 claudit
1207 1474 1305 1508 atque
1312 1478 1400 1508 pres-

823 1521 894 1549 sac;
917 1512 1043 1553 plenior
1066 1513 1168 1543 oratio
1190 1520 1279 1544 erat:
1295 1515 1402 1555 qualis

823 1558 1039 1600 Polyphemus
1051 1567 1108 1596 esc,
1125 1559 1182 1600 qni
1193 1559 1326 1592 clandit.
1340 1563 1401 1592 Te-

823 1606 967 1636 nendum
989 1605 1052 1636 hoc
1077 1613 1124 1636 est
1147 1607 1182 1636 in
1209 1606 1278 1636 aliis
1299 1606 1398 1645 locis,

823 1654 858 1682 in
876 1652 994 1693 quibus
1007 1652 1115 1682 eadem
1133 1653 1285 1683 orationis
1298 1654 1400 1684 forma

824 1700 977 1730 occurrit.
993 1700 1044 1730 Sic
1060 1710 1132 1741 sup.
1147 1701 1182 1737 1,
1210 1699 1275 1740 498
1304 1707 1372 1730 erat
1390 1710 1398 1730 :

823 1746 930 1788 qualis
955 1753 1086 1777 exercet
1110 1756 1171 1787 pro
1201 1746 1303 1787 qualis
1330 1754 1395 1783 est,

823 1804 924 1835 quum
939 1800 1076 1824 exercet.
1092 1794 1147 1824 An
1159 1802 1237 1823 vero
1251 1793 1321 1824 talis
1332 1804 1400 1823 ver-

822 1840 940 1871 borum
958 1846 1090 1870 ornatus
1101 1838 1274 1880 trepidanti
1286 1839 1400 1870 Achat-

822 1887 942 1917 menidi
955 1888 1030 1917 satis
1047 1887 1235 1923 conveniat,
1251 1885 1399 1916 dubitare

821 1935 903 1965 forte
918 1934 1028 1975 possis.
1042 1933 1105 1965 Sed
1120 1934 1156 1963 in
1168 1932 1218 1963 his
1232 1942 1307 1962 cum
1322 1943 1399 1974 poe-

823 1989 853 2012 ta
873 1979 1110 2021 quodammodo
1137 1980 1231 2009 tacite
1258 1989 1398 2010 conven-

821 2035 891 2058 tum
912 2034 959 2057 est
977 2028 1011 2057 in
1026 2027 1106 2064 hoc,
1128 2032 1165 2056 ut
1180 2026 1224 2063 ii,
1249 2035 1332 2066 quos
1348 2026 1397 2056 lo-

821 2081 953 2115 quentes
970 2072 1112 2110 inducit,
1137 2073 1263 2113 poetica
1278 2075 1395 2103 oratio-

820 2131 862 2151 ne
877 2127 1018 2151 utantur.
1038 2118 1137 2161 Quod
1157 2120 1219 2149 nisi
1234 2120 1278 2149 ita
1294 2130 1327 2150 se
1340 2119 1396 2149 ha-

820 2167 927 2203 beret,
955 2159 1119 2209 quoffiodo
1135 2165 1284 2208 tragoedia
1300 2165 1396 2197 scribi

820 2215 951 2255 posset?
