1433 2460
590 72 713 103 LIBER
737 73 761 102 1.

1239 78 1280 107 25

83 147 97 162 «
114 132 284 167 Tantane
304 141 373 166 vos
393 129 541 180 generis
562 129 683 166 tenuit
698 129 837 166 fiducia
856 131 994 168 vestri?

81 192 101 225 J
106 202 164 226 am
184 189 319 227 coelum
337 198 554 239 terramque
573 202 658 226 meo
678 189 758 226 sine
777 190 948 236 numine,
965 191 1098 239 Venti,

80 249 263 296 Miscere,
280 259 317 287 et
334 259 456 287 tantas
476 249 623 287 audetis
643 249 774 286 tollere
790 250 929 287 moles?

80 311 185 355 Quos
202 323 321 361 ego...
341 310 416 348 Sed
435 319 558 348 motos
575 319 730 361 praestat
746 322 975 360 componere
995 312 1141 350 fluctus.

1232 323 1278 346 135

80 372 167 408 Post
187 371 283 408 mihi
302 383 378 408 non
394 371 506 409 simili
525 384 636 422 poena
652 373 851 409 commissa
866 373 989 410 luetis.

77 435 271 470 Maturate
294 433 439 483 fugam,
454 433 612 484 regique
632 433 712 471 haec
731 433 845 471 dicite
864 444 1015 472 vestro:

77 495 112 529 N
116 504 165 528 on
181 492 235 529 illi
250 492 453 543 imperium
473 494 597 543 pelagi
609 522 619 539 ‚
636 506 854 544 saevumque
874 494 1093 540 tridentem,

77 551 152 588 Sed
169 551 263 589 mihi
279 562 382 589 sorte
403 553 544 590 datum.
562 555 681 590 Tenet
700 553 762 591 ille
781 554 958 591 immania
976 568 1084 601 saxa,

76 615 248 658 Vestras,
266 616 386 658 Eure,
404 613 556 660 domos3
573 614 635 650 illa
656 615 824 664 sejactet
844 615 881 650 in
899 615 983 651 aula

75 783 142 802 rum
168 780 199 802 et
214 771 387 812 Zephirum
406 782 465 812 pro
485 778 554 801 toto
571 782 649 801 ven·

77 827 182 848 torum
211 819 335 858 agmine
366 817 528 847 manifeste
557 819 650 858 ponit

76 873 226 905 tanquam
241 871 353 905 poeta3
366 875 440 894 nam
456 865 602 894 neutrius
615 866 650 894 in

73 911 132 940 hac
161 918 346 952 tempestate
378 918 481 952 partes
511 911 649 941 debuere

72 968 138 988 esse
163 958 335 998 praecipue.
374 957 510 988 Generis
534 957 648 994 vestri,

73 1014 138 1034 non
157 1011 221 1033 tam
236 1006 386 1045 origini5‚
406 1015 501 1045 quam
516 1006 650 1035 omnino

71 1051 192 1092 gentis3
214 1058 381 1080 tantumne
407 1061 464 1080 vos
483 1049 648 1081 confiden-

71 1098 122 1126 tiae
135 1098 170 1126 in
189 1097 299 1134 vobis,
323 1098 359 1126 in
379 1098 490 1126 vestris
508 1096 649 1134 viribus,

70 1143 216 1174 habetis?
245 1145 447 1183 Argutantur
477 1142 510 1173 h.
540 1143 562 1173 l.
593 1144 645 1173 In-

70 1197 253 1231 terpp.post
262 1191 416 1226 Nonium,
429 1200 502 1219 cum
516 1189 645 1219 videant

68 1238 102 1266 in
121 1236 281 1266 natalibus
297 1238 494 1271 Ventorum,
516 1246 566 1276 ap.
581 1238 644 1267 He-

68 1282 148 1313 siod.
171 1282 335 1324 Theogon.
363 1283 446 1320 378,
467 1283 544 1323 379,
562 1282 641 1312 nihil

68 1339 133 1359 esse
148 1329 456 1370 reprehendendum.
475 1331 550 1359 Meo
573 1329 642 1359 sine

67 1375 218 1411 numine,
234 1376 400 1406 voluntate
411 1399 419 1413 ‚
435 1377 534 1414 jusso.
555 1377 642 1406 Tan-

67 1430 117 1451 tas
126 1423 227 1452 moles
234 1446 244 1459 ,
256 1433 364 1452 rerum
374 1422 641 1463 perturbationes,

67 1475 292 1509 tempestatem.
324 1471 407 1500 'Nam
439 1469 553 1505 moles,
577 1479 642 1499 om-

67 1516 115 1544 nis
137 1526 250 1556 magna
279 1515 422 1553 molitio,
450 1526 563 1557 magna
592 1527 641 1546 res

66 1571 160 1601 quam
179 1563 251 1602 quis
265 1563 407 1593 molitur.
420 1579 467 1585 —-
485 1564 570 1602 Quos
583 1573 642 1604 ego

66 1609 248 1647 gravissime
288 1609 425 1638 ulciscar
439 1632 448 1646 ‚
483 1610 641 1649 puniam;

66 1664 82 1680 x·
88 1653 117 1683 el
128 1656 242 1694 punire
255 1665 379 1695 possem
391 1678 399 1692 ‚
413 1655 466 1685 vel
481 1655 640 1686 deberem.

66 1700 171 1729 Notus
197 1700 298 1731 locus.
326 1701 453 1731 Scilicet
465 1702 643 1743 intelligen-

66 1744 144 1775 dum
162 1755 170 1775 :
190 1746 282 1787 (Vos
307 1764 355 1769 -—
376 1747 537 1788 audetis‚)
563 1759 643 1788 quos

65 1802 125 1832 ego
159 1792 296 1822 ulciscar
326 1794 523 1834 gravissimu
555 1794 642 1834 quod

64 1838 254 1878 exquisitius
283 1846 345 1876 est,
368 1849 468 1880 quam
482 1841 546 1868 Vos
571 1851 640 1881 ego.

63 1901 109 1906 —
124 1885 199 1914 135.
232 1886 293 1914 Vir
323 1885 438 1915 doctus
465 1885 550 1923 conj.
580 1888 643 1915 Vos

63 1941 141 1971 ego,
160 1931 250 1971 quod
280 1931 331 1960 vel
354 1933 389 1961 in
409 1931 547 1972 pedestri
571 1943 641 1962 ora-

65 1978 152 2007 tione
169 1976 309 2007 deterius
325 1984 424 2015 esset3
439 1986 476 2007 ut
491 1978 642 2018 praeclare

60 2023 124 2060 jam
140 2025 272 2053 ’monuit
285 2023 459 2065 elegantiss.
477 2024 642 2054 Ruhmke-

61 2071 135 2098 nius
142 2070 178 2099 in
187 2068 283 2100 docto
294 2070 473 2101 Comment.
482 2069 521 2100 ad
530 2071 640 2111 Aqm'l.

62 2116 158 2146 Rom.
187 2127 219 2157 p.
249 2122 324 2154 147.
348 2118 401 2147 Jo.
427 2116 639 2155 Schraderus‚

63 2162 119 2201 qui
140 2163 232 2192 istam
251 2163 507 2193 emendationem
522 2174 641 2205 propo-

61 2215 167 2238 suerat
183 2210 218 2238 in
233 2209 327 2240 Obss.
344 2211 376 2247 Ι,
395 2210 428 2247 5,
441 2210 571 2240 eandem
591 2210 643 2241 de-

219 2276 268 2310 II.

702 771 804 802 fendjt
818 773 851 801 in
865 772 952 812 praef.
971 772 1148 802 Emendatt.
1162 784 1195 814 p.
1212 777 1279 805 LII.

702 819 940 858 Argumentum
957 842 965 856 ‚
988 829 1053 860 quo
1086 820 1279 851 emendatio-

702 876 776 894 nem
791 864 939 895 firmabat
953 867 1003 895 vir
1015 868 1156 906 poetices
1166 867 1280 898 casseu-

703 913 842 942 tissimus
853 935 861 949 ,
876 913 1012 953 petitum
1037 921 1103 943 erat
1124 924 1165 943 ex
1178 915 1280 944 imita·

702 959 790 988 tione
811 960 901 990 Statii
918 961 982 996 IV,
1010 960 1092 997 514,
1108 960 1166 990 ubi
1193 962 1279 991 Tire-

703 1005 763 1034 sias
782 1007 920 1035 evocatis
944 1005 1067 1036 umbris
1084 1007 1193 1036 venire
1212 1017 1277 1037 ces-

703 1051 847 1081 santibus
862 1061 869 1082 :
885 1053 933 1082 Ne
950 1054 1090 1092 spernite
1107 1061 1275 1087 senectam,

703 1099 810 1137 inquit
829 1121 838 1135 ,
866 1108 940 1127 nam
972 1100 1117 1139 graviora
1147 1111 1277 1140 quoque

699 1145 840 1173 carmina
858 1145 936 1174 novi
951 1154 959 1174 :
974 1147 1113 1186 Jamque
1129 1156 1188 1187 ego
1202 1158 1274 1177 vos.

697 1207 743 1212 --
758 1190 832 1221 136.
850 1192 925 1220 lVon
944 1190 1061 1227 simili,
1080 1192 1137 1221 sed
1153 1195 1275 1233 gravio-

697 1247 746 1274 re,
756 1247 870 1277 poena.
887 1239 986 1267 Porro
995 1245 1073 1277 post
1086 1245 1118 1267 et
1131 1239 1273 1269 commis-

696 1294 732 1312 sa
746 1294 840 1313 sensu
861 1283 975 1324 junge,
996 1285 1023 1312 si
1048 1285 1084 1313 iu
1107 1292 1271 1325 posterum

697 1329 757 1359 tale
773 1329 852 1370 quid
867 1331 935 1359 ausi
945 1331 1048 1367 eritis,
1058 1341 1126 1360 non
1139 1333 1273 1372 impune

696 1376 812 1407 seretis.
821 1394 868 1399 --
880 1387 893 1406 1
902 1377 919 1406 3
926 1387 955 1415 7.
965 1377 1250 1419 filaturatefitgam
1259 1402 1267 1414 ,

695 1423 865 1453 accelerate
879 1430 1044 1464 receptum
1053 1425 1089 1453 in
1103 1431 1190 1454 antra
1204 1436 1273 1455 ves-

696 1476 759 1507 tra;
771 1477 931 1500 maturate
940 1469 973 1500 h.
984 1481 1012 1500 e.
1027 1481 1130 1511 ocyus
1140 1470 1272 1501 discedi-

694 1523 735 1546 te.
750 1518 861 1557 Inepta
877 1523 923 1547 est
935 1517 1022 1557 apud
1035 1518 1192 1555 Servium,
1200 1519 1271 1548 Ma-

696 1563 785 1594 croh.
801 1565 848 1593 VI
863 1565 924 1594 Sat.
939 1564 958 1592 8
974 1570 1005 1592 et
1015 1563 1156 1594 Gellium
1166 1567 1208 1601 X,
1229 1576 1243 1594 1
1254 1576 1266 1594 1

694 1611 730 1639 in
763 1609 797 1640 h.
828 1610 851 1640 l.
879 1609 1119 1650 interpretando
1150 1611 1273 1641 subtili-

697 1662 751 1686 tas.

747 1713 760 1731 1
768 1703 822 1733 38.
838 1703 1014 1743 Imperium
1023 1721 1070 1726 —
1083 1703 1251 1732 tridentem
1262 1727 1270 1739 ‚

695 1749 863 1788 praeclare,
880 1757 917 1779 ut
942 1761 972 1780 v.
993 1750 1032 1787 78
1053 1749 1272 1789 quodcunque

695 1794 757 1824 hoc
771 1795 1048 1836 regni—sceptra.
1074 1797 1114 1824 Et
1128 1797 1173 1824 sic
1189 1805 1271 1836 saepe

694 1847 807 1880 poetae.
833 1842 920 1870 Hinc
948 1848 980 1870 et
1002 1851 1100 1870 saevns
1129 1840 1270 1878 tridens,

695 1888 770 1926 quia
783 1888 886 1927 poetis
900 1897 1016 1916 servum
1036 1887 1214 1927 imperium.
1238 1899 1269 1918 τ.

696 1932 735 1962 ad
749 1944 779 1963 v.
792 1944 916 1974 99.—1
925 1934 977 1972 39.
991 1934 1091 1968 Sorte,
1104 1934 1271 1964 sortitione

694 1980 778 2009 inter
792 1979 911 2009 fratres.
931 1979 1016 2009 conf.
1036 1979 1126 2010 Iljad.
1145 1990 1179 2016 c,
1206 1981 1267 2018 187

693 2035 762 2065 sqq.
778 2025 941 2055 Immania
955 2036 1059 2062 saxa,
1078 2033 1204 2056 vastum
1219 2037 1272 2057 an-

694 2078 780 2101 trum
790 2083 821 2102 v.
838 2073 891 2102 52.
901 2089 947 2095 —-
958 2078 1033 2108 140.
1045 2074 1194 2110 Vestras,
1208 2075 1272 2103 Eu-

693 2128 729 2147 re
737 2140 747 2154 ,
767 2118 888 2148 domos.
914 2120 997 2149 Nota
1023 2118 1146 2160 figura,
1172 2119 1271 2150 adsci-

695 2165 734 2193 tis
747 2166 781 2195 in
800 2166 942 2206 regimen
958 2165 1051 2196 verbi
1067 2166 1161 2196 sociis
1182 2168 1271 2197 Euri.

696 2212 742 2240 Ita
753 2213 799 2242 IX
811 2235 819 2249 ‚
838 2213 923 2250 5253
937 2213 1003 2250 xl,
1021 2212 1101 2250 686,
1122 2224 1153 2251 7.
1169 2215 1271 2244 Totus

1114 2278 1134 2313 3
