1433 2460
572 96 697 126 LIBER
724 95 764 124 11.
1210 91 1266 119 132

72 155 295 204 Sanguineae
312 161 541 203 exsuperant
556 153 695 197 undas3
712 165 798 202 pars
819 160 944 188 cetera
960 158 1118 200 pontum

72 217 170 252 Pone
191 214 298 264 legit,
318 214 546 263 sinuantque
563 214 745 250 immensa
764 212 955 257 vol-umine
973 220 1087 260 terga.

71 276 129 312 Fit
148 275 312 321 sonitus,
329 282 528 324 spumante
543 274 634 311 salo.
651 277 811 322 Jamque
829 286 919 308 arva
940 271 1136 316 tenebant;

71 336 323 384 Ardentisque
340 334 469 371 oculos
485 334 635 371 suffecti
653 334 835 383 sanguine
852 343 888 370 et
906 333 1000 382 igni,
1221 349 1268 363 zm

72 395 190 432 Sibila
210 394 426 432 lambebant
442 395 579 445 linguis
597 394 838 431 vibrantibus
860 406 937 429 ora.

72 455 301 506 Diffugimus
316 455 401 494 visu
421 468 648 505 exsangues:
669 454 723 492 illi
740 453 886 503 agmine
903 461 1007 489 certo

73 608 112 646 β,
140 609 202 638 308
227 606 351 651 δράκων
370 606 399 639 δ’
419 607 470 639 ἐπὶ
489 611 573 639 νῶτα
588 606 645 639 157.-

73 653 183 695 φςινός.
201 657 409 695 Exsuperane
421 656 524 685 undas
535 679 543 692 ‚
567 657 644 685 emi-

73 709 150 731 nent
170 712 263 742 snpra
280 713 374 732 mare.
388 720 436 725 —
453 702 530 731 208.
553 701 648 742 Legit

69 755 203 787 pontum
228 750 349 789 egregie
374 749 413 779 de
435 749 573 788 westigiis
595 749 644 777 in-

74 805 177 824 cessus
191 794 271 824 lenis
290 795 339 824 vel
354 801 471 824 tractus
486 796 521 824 in
536 804 644 834 super-

73 840 154 870 ficie.
168 840 366 881 Sinuaneque
382 841 540 870 immensa
554 840 645 869 volu-

74 887 160 916 mine
172 894 262 928 terga
274 910 282 923 ‚
308 887 340 916 h.
358 898 385 917 e.
402 898 473 928 pars
488 887 645 927 posterior

72 940 255 974 serpentum
273 934 377 963 sinuat
401 944 433 963 se
454 934 488 963 in
511 934 644 962 immen-

73 990 143 1009 sum
178 979 349 1017 volumen,
392 981 553 1020 ingentem
582 980 645 1020 spi-

73 1036 150 1056 ram.
173 1042 218 1048 »-
244 1028 334 1055 Pone
357 1033 447 1055 secat
472 1025 594 1056 Zulich.
629 1037 645 1055 a

73 1083 114 1103 m.
146 1082 205 1102 sec.
224 1072 427 1112 Sinuantque
446 1072 485 1102 ab
514 1073 645 1102 Heinsio

74 1126 257 1149 revocatum
271 1130 312 1148 ex
329 1118 461 1148 Mentel.
472 1129 521 1158 pr.
533 1126 563 1148 et
577 1118 645 1147 aliis

73 1165 239 1205 pluribus;
257 1166 351 1195 etiam
372 1166 541 1202 Pien'am's,
567 1164 645 1195 adde

75 1211 172 1241 Goth.
187 1222 262 1248 sec„
274 1218 309 1241 ut
323 1219 400 1252 terg.
415 1210 548 1241 sinuant
560 1211 646 1241 ahso-

73 1258 137 1287 lute
156 1257 276 1287 dictum
291 1259 351 1294 sit,
367 1268 426 1297 pro
439 1258 568 1287 sinuant
589 1268 621 1287 se
636 1267 644 1288 :

73 1305 165 1342 cujus
187 1303 297 1334 formae
322 1304 420 1333 multa
440 1304 582 1344 exempla
607 1304 646 1333 ad

74 1350 105 1380 h.
125 1350 146 1380 l.
170 1351 336 1391 congessit.
361 1352 412 1380 Sic
436 1349 533 1380 modo
554 1361 646 1390 supe-

75 1404 166 1432 rant,
203 1397 261 1427 inf.
300 1407 366 1436 229
389 1396 549 1433 insinuat,
580 1398 645 1427 235

75 1442 265 1484 accingunt,
291 1450 323 1473 et
345 1442 470 1473 infinita
492 1443 578 1483 apud
602 1444 647 1484 ip-

75 1499 145 1518 sum
158 1489 338 1530 Virgilium.
356 1490 464 1530 Vulgo
478 1489 647 1530 sinuatque

75 1537 168 1565 etiam
190 1537 224 1565 in
245 1538 331 1566 Serv.
344 1559 353 1574 ,
374 1543 411 1566 ut
433 1536 550 1576 Georg.
575 1538 622 1566 III
637 1560 645 1573 ‚

82 1592 142 1622 ¹9²
164 1581 335 1623 sinuatque
358 1582 487 1612 alterna
509 1583 649 1612 volumi-

79 1638 121 1657 na
139 1639 272 1660 cntrum.

126 1685 279 1714 209—21
292 1686 318 1705 1.
344 1678 447 1705 Etiam
467 1676 536 1706 haec
557 1675 648 1705 valde

78 1728 198 1750 ornata.
210 1723 296 1750 Arva
311 1732 370 1761 pro
383 1722 487 1752 litore.
503 1721 646 1763 Sttsfiecti,

78 1767 138 1796 hoc
153 1774 218 1803 est,
243 1766 396 1797 babentes
418 1768 527 1797 oculos
547 1768 649 1797 suffu-

78 1824 128 1842 sos
144 1814 314 1853 sanguine,
332 1813 491 1843 rubentes.
509 1814 650 1843 Omnino

79 1866 167 1889 erant
190 1861 214 1889 ii
238 1859 340 1889 oculis
369 1859 492 1900 fussore
522 1858 652 1889 rubenti

78 1907 221 1943 infectis,
246 1906 364 1936 tinctis.
392 1907 458 1935 Ora
481 1905 595 1942 sibila,
616 1912 652 1935 ut

80 1953 137 1982 Ge.
157 1953 224 1989 111,
250 1958 312 1988 421
332 1951 417 1981 colla
433 1951 543 1987 sibila,
570 1948 652 1993 συρί-

79 1997 182 2034 ζοντσι.
206 1998 334 2040 Lingua
356 1998 492 2027 vibrans
516 2005 547 2027 et
569 1998 651 2027 lam-

80 2045 155 2074 bens
166 2068 174 2080 ,
195 2047 358 2087 7·'·’l..²¹·s'’⁶²⁹
374 2046 408 2073 in
422 2046 591 2085 praecipuis
606 2050 652 2073 est

80 2092 273 2121 ornamentis
293 2092 440 2132 poeticis,
466 2092 591 2131 quoties
612 2089 652 2120 de

80 2138 279 2180 serpentibus
291 2139 396 2179 agitur
407 2148 415 2169 ε
425 2138 509 2168 conf.
521 2136 651 2168 Hesiod.

81 2183 115 2219 θ,
143 2183 226 2221 8263
250 2186 300 2215 Sc.
319 2185 397 2214 235.
420 2185 470 2214 De
495 2184 558 2214 hoc
580 2185 651 2225 ipso

81 2237 234 2270 serpente,
244 2230 282 2260 de
290 2241 354 2271 qno
364 2237 483 2268 noster,
495 2231 650 2272 loquitur,

698 608 752 638 sed
768 609 874 638 minus
889 614 999 638 ornate
1009 630 1017 643 ‚
1036 608 1178 647 Quintus
1192 608 1271 643 XII,

700 655 764 690 448
783 651 1025 696 ὲπεσμσιροίγῑσε
1037 650 1191 688 &ni-1722
1203 656 1272 683 Νισ-

697 700 833 742 caui-nov
845 723 853 736 ‚
871 697 926 729 καὶ
940 702 1027 741 κῦμα
1041 696 1192 729 &teraru-
1211 698 1271 729 τοί-

698 743 729 776 δ“’
759 746 899 789 inspexero
911 769 919 782 ‚
951 744 1038 775 Αἰνὲν
1071 744 1271 787 λιχμώοντες.

699 794 848 824 Ceterum
879 792 993 822 similia
1021 791 1060 821 de
1092 793 1272 833 ingentium

698 839 874 869 draconum
885 839 1003 879 allapsu
1013 839 1104 879 plura
1115 846 1190 868 sunt
1199 849 1274 879 poe-

698 893 803 916 tarum
828 886 897 916 loca
922 885 934 925 (
953 885 1036 915 conf.
1058 884 1157 914 Cerda
1175 884 1186 925 )
1201 908 1210 921 ‚
1238 892 1274 914 ut

699 932 737 962 de
757 932 950 962 draconibus
975 931 1014 961 ab
1038 932 1176 961 Hercule
1197 942 1274 971 pue—

699 990 736 1009 ro
752 986 782 1008 et
798 989 815 1008 a
831 978 949 1011 Cadmo
970 979 1162 1015 interemtis‚
1189 988 1274 1007 c0m÷

698 1025 835 1066 paranda
868 1025 921 1054 illa
950 1024 1079 1065 quidem
1109 1034 1175 1054 non
1205 1025 1274 1054 sine

700 1073 805 1101 fructu
818 1095 825 1109 ,
851 1073 877 1101 si
890 1073 957 1101 otio
980 1071 1122 1100 abundes
1134 1093 1143 1107 ,
1170 1071 1213 1100 ita
1229 1077 1273 1100 ta-

700 1129 774 1148 men
787 1125 823 1147 ut
841 1117 998 1156 judicium
1020 1118 1055 1146 iu
1078 1122 1273 1157 cognoscen'-

699 1164 741 1194 do
755 1175 862 1194 rerum
878 1164 997 1194 dilectu
1007 1186 1016 1200 ‚
1039 1165 1187 1193 varietate
1201 1173 1274 1193 nar-

700 1212 831 1241 rationis
846 1218 877 1240 et
892 1211 1046 1240 sumitate
1057 1233 1065 1246 ,
1078 1220 1171 1239 acuas
1181 1232 1189 1246 ‚
1206 1220 1273 1240 non

701 1264 737 1286 ut
759 1259 885 1286 inanem
907 1257 1054 1286 lectionis
1076 1257 1201 1296 copiam
1225 1267 1273 1286 os-

701 1311 802 1333 tentes
831 1304 1036 1343 jejunamque
1059 1302 1134 1332 inde
1159 1301 1274 1332 verbo-

700 1360 772 1379 rum
791 1360 961 1390 rerumque
983 1349 1135 1378 similium
1151 1349 1274 1389 copiam

699 1398 850 1426 memoria
869 1395 1128 1437 comprehendas.
1144 1396 1275 1425 ExVir-

701 1443 776 1484 gilio
792 1442 925 1472 hausere
939 1441 1034 1478 Ovid‚
1049 1443 1094 1471 IV
1110 1443 1190 1472 Met.
1207 1441 1272 1471 688

700 1500 768 1530 sqq.
792 1495 823 1518 et
843 1489 955 1519 Manil.
975 1490 1017 1525 V,
1041 1489 1125 1525 540,
1153 1489 1218 1528 579
1236 1488 1275 1517 de

701 1535 808 1565 bellua
829 1535 1086 1572 Andromedam,
1109 1541 1140 1565 et
1167 1535 1273 1564 Valer.

701 1582 748 1613 Fl.
765 1584 815 1619 ΙΙ,
843 1588 909 1622 479
934 1592 1001 1622 sqq.
1025 1581 1065 1611 de
1088 1581 1194 1611 bellua
1210 1583 1274 1611 He-

701 1630 824 1658 sionem
836 1628 1024 1665 invadente3
1037 1628 1133 1658 Silius
1141 1629 1184 1664 ΙΙ,
1198 1627 1274 1663 584,

701 1675 740 1704 de
747 1675 852 1716 hydro
863 1675 901 1704 ad
910 1674 1078 1716 Bagradam
1089 1673 1278 1704 eaes0.Ad‹¹.e

701 1722 886 1752 statiumvl
895 1721 997 1751 Theb.
1011 1721 1074 1750 506
1086 1731 1154 1760 sqq.
1166 1719 1205 1749 tle
1215 1730 1278 1749 ser-

702 1774 798 1807 pente
837 1768 892 1807 qui
924 1766 1160 1797 Archemorum
1200 1775 1278 1805 pue-

704 1823 776 1842 rum
792 1812 942 1850 devorat,
967 1820 998 1842 et
1011 1815 1139 1842 Petron.
1166 1821 1194 1841 c.
1212 1811 1255 1851 89
1267 1834 1276 1848 ‚

705 1870 736 1889 v.
765 1869 807 1899 29
832 1869 901 1899 sqq.
927 1859 967 1888 de
983 1857 1095 1888 eodem
1111 1864 1273 1893 monstro,

706 1904 745 1934 de
757 1915 823 1945 quo
836 1911 944 1935 noster
957 1906 1030 1945 agit.

753 1961 830 1981 212.
860 1951 1042 1980 Exanimes
1056 1949 1191 1981 Oudart.
1222 1951 1278 1980 Ea·

703 1997 834 2038 agmine
849 1999 953 2038 Sprot.
964 1996 1106 2039 Agmine
1121 2003 1210 2036 cepto
1224 2006 1275 2036 pr.

704 2045 822 2074 Moret.
848 2054 864 2072 a
884 2054 926 2074 m.
953 2054 1002 2084 pr.
1017 2042 1160 2085 Agmine
1179 2041 1275 2084 sacco

704 2097 766 2120 tres
785 2089 869 2131 apud
895 2091 1002 2120 Burm.
1014 2112 1024 2127 ‚
1047 2088 1135 2130 quod
1155 2089 1277 2119 seilicet

704 2143 736 2167 et
750 2136 826 2166 alibi
840 2137 989 2166 occurrit.
1005 2153 1050 2159 ·—-
1060 2135 1202 2176 Agmine
1214 2146 1277 2165 cer-

705 2190 736 2213 to
747 2205 756 2219 ‚
771 2183 926 2222 exquisita
936 2183 1090 2212 latinitate
1099 2204 1108 2218 ‚
1122 2192 1182 2223 pro
1194 2189 1276 2211 uter-

705 2240 767 2270 que
783 2229 879 2259 simul
892 2228 1047 2260 destinato
1069 2229 1105 2258 in
1119 2239 1193 2259 eum
1207 2228 1275 2268 lap-
