1402 2460
560 103 680 134 LIBER
706 102 763 131 111.

65 162 337 210 Interdumque
356 169 476 198 atram
497 160 712 211 prorumpit
730 159 778 195 ad
799 158 940 196 {ethera
959 157 1118 202 nubem,

65 221 232 260 Turbine
252 221 459 259 fumantem
478 221 586 271 piceo
614 229 651 258 et
671 220 854 263 candente
874 219 1017 267 favilla3

66 282 299 332 Adtollitque
318 282 450 332 globos
470 282 725 328 flammarum,
745 290 782 318 ct
801 281 924 318 sidera
943 280 1099 326 lambit3

65 341 261 378 Interdum
280 343 473 392 scopulos,
495 343 698 392 avolsaque
716 342 863 379 viscera
882 341 1018 378 montis
1220 346 1266 380 575

67 401 188 451 Erigit
204 412 397 450 eructans,
417 403 694 453 liquefactaque
713 416 803 441 saxa
821 402 892 439 sub
911 414 1021 439 auras

66 462 161 497 Cum
180 462 322 511 gemitu
341 463 543 513 glomerat,
565 463 761 513 fundoque
779 471 960 500 exaestuat
978 461 1067 498 imo.

66 523 179 558 Fama
199 531 271 569 est,
292 523 471 560 Enceladi
491 524 712 561 semiustum
732 524 887 560 fulmine
908 535 1046 572 corpus

66 699 104 727 tis
120 699 266 739 graviter.
276 717 322 721 —
334 699 372 737 57
381 709 411 729 2.
432 699 614 739 Prorumpit
623 722 631 734 ‚

65 745 198 781 emittit,
216 743 416 788 ἀναπέμπει,
440 746 570 785 antiquo
587 745 634 774 lo-

64 790 184 830 quendi
210 792 326 828 modo,
357 799 393 821 ut
418 792 483 828 jam
510 793 634 821 Lucret.

64 837 147 867 conf.
162 847 232 878 sup.
248 839 262 867 1
273 860 282 874 ,
300 838 377 875 246,
393 837 450 866 ubi
465 847 554 866 mare
564 848 638 877 pro-

63 889 254 923 r1tptum.—
277 884 353 922 573.
383 883 520 913 Turbine
540 883 635 923 piceo

63 937 95 958 et
118 928 240 970 favilla
257 939 265 960 ε
284 930 315 961 h.
343 941 370 961 e.
398 930 501 971 globis
536 930 634 967 fumi,

63 985 136 1005 cum
168 977 272 1006 cinere
306 977 464 1017 permistis
475 998 483 1013 ‚
515 974 636 1021 φλόγας

63 1018 117 1051 καὶ
147 1024 250 1066 λιγνῦς
264 1045 273 1059 ,
303 1030 340 1053 ut
366 1023 479 1054 Strabo
512 1024 579 1061 VI,
604 1034 635 1063 p,

65 1074 130 1105 274
147 1070 187 1100 A.
203 1069 306 1098 Aliter
321 1080 387 1099 uon
403 1070 565 1109 accipiam.
581 1072 639 1099 Fa-

63 1114 140 1143 villa
164 1115 326 1151 candens,
354 1122 391 1145 ut
418 1126 516 1145 canus
532 1114 635 1152 οἰνάς,-

63 1171 180 1190 ornans
210 1161 374 1201 epitheton
402 1172 418 1191 a
451 1163 497 1191 rei
527 1169 637 1192 natura

63 1207 206 1237 ductum.
223 1207 263 1238 cf.
279 1209 405 1238 Lucret.
429 1209 477 1237 VI
488 1231 496 1246 ,
517 1208 637 1248 689-

64 1254 141 1292 692.
165 1255 213 1283 De
231 1254 377 1283 scintillis
396 1255 524 1285 Servius
538 1265 637 1296 expo-

63 1299 190 1330 nit.--5
196 1311 211 1338 7
219 1306 249 1336 4.
269 1301 432 1330 Haeserant
448 1300 558 1330 Critici
573 1303 637 1339 jam

64 1346 149 1386 apud
159 1346 299 1376 Gellium
317 1347 352 1376 iu
360 1346 422 1376 hoc
433 1369 442 1384 ‚
453 1347 543 1387 quod
565 1358 638 1388 poe-

65 1399 94 1421 ta
112 1402 179 1422 uno
195 1399 338 1432 tempore
356 1392 481 1422 fumum
503 1399 534 1423 et
552 1393 637 1423 flam-

64 1449 129 1468 mas
163 1439 264 1468 emitti
282 1439 393 1475 faciat,
422 1449 493 1469 cum
513 1446 632 1476 tamen,

65 1484 151 1524 quod
175 1485 330 1515 Pindarus
352 1485 434 1515 bene
452 1485 636 1516 observave-

66 1531 122 1567 rit,
140 1531 279 1561 interdiu
283 1531 395 1572 firmet
406 1532 525 1568 AEcna,
543 1540 637 1562 noctu

55 1577 253 1619 flammiget.
279 1579 358 1615 Cui,
384 1578 410 1607 si
431 1584 525 1618 poeta
540 1579 573 1608 id
591 1580 637 1608 vi-

64 1624 141 1653 tiose
153 1634 168 1652 a
182 1634 214 1653 se
224 1625 302 1664 poni
311 1631 451 1664 putasset
460 1646 468 1660 ‚
482 1625 571 1654 facile
584 1636 638 1664 po-

64 1671 173 1698 tuisset
181 1679 347 1699 occurrere
358 1692 366 1706 ,
376 1670 545 1700 scribendo
559 1682 569 1700 .·
580 1672 639 1700 Ac-

64 1715 183 1744 tollc‘cve
199 1715 321 1756 globos.
337 1716 509 1746 Enimvero
526 1718 552 1746 si
564 1727 638 1757 poe-

66 1768 94 1790 ta
124 1768 187 1790 tam
217 1761 378 1791 subtiliter
407 1772 475 1791 rem
506 1769 638 1792 tractare

63 1807 233 1843 voluisset,
263 1818 336 1837 cum
371 1814 471 1838 noctu
502 1809 638 1847 Trojana

66 1853 170 1883 classis
205 1853 381 1894 appulerit,
425 1854 507 1884 m'hil
552 1855 638 1884 aliud

66 1910 160 1939 quam
178 1899 357 1941 flammam
384 1910 558 1930 memorare
585 1901 638 1931 de-

66 1945 189 1976 buerat.
212 1945 272 1976 Sed
292 1946 457 1976 intervalla
478 1946 574 1977 habet
592 1949 639 1977 in-

72 1993 202 2028 testinus
225 1995 326 2022 AEtnae
351 1992 443 2022 labor
470 2003 537 2023 non
569 2004 636 2023 mo-

68 2037 110 2068 do
128 2039 245 2077 majora
263 2038 315 2068 illa
331 2040 464 2068 extremi
477 2038 593 2069 furoris
607 2047 638 2070 et

69 2085 258 2114 remissionis
269 2107 277 2122 ,
293 2084 365 2115 vide
375 2096 405 2115 v,
423 2096 450 2116 c.
462 2086 563 2116 Strab.
578 2088 636 2124 VI,

70 2141 101 2170 p.
122 2137 187 2168 274
205 2132 236 2161 A
249 2131 291 2169 C,
308 2141 419 2161 verum
447 2132 540 2161 etiam
564 2143 637 2162 cum

70 2176 165 2206 semel
178 2179 308 2214 exarsit,
327 2178 452 2207 minora
468 2178 536 2215 illa,
557 2178 637 2208 fumi

71 2222 165 2252 niodo
190 2224 348 2262 continui,
365 2223 461 2255 modo
489 2225 571 2256 inter
593 2225 638 2255 fu-

689 709 777 728 mum
813 699 963 735 flammae3
997 696 1159 727 interdum
1193 708 1265 727 cum

688 744 813 774 flamma
827 745 957 784 expulsa
980 754 1064 774 saxa.
1086 745 1266 784 Utrumque

690 792 781 831 sequi
796 797 889 831 poeta
907 791 1034 831 potuit3
1054 790 1266 827 conjunxerat

690 837 784 867 etiam
797 839 903 867 omnia
918 837 1036 878 pariter
1054 838 1180 866 Lucret.
1197 837 1244 865 VI
1255 859 1264 871 ‚

691 884 806 923 690—-
818 884 904 924 693,
930 893 1025 924 quem
1054 889 1127 911 aute
1154 881 1266 912 oculos

689 929 836 960 habuisse
873 929 1001 959 videtur
1025 928 1190 969 Virgilius.
1219 946 1266 951 --

692 976 769 1014 576.
800 975 908 1017 Erigit
946 982 1095 1005 eructans
1122 975 1266 1005 ornatius

691 1033 786 1063 quam
810 1029 950 1059 eructat,
969 1020 1106 1064 ἐρεύγει,
1131 1021 1264 1058 emittit,

691 1068 844 1099 extrudit.
869 1068 1060 1109 Lz'quesacca
1081 1077 1168 1097 saxa
1186 1067 1219 1098 h.
1237 1077 1264 1097 e.

692 1116 726 1144 in
756 1116 875 1145 vitrum
901 1124 1052 1144 conversa
1063 1136 1072 1149 ‚
1102 1113 1265 1144 interdum

691 1161 841 1191 admixtis
866 1161 1020 1196 metallis;
1038 1159 1124 1190 unde
1153 1159 1266 1203 ῥύακες

690 1208 737 1237 illi
762 1209 822 1237 rivi
852 1208 944 1248 igniti
973 1206 1099 1248 (lava).
1130 1206 1265 1244 Fando,

693 1253 726 1284 ἐκ.
746 1256 851 1296 μυκῶν
864 1276 872 1290 ,
886 1260 923 1283 ut
938 1253 1113 1284 Pindarus:
1128 1253 1266 1282 volvun-

691 1307 744 1330 tur
757 1301 797 1330 ab
808 1300 871 1329 imo
880 1298 1106 1341 fimdamenta
1116 1321 1124 1336 ‚
1140 1300 1267 1329 Auctor

691 1348 794 1376 AEtnae
812 1357 888 1386 197.

739 1393 934 1431 578—582.
959 1393 1042 1423 Nota
1067 1392 1119 1421 vel
1148 1392 1266 1432 ineptis

690 1438 857 1469 hominum
871 1439 1059 1469 commentis
1069 1438 1186 1475 fabula,
1197 1448 1268 1478 quae

690 1495 731 1514 ex
746 1487 878 1525 antiquo
902 1485 1033 1525 physica
1058 1484 1267 1524 phaenomena

691 1531 902 1561 adumbrandj
927 1530 1023 1560 modo
1042 1531 1184 1570 profecta
1200 1537 1247 1560 est
1264 1553 1272 1567 ,

692 1588 766 1607 cum
789 1579 895 1619 ignem
923 1577 1166 1607 subterraneum
1194 1587 1267 1606 cum

691 1624 844 1654 fulmineo
853 1625 918 1665 igni
929 1629 1149 1664 compararent
1160 1634 1168 1660 ;
1178 1622 1266 1652 hunc

690 1671 797 1710 itaque
822 1671 930 1711 ignem
949 1670 984 1699 in
1000 1676 1144 1699 monstro
1155 1691 1164 1705 ‚
1178 1669 1267 1708 quod

691 1716 823 1746 fulmine
844 1726 1028 1756 percussum
1044 1721 1110 1744 erat
1121 1737 1128 1751 ,
1155 1715 1266 1744 vivum

692 1772 727 1790 ac
742 1769 932 1802 perpetuum
948 1761 1073 1791 durare.
1089 1763 1150 1791 Pro
1165 1762 1265 1790 Ence-

690 1807 782 1843 lado,
799 1818 895 1848 quem
910 1814 1015 1837 tamen
1032 1814 1062 1837 et
1080 1807 1134 1836 alii
1152 1816 1266 1847 agnos—

693 1860 769 1883 cunt
780 1877 787 1890 ‚
807 1860 843 1883 ut
870 1853 1018 1894 Orpheus
1047 1854 1126 1894 Arg.
1156 1859 1242 1894 1249
1253 1877 1262 1890 ‚

697 1901 798 1937 12503
818 1899 859 1929 cf.
885 1899 1011 1930 Cornel.
1029 1901 1099 1930 SeV.
1114 1901 1206 1929 AEtna
1222 1910 1263 1938 70

692 1957 760 1986 sqq.
773 1969 781 1982 ‚
799 1945 983 1986 Typhoeum
1007 1946 1058 1975 vel
1072 1945 1264 1986 Typhonem

692 1999 869 2022 memorant
894 1992 1046 2022 Pindarus
1064 1991 1085 2021 l.
1103 2001 1131 2022 c.
1151 1999 1182 2021 et
1195 1993 1263 2022 AEs-

692 2039 805 2079 chylus
816 2037 871 2079 (ut
883 2039 1046 2068 Briareum
1054 2037 1264 2069 Callimachus

691 2086 724 2114 in
738 2085 808 2114 Del.
835 2085 894 2120 143
906 2083 919 2126 )
931 2096 938 2122 3
958 2091 988 2115 at
1004 2084 1159 2125 Virgilius
1173 2084 1262 2114 huuc

691 2131 752 2161 sibi
769 2132 906 2160 servavit
932 2131 971 2161 ad
997 2131 1130 2160 similem
1154 2131 1263 2161 locum

691 2177 896 2216 subterraneo
917 2178 985 2218 igni
1012 2177 1184 2208 notabilem
1202 2177 1260 2207 inf.

692 2226 749 2263 lx,
770 2235 785 2263 7
797 2223 846 2261 16,
858 2223 954 2265 idque
973 2225 1104 2256 Homeri
1117 2223 1263 2264 exemplo
