1402 2460
589 68 711 99 LIBER
736 70 778 98 11.

1227 72 1287 99 1623

88 130 285 178 Pergama3
305 136 360 164 tot
377 127 570 177 quondam
589 127 740 177 populis
758 127 945 177 terrisque
961 127 1168 178 superbum

88 192 340 239 Regnatorem
360 187 470 225 Asiae.
492 190 597 224 Jacet
613 187 744 237 ingens
763 187 875 224 litore
898 197 1072 235 truncus,

88 248 345 298 Avolsumque
365 247 533 284 humeris
549 256 682 297 caput,
705 256 742 284 et
760 248 840 284 sine
861 250 1013 286 nomine
1034 262 1184 300 corpus.

138 311 190 345 At
204 321 263 344 me
280 316 359 344 tum
378 308 543 358 primum
559 320 680 345 saevus
701 308 951 346 circumstetit
972 310 1125 347 horror.

88 367 300 418 Obstupui;
319 367 436 405 subiit
452 367 530 404 cari
547 368 729 419 genitoris
749 369 873 419 imago
887 398 896 414 ‚
1244 379 1291 403 560

88 430 140 466 Ut
155 441 282 479 regem
305 441 515 479 aequaevum
531 429 676 466 crudeli
696 430 852 467 volnere
872 431 952 468 vidi

86 490 213 527 Vitam
231 489 491 537 exhalantem3
511 490 628 528 subiit
647 491 796 528 deserta
815 494 975 538 Creiisa,

87 553 133 588 Et
150 550 299 601 direpta
321 551 474 596 domus,
497 559 533 587 et
554 551 663 601 parvi
684 564 792 589 casus
812 553 899 590 Iuli.

85 610 282 660 Respici0‚
302 620 353 657 et,
373 625 457 663 quse
476 611 523 648 sit
543 625 602 648 me
619 612 763 648 circum
782 612 906 661 copia,
922 613 1053 650 lustro.

87 673 302 708 Deseruere
320 683 449 709 omnes
470 671 624 716 defessi,
642 681 678 709 et
695 684 859 721 corpora
880 672 978 710 saltu
1245 683 1292 707 565

88 730 148 767 Ad
166 740 306 768 terram
321 732 457 769 misere
469 760 479 779 ,
501 740 566 768 aut
585 731 738 781 ignibus
756 744 855 781 aegra
874 730 1025 768 dedere.

87 908 145 940 dit.
168 910 238 940 Nisi
263 909 345 941 forte
371 909 458 940 fuere
485 910 582 941 verba
608 910 662 941 illa

86 957 192 987 Ennio
204 957 244 986 ab
266 957 333 987 aliis
349 957 467 987 tributa
484 959 580 988 Tusc.
596 959 660 998 Qu.

88 1004 103 1032 1
114 1025 123 1040 ,
142 1008 184 1038 44
197 1002 312 1044 (Heu)
330 1003 494 1044 Reliquias
516 1003 663 1034 semiassi

88 1049 172 1090 regis
201 1049 375 1080 denudatis
415 1050 533 1080 ossibus
567 1052 662 1080 Tetra

88 1096 184 1137 (nam
199 1097 243 1125 sic
257 1107 330 1126 cum
354 1097 461 1127 Davis.
477 1096 661 1137 legendum)

88 1141 179 1172 sanie
197 1142 354 1172 delibutas
363 1141 456 1183 soede
469 1142 661 1173 divexarier.

87 1187 149 1220 Sed
174 1189 383 1218 imitationem
418 1195 571 1219 notarunt
601 1190 664 1219 viri

89 1234 177 1265 docti
185 1245 225 1265 ex
233 1235 346 1266 Manil.
358 1236 405 1265 IV
414 1259 422 1272 ,
437 1236 479 1271 64
491 1258 500 1272 ,
512 1235 555 1265 65
569 1236 661 1265 Pria-

89 1291 239 1321 mumque
253 1281 287 1311 in
303 1281 408 1312 littore
418 1289 564 1311 mancum
576 1304 584 1319 ‚
604 1282 664 1312 Cui

89 1338 148 1358 nec
174 1330 203 1358 T
201 1328 273 1368 roja
291 1339 385 1370 rogus
393 1339 406 1364 ;
419 1335 451 1357 et
479 1330 596 1359 Seneca
623 1339 664 1358 ex

87 1374 150 1404 hoc
165 1374 276 1404 eodem
288 1374 361 1405 loeo
369 1374 487 1405 Troad.
503 1385 515 1404 1
524 1380 565 1409 40
577 1385 666 1415 mag-

88 1431 193 1462 noque
206 1420 278 1451 Jovi
295 1420 435 1450 victima
451 1431 550 1450 coesus
567 1420 664 1462 Sigea

83 1467 204 1508 premis
227 1466 324 1497 litora
349 1474 486 1497 truncus.
516 1467 603 1496 Litus
625 1467 664 1497 de

88 1515 200 1553 ija,
218 1520 369 1554 tanquam
394 1512 517 1542 literali
534 1513 660 1555 plaga,

89 1562 250 1601 accipere,
267 1560 384 1590 durum
399 1559 547 1590 arbitror.
565 1559 664 1600 Quod

89 1608 218 1638 Servius
236 1606 322 1637 addit
333 1629 342 1644 ,
373 1607 517 1647 Pompeii
536 1613 663 1647 tangere

89 1654 254 1684 historiam
262 1654 434 1695 Virgilium
441 1676 450 1690 ‚
460 1653 522 1684 hoc
531 1663 569 1683 eo
575 1652 664 1682 dum-

90 1707 178 1731 taxat
197 1700 354 1740 pertinet,
368 1699 455 1740 quod
478 1699 574 1738 hujus
599 1699 665 1729 loci

91 1748 192 1786 major
221 1757 256 1776 ac
276 1747 404 1776 suavior
426 1745 539 1786 aliquis
554 1756 665 1777 sensus

92 1805 157 1825 esse
171 1793 284 1824 debuit
299 1793 452 1823 Romanis
462 1814 470 1829 ,
495 1792 550 1832 qui
571 1794 665 1821 Pom-

91 1842 155 1883 peii
169 1840 270 1871 simile
295 1840 395 1869 fatum
409 1839 561 1868 memoria
578 1845 666 1868 tene-

91 1895 173 1919 rent.
200 1887 277 1917 Sine
304 1885 436 1916 nomine
453 1895 582 1924 corpus,
600 1885 666 1916 sine

91 1941 185 1973 nota,
203 1944 269 1975 quo
296 1932 423 1974 agtmsci
444 1938 568 1972 posset,
593 1942 668 1973 qua-

92 1989 186 2012 tenus
213 1981 281 2011 sine
303 1979 405 2020 capite
429 1985 460 2008 et
475 1978 567 2008 vultu
589 1986 665 2010 erat.

88 2025 139 2052 '—
149 2028 166 2058 5
172 2028 225 2067 57.
242 2027 385 2068 AEquore
399 2036 458 2066 pro
479 2025 572 2055 litore
585 2027 667 2056 Dor-

92 2075 180 2113 vill„
203 2075 406 2105 Burmannus
443 2073 527 2110 conj.
555 2071 665 2102 limine

93 2131 138 2152 sc.
166 2122 269 2163 regiae.
287 2122 369 2163 ¹Non
395 2126 442 2150 est
466 2119 666 2150 sollicitanda

94 2169 179 2198 bona
207 2168 320 2204 lectio,
353 2176 448 2206 quam
474 2164 667 2197 confirmant

93 2215 245 2246 Manilius
262 2221 294 2244 et
311 2216 438 2246 Seneca.

767 911 831 951 559
852 922 920 952 sqq.
937 912 998 941 Hic
1015 917 1113 942 artem
1126 918 1229 952 poetae
1244 921 1291 953 ag-

716 968 824 988 nosce.
846 959 961 988 Priami
972 968 1045 988 casn
1056 964 1228 998 conspecto
1240 968 1291 998 pa-

716 1005 772 1033 tris
791 1004 942 1034 Anchisae
964 1005 1191 1035 reminiscitur.
1210 1005 1290 1044 Quis

717 1052 823 1081 AEneae
857 1052 891 1080 in
917 1058 1058 1091 patrem,
1095 1052 1292 1091 omninoque

717 1098 753 1126 in
769 1107 843 1127 suos
854 1119 862 1133 ,
879 1098 1027 1137 pietatem
1044 1108 1132 1128 nnnc
1154 1107 1228 1127 eum
1246 1108 1292 1127 re-

717 1153 790 1173 rum
813 1143 973 1174 cardinem
988 1145 1056 1174 fore
1069 1143 1271 1185 exspectabat
1281 1166 1290 1181 ‚

716 1201 782 1230 quo
809 1191 948 1221 narratio
985 1190 1024 1220 ad
1053 1190 1087 1221 id
1118 1190 1208 1230 quod
1243 1201 1292 1220 re-

716 1247 788 1266 rum
799 1244 894 1278 caput
908 1243 982 1273 erat,
995 1240 1100 1268 AEneae
1107 1237 1291 1272 discessum,

716 1283 979 1313 converteretur?
996 1285 1035 1313 Et
1054 1294 1150 1324 quam
1169 1293 1292 1313 accom-

716 1329 842 1360 modata
863 1330 932 1359 haee
953 1332 1059 1360 AEneae
1084 1331 1243 1370 personae!
1263 1336 1294 1360 et

717 1386 812 1415 quam
837 1383 907 1417 apta
927 1375 965 1405 ad
983 1375 1085 1405 studia
1103 1383 1212 1407 nostra
1227 1377 1294 1406 am'-

718 1432 851 1463 mosque
875 1423 910 1452 iu
941 1423 1047 1452 virum
1074 1429 1139 1452 tam
1168 1423 1293 1452 eximiae

717 1469 841 1508 pietatis
875 1468 1125 1499 convertendos!
1154 1486 1200 1492 ·--
1215 1469 1292 1501 563.

718 1514 854 1554 Direpta
882 1515 1012 1551 domus,
1041 1517 1076 1546 in
1105 1526 1200 1556 prosa
1219 1528 1226 1549 :
1244 1516 1292 1546 di-

717 1562 821 1601 reptio
845 1561 958 1591 domus
979 1572 1058 1592 meae
1081 1564 1188 1593 am‘mo
1214 1564 1293 1602 obji-

718 1608 879 1644 ciebatur,
898 1609 988 1648 quasi
1001 1609 1064 1647 jam
1082 1609 1176 1641 facta.
1195 1612 1294 1642 Casus

717 1654 781 1684 Iuli
793 1665 804 1684 .·
818 1654 896 1695 quid
920 1655 992 1685 Iulo
1018 1655 1159 1686 accidere
1183 1660 1293 1698 possit.

717 1702 799 1731 Mox
815 1702 880 1738 564
896 1701 989 1741 copia
998 1702 1091 1732 docte
1100 1713 1160 1744 pro
1175 1706 1293 1744 copiis3

717 1753 834 1776 notant
849 1748 1066 1779 Grammatici.
1100 1750 1185 1780 conf.
1213 1752 1293 1781 Bur-

718 1802 864 1823 mannus.

767 1839 844 1869 565.
861 1842 990 1870 AEneam
1010 1851 1026 1870 e
1043 1842 1124 1871 turri
1148 1853 1294 1886 pugnan-

721 1891 785 1915 tem
812 1886 991 1916 meminisse
1015 1897 1142 1918 necesse
1163 1897 1229 1928 est,
1244 1901 1294 1922 su-

718 1941 775 1971 pra
784 1943 865 1963 vers.
880 1932 961 1970 458,
977 1934 1044 1969 460
1059 1944 1127 1975 sqq.
1138 1937 1294 1969 Incendio

717 1978 782 2016 jam
813 1989 871 2019 per
895 1981 1014 2020 regiam
1042 1982 1158 2012 Priami
1171 1993 1292 2024 sparso,

719 2024 870 2055 desiliunt
885 2025 937 2055 alii
950 2027 986 2058 in
999 2034 1114 2060 terram
1124 2053 1133 2068 ‚
1146 2031 1200 2060 alii
1215 2031 1292 2062 dum

718 2073 800 2102 vires
824 2072 862 2102 ad
886 2072 991 2114 fugam
1010 2076 1194 2117 capiendam
1215 2077 1292 2108 defi-

720 2120 810 2149 ciunt
820 2141 828 2155 ‚
837 2120 903 2161 igni
917 2118 1139 2156 absumuntur.
1153 2125 1294 2165 Corpora

721 2176 828 2207 oegra,
848 2167 922 2207 quia
951 2167 1068 2210 defessi
1096 2172 1290 2212 pugnando,

721 2212 867 2245 exhausti
881 2214 1014 2246 viribus.
