1433 2460
589 87 710 118 LIBER
736 90 759 118 ι.
1236 93 1272 127 :37

130 166 142 179 «ἰ
163 149 195 183 O
214 146 302 191 dea,
323 145 354 182 si
375 144 497 194 prima
515 154 687 193 repetens
710 145 756 181 ab
777 147 924 195 origine
943 160 1120 199 pergam,

76 210 121 244 Et
140 216 246 243 vacet
269 206 410 243 annalis
424 214 642 242 nostrorum
659 206 790 244 audire
807 207 1001 256 laborum,

75 269 173 303 Ante
190 265 289 303 diem
310 266 436 303 clauso
453 274 654 315 componet
671 256 1004 318 vespm-*Olympa

75 328 153 363 Nos
171 327 283 376 Troja
301 327 473 377 antiqua,
493 327 525 364 si
540 336 683 365 vestras
703 328 800 365 sorte
821 341 889 378 per
908 330 1009 366 auris

75 388 198 438 Trojae
216 400 353 425 nomen
369 388 431 435 iit,
452 388 601 425 diversa
618 402 686 439 per
703 402 857 440 aequora
875 399 1001 427 vectos

76 451 188 485 Forte
203 461 270 485 sna
290 448 443 498 Libycis
463 458 664 499 tempestas
682 450 828 500 adpulit
845 452 932 487 oris.

77 509 168 545 Sum
185 509 270 558 pius
287 510 441 557 AEueas,
460 520 588 561 raptos
610 511 675 560 qui
696 524 742 547 ex
762 511 870 548 hoste
887 514 1042 548 Penates

79 649 121 678 bi.
141 646 172 684 ἐξ
187 646 318 677 ὑπάτοιο
333 647 455 684 στήθεις
472 647 651 692 ἀμπνεύσας

80 695 232 735 Apollon.
250 696 299 730 11,
316 705 392 732 207.

128 743 248 778 372-
258 742 333 779 374.
352 742 384 771 Si
397 751 454 781 ego
470 741 531 771 fata
546 748 652 771 nostra

80 787 191 818 ordine
209 797 386 827 exponere,
400 794 431 816 et
444 794 480 816 tu
495 798 529 817 ea
542 787 652 817 audire

80 834 174 863 velles
185 857 194 871 ,
208 833 273 862 dies
288 843 346 862 nos
362 832 522 864 deficeret.
547 835 651 873 Quam

79 887 188 910 ornate
202 879 340 921 singula!
362 881 521 910 Homerus
547 881 653 910 minus

79 927 184 957 sobrie
193 926 254 958 Od.
269 937 309 970 γ,
330 937 342 955 1
353 927 390 956 13
407 937 474 967 sqq.
492 934 523 956 et
538 924 572 963 ξ,
589 928 651 967 196

79 984 182 1003 annos
207 984 267 1014 pro
291 972 344 1002 die
372 975 475 1014 ponit.
496 975 653 1014 Repetens

72 1031 211 1061 pergam
221 1043 230 1057 ,
248 1030 308 1060 pro
321 1043 328 1057 ‚
342 1021 368 1049 si
379 1027 528 1060 repetam.
546 1022 583 1050 In
597 1032 655 1050 αη-

82 1067 205 1096 nalium
236 1067 366 1096 nomine
394 1067 558 1108 argutatur
589 1068 656 1097 Ma-

82 1113 170 1143 crob.
187 1115 234 1142 111
249 1115 311 1143 Sat.
331 1123 361 1147 2,
376 1121 407 1142 et
419 1120 491 1153 post
506 1124 578 1142 eum
593 1114 655 1144 alii.

83 1161 219 1189 Gravius
251 1167 297 1189 est
325 1159 518 1189 vocabulum
560 1171 656 1200 quam

85 1207 223 1236 narratio
235 1229 243 1243 ‚
257 1205 388 1236 historia
399 1228 407 1242 ‚
432 1206 573 1246 adeoque
595 1217 658 1236 ma-

84 1253 132 1293 gis
160 1253 296 1293 epicum.
338 1252 457 1282 Coelum
499 1252 659 1282 clauditur

84 1299 180 1329 modo
204 1299 346 1328 nubibus
370 1298 533 1336 obductis,
559 1298 656 1330 modo

84 1345 222 1376 tenebris
244 1347 347 1375 noctis
369 1346 530 1385 praetentis
545 1368 553 1382 ,
572 1353 609 1375 ut
623 1346 655 1378 h.

84 1392 106 1422 l.
123 1393 189 1423 Nec
213 1391 278 1421 huc
301 1391 452 1421 trahenda
462 1399 560 1432 porta
586 1393 661 1423 coeli

85 1439 202 1479 Georg.
214 1439 262 1467 III
272 1460 281 1475 ‚
300 1439 376 1469 261.
397 1441 519 1479 Vesper
533 1449 658 1480 compo-

85 1492 140 1515 net
157 1485 241 1514 diem
263 1486 352 1525 quasi
370 1492 533 1515 mortuum
557 1492 588 1515 et
611 1497 658 1516 se-

83 1532 211 1572 pultum
221 1554 230 1569 ‚
246 1532 351 1572 inquit
361 1531 460 1563 Cerda
478 1538 550 1572 post
562 1526 658 1563 Scali-

83 1588 195 1619 gerum
209 1585 239 1607 et
253 1578 459 1616 Turnebum3
474 1592 490 1603 α
500 1588 563 1618 qua
579 1579 658 1608 ima—

84 1625 156 1665 gine
173 1630 275 1664 poetae
290 1631 419 1654 noctem
435 1632 658 1665 repraesentare

86 1680 152 1700 non
180 1670 350 1710 refugiunt.
362 1685 377 1696 »ι
390 1671 514 1700 Vellem
535 1670 658 1701 idoneis

85 1716 237 1756 exemplis
247 1715 310 1746 hoc
326 1715 502 1746 firmassent
511 1718 572 1746 viri
581 1717 656 1747 doc-

85 1763 120 1792 ti.
136 1763 210 1792 Dies
225 1761 309 1791 obire
319 1769 349 1791 et
363 1761 506 1791 occidere
518 1763 580 1792 alio
593 1774 659 1793 mo-

85 1808 127 1838 do
143 1808 277 1838 dicitur:
293 1809 427 1848 petitum
443 1818 458 1837 a
472 1808 548 1838 sole.
560 1811 658 1839 Recte

86 1856 286 1885 Burmannus
304 1855 448 1891 monuit,
470 1864 659 1894 componere

84 1901 188 1941 simpl.
219 1911 284 1930 esse
299 1900 411 1942 finire.
438 1901 489 1931 Sic
513 1907 544 1929 et
568 1903 655 1931 Serv.

85 1948 125 1977 ad
148 1949 213 1978 XII
307 1957 345 1987 93
365 1946 419 1976 sed
445 1948 599 1987 quaeritur
617 1946 655 1977 de

84 2005 191 2034 oaussa
207 2003 303 2023 vocis.
319 1995 423 2023 Dueta
444 1993 511 2023 scil.
534 1994 625 2023 notio
640 2004 657 2024 a

83 2041 273 2081 cogitatione
292 2040 367 2070 solis
387 2051 412 2070 s.
431 2039 494 2069 diei
512 2039 613 2080 quieti
624 2051 657 2069 se

84 2086 246 2117 reddentis
264 2094 296 2116 et
320 2088 540 2127 componentis
563 2097 595 2116 se
618 2086 657 2116 ad

84 2144 230 2164 somnum
242 2157 250 2171 ‚
266 2133 343 2163 dum
358 2133 486 2164 occidit.
503 2134 602 2163 Ducit
617 2144 655 2163 eo

84 2180 174 2221 quod
186 2180 345 2219 adjectum
359 2187 406 2209 est
422 2180 532 2209 clauso
549 2180 656 2219 Olym-

79 2237 125 2267 po
142 2238 153 2257 .·
170 2228 216 2257 uti
239 2228 310 2268 quis
334 2226 440 2257 clauso
464 2226 602 2256 thalamo
623 2237 656 2257 se

705 651 805 690 quieti
830 649 939 686 tradit,
957 660 1070 679 somno
1094 651 1279 690 componit:

706 696 745 725 cf.
761 706 831 735 sup.
847 696 885 725 ad
903 701 980 735 249.
1001 696 1133 736 Alioqui
1147 699 1280 727 omniuo

705 741 859 770 dicuntur
880 741 1047 781 componi,
1069 752 1141 782 quae
1157 743 1282 773 ordina-

705 794 734 816 ta
752 794 783 816 et
806 787 949 817 absoluta
972 788 1011 817 de
1034 798 1131 818 manu
1152 788 1282 829 deponi-

705 844 786 863 mus.
803 834 913 874 Neque
926 835 1026 864 simile
1040 842 1086 864 est
1098 835 1195 865 illud:
1210 847 1282 865 con-

706 880 780 909 dere
795 879 892 916 diem,
909 887 945 910 ut
957 881 1021 911 Ecl.
1034 883 1092 917 IX,
1114 882 1154 911 52
1169 882 1281 912 conde-

706 937 740 956 re
758 926 858 963 soles,
872 933 903 956 et
923 927 1005 956 illud
1029 929 1154 958 Horatii
1169 939 1176 959 :
1203 929 1283 959 Con-

707 972 755 1001 dit
762 972 894 1014 quisque
907 973 990 1003 diem
1007 973 1138 1004 collibus
1152 975 1185 1004 in
1199 975 1263 1005 suis
1275 999 1284 1013 ‚

708 1020 766 1056 IV,
785 1020 820 1057 5,
837 1030 890 1060 29.
905 1021 987 1050 Nam
1000 1021 1033 1050 in
1046 1020 1096 1050 his
1111 1022 1283 1059 occultare,

709 1072 812 1106 tegere
823 1073 878 1103 est,
888 1066 1030 1107 adeoque
1045 1069 1170 1109 exigere
1182 1068 1264 1099 diem
1275 1093 1282 1101 .

709 1112 812 1142 donec
822 1113 869 1142 sol
883 1112 1045 1143 occiderit.

759 1160 796 1196 37
805 1159 824 1188 5
834 1177 879 1182 —-
892 1161 930 1198 37
939 1170 968 1198 7.
1006 1159 1102 1200 Troja
1129 1161 1264 1202 antiqua
1276 1185 1284 1199 ‚

709 1206 873 1246 epitheton
895 1217 968 1236 cum
989 1205 1109 1235 dilectu
1124 1209 1283 1247 positum3

710 1258 798 1282 tanto
813 1253 925 1283 clarior
942 1252 1030 1282 urbis
1051 1253 1131 1282 fama
1154 1265 1219 1283 esse
1234 1254 1285 1284 de-

710 1298 783 1336 bet,
811 1309 876 1339 quo
901 1299 1062 1339 antiquior
1089 1299 1143 1328 illa
1172 1307 1230 1331 est.
1251 1301 1287 1330 Si

705 1356 768 1386 per
790 1356 882 1375 aures
903 1345 958 1382 iit,
981 1346 1114 1375 variavit
1128 1346 1258 1388 vngare
1278 1358 1285 1378 2

711 1393 737 1421 si
755 1393 901 1432 pervenit
916 1391 955 1420 ad
977 1402 1068 1421 aures
1083 1399 1211 1423 vestras.
1227 1394 1285 1423 Di-

711 1448 800 1468 versa
827 1448 959 1478 oequora
976 1461 984 1475 ‚
1014 1438 1118 1478 simpl.
1146 1439 1207 1468 alia
1235 1442 1286 1469 via

712 1495 807 1524 quam
823 1495 884 1524 qua
898 1486 958 1514 iter
966 1484 1175 1524 pa1·abamus;
1189 1496 1230 1515 ex
1247 1487 1286 1516 il-

711 1531 768 1568 lis,
785 1527 907 1561 Οἴκαὸε
930 1529 1062 1573 ἱέμενοι,
1079 1528 1174 1564 ἄλλ-ην
1192 1529 1263 1562 ὁδὸν
1277 1556 1285 1569 ,

712 1575 796 1607 ἄλλα.
818 1576 950 1608 κέλευθα.
971 1570 1119 1620 ἤλθομεν.
1140 1579 1285 1619 Tempes-

712 1631 763 1653 tas
782 1624 921 1664 appulit,
943 1620 1033 1666 δεῦρο
1049 1623 1169 1654 πέλασε
1188 1628 1284 1668 κῦμα.

713 1672 802 1699 Sorte
815 1681 872 1699 sua
882 1693 890 1708 ‚
906 1680 979 1700 casu
990 1693 999 1706 ‚
1014 1671 1142 1710 qualem
1157 1678 1287 1712 tempes-

712 1723 758 1746 tas
780 1716 891 1746 afferre
917 1716 1006 1746 solet.
1029 1717 1153 1746 Habuit
1166 1720 1200 1747 in
1216 1718 1266 1747 his
1278 1741 1286 1751 ,

712 1773 807 1802 quam
828 1769 1015 1802 sequeretur
1029 1785 1037 1798 ‚
1054 1769 1148 1802 poeta
1172 1765 1287 1793 oratio-

711 1818 786 1837 nem
801 1808 924 1848 Ulyssis
936 1808 976 1837 ad
984 1808 1216 1849 Polyphemum
1224 1810 1285 1841 Od.

714 1864 739 1889 ι,
768 1864 779 1883 1
789 1854 830 1893 59
844 1864 912 1893 sqq.
923 1871 971 1876 —-
983 1855 1021 1891 37
1030 1865 1060 1892 7.
1072 1856 1163 1885 Forte
1181 1857 1283 1897 Bigot.

713 1910 730 1929 a
745 1910 786 1930 m.
798 1911 847 1940 pr.
862 1907 893 1930 et
907 1900 946 1930 al.
958 1902 1051 1930 Forte
1060 1900 1150 1931 mala
1162 1902 1284 1932 Zulich.

710 1957 770 1987 pro
797 1957 863 1978 var.
893 1947 965 1977 lect.
995 1947 1150 1987 Applicat
1179 1950 1284 1989 Sprot.

710 1992 798 2033 quod
817 1994 925 2024 Burm.
952 1993 1099 2033 praeferre
1119 1995 1217 2025 malit.
1246 1997 1285 2025 E-

709 2039 840 2079 quidem
861 2041 927 2070 vim
952 2050 987 2069 ac
1006 2041 1157 2071 virtutem
1174 2042 1285 2072 lectio-

711 2087 760 2116 nis
770 2097 836 2116 non
849 2087 951 2126 capiot

759 2134 836 2171 378.
861 2134 936 2162 Sum
952 2131 1028 2173 pius
1049 2134 1181 2164 AEneas.
1207 2135 1284 2164 Pius

710 2186 755 2209 est
769 2180 932 2219 religiosus
940 2202 948 2216 ,
959 2180 1111 2219 quoniam
1125 2182 1232 2210 omnia
1244 2181 1284 2210 ad

709 2225 842 2256 deorum
865 2226 992 2256 oracula
1009 2234 1205 2267 exsequutus
1228 2236 1284 2257 est.
