1433 2460
132 30 138 48 ί

174 75 235 104 208

671 73 867 102 AENEIDoS

172 133 357 179 AEquonu
378 128 537 178 dispersi
553 129 739 178 jactamur
759 130 908 179 gurgite
929 138 1042 165 vasto.

170 190 368 226 Involvere
385 188 485 225 diem
505 187 641 236 nimbi,
662 199 697 226 et
715 202 788 226 uox
811 189 966 226 humida
985 189 1121 226 coelum

170 250 353 296 Abstulit3
371 248 598 298 ingeminant
619 249 791 299 abruptis
809 249 975 287 nubibus
994 250 1107 299 ignes.

170 309 393 346 Excutimur
408 321 540 355 cursu,
557 318 594 345 et
611 309 718 346 caecis
738 322 907 346 erramus
929 310 965 346 in
988 309 1107 346 undis.

1325 325 1372 341 200

169 371 255 417 Ipse
271 367 369 404 diem
385 377 611 418 noctemque
627 377 738 418 negat
755 368 968 405 discernere
985 369 1097 414 coelo,

171 431 248 465 Nec
266 428 478 466 meminisse
497 430 568 466 viae
589 429 711 466 media
732 429 929 466 Palinurus
950 429 988 465 in
1010 429 1119 466 unda.

169 488 254 525 Tris
270 488 365 524 adeo
381 488 544 526 incertos
565 502 662 526 caeca
683 488 841 538 caligine
858 488 953 525 soles

172 550 348 585 Erramus
372 549 505 599 pelago
513 564 523 596 ;
547 549 702 587 totidem
721 549 801 586 sine
817 548 940 585 sidere
960 556 1100 585 noctes.

172 611 318 654 Quarto
340 618 442 646 terra
461 609 522 646 die
543 610 708 658 primum
728 622 767 646 se
786 608 967 646 adtollere
985 609 1136 646 tandem

171 762 243 793 fieri
256 763 288 792 id
311 774 376 793 non
392 773 482 803 posse
494 785 502 800 ‚
519 762 580 792 nisi
595 762 628 791 in
645 763 747 792 notio-

171 809 266 839 nibus
279 821 333 839 seu
347 810 498 839 orationis
512 808 655 849 partibus
670 810 746 837 emi-

172 856 324 885 uentibus
348 857 430 885 inter
456 862 569 885 cetera.
591 854 750 884 Inhorruic

172 901 263 931 unda
281 902 426 931 tenebris.
446 903 534 931 Mare
549 900 678 938 horret,
693 911 747 930 ex-

172 955 351 988 asperatur,
368 948 521 978 ssuctibus
539 948 654 977 motis:
673 957 748 987 qua-

172 999 265 1023 tenus
291 995 314 1023 ii
345 995 428 1035 nigri
451 1001 525 1024 sunt
536 1017 544 1031 ‚
569 993 646 1022 dicti
672 1001 749 1023 sunt

172 1039 320 1070 tenebrae.
335 1042 565 1080 Tempestatem
579 1046 684 1069 autem
701 1049 749 1069 or-

173 1091 235 1114 tam
257 1092 338 1125 puto
362 1096 435 1115 cum
457 1085 545 1115 flexu
562 1086 644 1115 circa
662 1085 750 1115 Pelo-

171 1132 308 1170 ponnesi
334 1132 575 1172 pr01n0ntoria;
601 1131 749 1171 exemplo

171 1178 304 1207 Homeri
319 1179 354 1207 in
374 1178 486 1218 Ulysse
504 1177 618 1219 Odyss.
640 1188 668 1215 ι,
687 1178 747 1214 80;

171 1233 245 1253 nam
257 1223 303 1253 ibi
319 1234 404 1254 mare
420 1223 598 1261 undosum,
614 1230 708 1254 aestus
718 1230 749 1254 et

170 1270 328 1309 procella,
347 1281 387 1299 ex
401 1272 505 1311 AEgaeo
522 1271 650 1300 Ionium
663 1280 748 1300 mare

170 1316 354 1355 petentibus
383 1317 566 1347 etiamnunc
595 1316 748 1347 sollicitu-

172 1361 280 1392 dinem
295 1363 427 1393 faciunt.
448 1363 606 1393 Caeruleus
615 1386 625 1399 ,
638 1363 727 1404 niger
737 1386 746 1401 ‚

171 1418 267 1448 supra
293 1416 391 1449 capnt
415 1409 539 1438 adstitit
570 1409 684 1445 imber,
707 1420 747 1439 ex

170 1455 267 1485 Hom.
285 1455 399 1496 Odyss.
421 1467 460 1497 μ,
482 1455 548 1492 405
564 1466 610 1496 sq.
627 1456 703 1485 item
719 1454 746 1493 ξ,

174 1500 236 1530 3οῙ
276 1512 345 1542 sqq.
379 1501 605 1542 explicandum
616 1524 624 1539 ‚
660 1503 747 1533 unde

171 1553 258 1576 totus
275 1547 364 1577 loeus
387 1547 441 1576 hic
462 1554 493 1577 et
510 1548 568 1577 inf.
583 1550 624 1585 V,
643 1548 660 1577 8
677 1559 745 1588 sqq.

171 1602 357 1632 expressus,
390 1591 433 1626 Δῆ
460 1591 531 1623 τότε
548 1592 678 1626 κυανέην
701 1605 747 1624 νε-

171 1637 264 1678 φέλην
285 1637 392 1672 ἔστησε
416 1637 551 1682 Κρονίων
566 1638 646 1674 Νῃὶς
669 1638 746 1683 ὑπὲρ

171 1687 321 1725 κεφαλῆς.
338 1686 441 1715 Etiam
454 1686 528 1715 alias
542 1688 614 1716 κατ’
631 1683 727 1728 ἄκρης
738 1710 746 1724 ,

171 1741 192 1759 a
209 1731 341 1767 vertice,
362 1730 501 1761 ἐνέπεσεν
523 1729 633 1769 ἄελλα,
650 1732 699 1762 vel
713 1732 747 1763 τὸ

171 1778 267 1818 κῦμα.
286 1788 317 1808 v,
346 1788 416 1817 sup.
440 1777 479 1807 ad
495 1779 525 1815 Ι,
549 1785 623 1814 ιῐ4.
644 1779 749 1809 Profe-

171 1824 215 1852 cit
232 1834 360 1864 quoque
375 1834 415 1853 ex
431 1825 572 1854 Homero
594 1824 747 1865 Apollou.

171 1870 232 1906 IV,
254 1871 352 1910 1694.
369 1870 450 1900 Mox
469 1881 590 1912 magna
604 1881 744 1911 (equora,

169 1915 287 1954 grande
303 1926 374 1946 voc.
389 1916 421 1946 h.
446 1927 473 1946 e.
488 1919 595 1958 magni
617 1917 745 1948 fluctus.

170 1962 209 1990 Et
228 1972 347 2003 gurges
369 1961 408 1992 de
427 1964 506 1992 mari
521 1973 591 2004 sup.
611 1965 644 2001 Ι,
671 1964 745 1994 118.

221 2009 283 2047 198
303 2026 350 2031 —
370 2019 447 2039 202.
478 2010 638 2040 Involvere
661 2009 748 2040 diem

169 2050 278 2083 nimbi.
294 2055 445 2086 Procellae
459 2055 642 2096 adspectum
656 2056 745 2099 coeli}‚

168 2098 335 2139 lucemque
368 2113 403 2131 ac
437 2102 555 2139 solem,
591 2104 743 2144 eripiunt.

170 2145 248 2174 Nox
260 2145 390 2176 humida
401 2171 409 2184 ,
426 2149 564 2179 tenebrae
574 2159 614 2179 ex
624 2150 742 2190 pluvia.

169 2190 208 2221 cf.
225 2201 295 2233 sup.
312 2194 346 2230 Ι,
371 2194 410 2224 88
425 2217 432 2231 ,
452 2196 505 2235 89.
532 2195 680 2226 Fulmina
693 2195 743 2226 in-

1325 619 1373 643 2⁰5

797 762 968 804 geminam
1001 774 1033 792 se
1060 762 1201 802 abruptis
1232 762 1371 793 nubibus.

801 809 946 839 Fulmiue
963 809 1077 845 nubes,
1095 809 1207 839 coelum
1218 831 1228 845 ‚
1248 808 1370 849 rumpi,

801 854 965 895 abmmpi,
984 855 1226 898 scindi‚findi,
1243 854 1372 885 dicitur.

800 901 888 931 Alias
917 902 1022 942 ipsum
1036 901 1166 943 fitlmen
1189 901 1306 942 rumpit
1329 911 1373 931 sc.

800 958 850 985 se,
866 949 1015 988 erumpit.
1033 950 1109 978 Haec
1124 947 1220 978 semel
1241 947 1375 978 tenenda

800 994 835 1023 in
860 995 972 1033 poetis.
999 993 1039 1024 cf.
1065 1004 1135 1034 sup.
1163 995 1279 1035 Georg.
1309 995 1373 1030 111,

803 1040 881 1078 259.
906 1039 1006 1069 Caecis
1023 1039 1056 1069 in
1078 1039 1187 1076 undis,
1211 1040 1321 1081 ignoto
1341 1041 1375 1068 in

802 1086 881 1114 mari
894 1107 902 1122 ‚
920 1085 1052 1115 incerto.
1071 1086 1151 1116 Nam
1167 1096 1253 1115 caeca
1263 1085 1373 1115 dicun-

802 1137 856 1160 tur
882 1141 917 1160 ea
938 1141 1067 1172 quoque
1101 1141 1173 1172 quae
1207 1133 1295 1161 cerni
1318 1142 1372 1161 ne-

801 1183 936 1217 queunt.
961 1177 1160 1214 flleminisse,
1181 1188 1241 1218 pro
1262 1187 1372 1208 nosce-

801 1233 836 1253 re
846 1246 854 1261 ,
870 1230 976 1254 tenere
989 1234 1119 1254 cursum
1131 1225 1285 1255 navis.—-
1300 1234 1373 1264 199.

801 1269 941 1310 Abrupei
953 1281 985 1300 11.
1011 1269 1103 1312 ignes
1123 1271 1241 1301 Moret.
1262 1280 1324 1301 sec.
1345 1277 1376 1302 et

800 1314 846 1346 sic
862 1316 1000 1357 Giphan.
1016 1315 1093 1358 legit
1109 1315 1288 1347 secundum
1311 1317 1374 1347 Lu-

801 1369 878 1393 cret.
895 1364 944 1401 II,
964 1368 1006 1398 4ο
1033 1370 1065 1393 et
1091 1363 1235 1394 Lambin.
1248 1386 1256 1401 ‚
1273 1363 1328 1394 sed
1343 1371 1375 1394 et

800 1409 936 1439 alterum
958 1409 1038 1446 hoc,
1061 1410 1150 1449 quod
1174 1419 1283 1439 omnes
1301 1409 1375 1440 libri

801 1464 875 1485 cum
887 1455 996 1496 fragm.
1013 1456 1116 1486 Vatic.
1133 1462 1280 1493 tuentur,
1295 1456 1376 1486 bene

801 1500 866 1531 dici
885 1502 983 1539 solet,
1003 1502 1096 1531 etiam
1120 1508 1238 1542 poetae,
1259 1501 1374 1539 nubes,

801 1548 914 1576 coelztm
925 1569 933 1584 ‚
944 1555 1067 1587 ruptum
1078 1570 1087 1584 ‚
1102 1548 1268 1588 abruptum
1279 1571 1287 1584 ,
1306 1548 1376 1578 scis-

800 1604 869 1622 sum
886 1593 1029 1624 fulmine.
1048 1605 1078 1624 v.
1095 1593 1257 1624 Drakenb.
1269 1593 1308 1624 ad
1320 1594 1374 1625 Sil.

802 1639 871 1670 Ital.
886 1640 950 1677 ΙΙΙ,
974 1640 1047 1680 196.

851 1687 928 1715 203.
968 1688 1108 1716 lacertos
1143 1686 1240 1723 soles,
1286 1685 1371 1721 dies,

802 1739 934 1772 propter
954 1732 1014 1762 iter
1036 1731 1204 1763 incertum.
1225 1733 1374 1763 Servius:

803 1778 978 1815 obscuros,
1001 1785 1037 1808 ut
1058 1781 1129 1809 AEu.
1158 1780 1219 1815 VI,
1245 1777 1375 1817 2701'12-

802 1832 889 1853 certa
921 1824 1000 1854 lana
1015 1835 1026 1854 .·
1049 1824 1137 1865 quod
1165 1824 1296 1862 melius,
1321 1824 1375 1854 ad-

799 1871 912 1908 juncto
931 1881 1019 1900 coeca
1032 1870 1183 1912 caligine.
1198 1871 1283 1900 Ante
1298 1880 1374 1900 ocu-

800 1916 849 1946 los
872 1923 977 1946 autem
1010 1917 1100 1947 locus
1121 1915 1236 1957 Odyss.
1258 1926 1287 1953 ε,
1307 1916 1371 1946 388

800 1973 868 2003 sqq.
886 1962 925 1993 cf.
945 1969 1017 2001 ι,74
1033 1973 1080 2002 sq.
1097 1968 1128 1991 et
1144 1962 1249 1992 multo
1268 1964 1367 2003 magis

799 2009 953 2048 Apollon.
967 2010 1030 2045 IV,
1052 2008 1138 2047 1694
1152 2018 1219 2048 sqq.

848 2055 913 2084 205
924 2071 969 2077 —
981 2054 1058 2084 208.
1075 2053 1205 2084 Pulchri
1216 2064 1323 2084 versus
1332 2054 1372 2084 ad

798 2111 907 2130 sensus
937 2102 1099 2130 veritatem
1129 2101 1164 2130 in
1200 2107 1372 2141 prospectu

798 2154 889 2177 terrae
907 2158 948 2177 ex
963 2147 1038 2178 alto.
1048 2149 1146 2178 Terra
1162 2147 1267 2188 aperie
1281 2157 1372 2177 mon-

797 2201 842 2224 tes
851 2216 860 2232 ,
881 2193 958 2224 dum
973 2195 1007 2225 in
1023 2200 1231 2235 conspectum
1246 2203 1298 2224 eos
1317 2192 1371 2223 ad-
