1402 2460
501 81 561 111 AD
586 81 749 112 LIBRUM
775 82 817 112 Π.
1196 82 1258 118 371

57 139 221 182 quomodo
240 139 279 170 ad
301 142 430 172 AEueam
453 138 595 170 rediisset
615 139 790 170 Palladium
809 150 826 169 a
850 140 970 170 Graecis
987 139 1144 176 ablatum,
1162 140 1262 170 multa

59 196 230 225 commenti
249 201 343 231 sunt,
359 193 477 235 quibus
498 201 561 224 tota
583 193 652 224 haec
671 194 710 224 de
728 194 866 225 Palladio
884 195 1016 236 quaestio
1032 195 1076 224 ita
1094 193 1263 224 obscurata

58 256 122 284 est,
141 256 177 279 ut
194 248 371 279 multorum
389 248 559 290 doctorum
584 250 728 279 virorum
740 272 748 286 ‚
765 250 821 290 qui
843 249 993 290 expedire
1009 259 1076 279 rem
1091 248 1261 284 volebant,

57 303 160 332 otium
174 304 395 334 consumserit.
415 303 517 335 Nobis
530 305 602 334 satis
618 311 665 334 est
680 314 802 335 caussas
817 303 1006 334 diversitatis
1021 302 1185 334 indicasse.
1203 305 1263 333 Oc·

59 358 160 388 currit
181 364 285 388 autem
310 368 383 388 cum
408 357 547 390 Palladio
566 361 696 397 AEueas,
716 360 749 389 iu
766 360 874 389 multis
896 361 1003 390 numis
1021 359 1122 401 gentis
1146 358 1260 396 Juliae,

58 419 175 442 armata
191 413 380 455 virguncula
397 415 508 444 stantis
521 414 652 445 habitu:
667 414 775 445 eadem
791 414 856 444 fere
878 417 999 455 specie,
1017 425 1078 455 qua
1094 415 1129 445 in
1147 424 1263 444 mouu-

56 467 171 496 mentis
188 466 222 496 id
231 478 361 508 quoque
374 467 550 498 Palladium
564 469 770 509 conspicitur,
782 468 870 509 quod
884 469 1054 499 Diomedes
1065 478 1139 498 cum
1148 468 1262 508 Ulysse

57 519 206 559 abstulit3
223 522 263 552 cf.
280 522 432 563 Apollod.
443 522 597 554 Biblioth.
613 524 679 561 111,
697 533 736 553 12
748 547 757 561 ‚
776 524 792 553 3
811 532 861 562 ;et
874 526 941 564 ipse
956 523 1110 564 Virgilius
1125 524 1196 553 AEn.
1212 523 1263 558 H,

60 584 122 612 172
148 574 212 605 vix
224 576 507 616 positurae-astris
529 577 756 615 simulacrum3
777 589 883 608 arsere
907 588 1045 608 corusca>
1072 575 1262 607 Luminibus

48 627 205 670 flammae
221 631 350 660 arrectis
361 653 369 668 ,
384 647 430 654 —-
441 638 549 672 terque
572 631 642 672 ipsa
664 632 733 662 solo
751 633 911 670 Emicuit,
930 641 1134 673 parmamque
1146 629 1262 672 serens

55 682 239 724 hastamque
265 692 461 716 trementem.
482 687 536 716 Au
556 696 632 716 vero
652 686 786 716 Palladis
803 688 930 727 signum
951 687 1014 718 hoc
1037 685 1122 716 idem
1141 685 1261 715 haben—

57 737 135 767 dum
152 740 207 777 sit,
227 746 282 769 aut
300 750 316 769 a
339 741 442 780 poetis
464 739 610 770 habitum
634 741 752 779 fuerit,
773 742 861 781 quod
883 743 918 771 iu
939 742 1057 781 templo
1079 740 1213 771 Palladis
1228 741 1262 770 in

56 803 128 823 arce
149 794 199 824 Ilii
223 795 284 824 sito
303 795 483 831 visebatur,
503 802 535 825 et
559 796 593 825 in
615 797 706 834 cujus
723 796 858 837 genibus
882 796 1014 836 peplum
1031 796 1178 834 Trojanae
1195 805 1263 824 mu-

53 846 147 877 lieres
171 856 339 888 apponunt
363 848 454 879 Iliad.
474 847 509 885 ζ,
531 850 614 886 273,
634 849 718 887 303,
736 850 939 878 Burmannus
960 848 1017 878 illo
1037 848 1111 878 loco
1127 850 1260 889 quaerit;

55 901 110 931 sed
128 909 164 931 ut
183 901 267 932 idem
279 902 389 932 haberi
403 903 522 943 possit,
538 902 640 932 nolim
656 912 728 932 cum
742 902 813 932 viro
833 901 963 934 doctiss.
988 902 1096 932 Θεὶνοιι
1110 892 1261 936 Ᾱθηναίπς

57 953 109 986 ἐπὶ
123 955 268 1000 γούνασιν
283 957 486 997 interpretari
501 957 549 987 ad
557 968 668 998 genua
679 981 687 994 ,
706 957 795 997 quod
804 958 869 996 jam
884 957 997 988 Strabo
1010 957 1142 994 refellit,
1158 956 1261 986 multo

55 1012 162 1041 minus
176 1010 272 1051 peplo
296 1009 388 1040 deam
411 1010 552 1042 induere.
570 1012 652 1042 Nam
668 1011 792 1041 diversa
810 1012 845 1041 in
860 1022 930 1040 arce
945 1010 1079 1041 Palladis
1095 1011 1183 1052 sigua
1197 1020 1263 1040 esse

55 1072 87 1095 et
101 1073 235 1106 potuere
251 1072 282 1096 et
297 1065 455 1097 debuere:
471 1067 565 1096 etiam
578 1067 612 1095 in
625 1073 737 1096 nostro
746 1073 840 1107 poeta
853 1066 911 1098 lib.
926 1067 973 1103 11,
992 1066 1059 1096 225
1073 1075 1140 1106 sqq.
1153 1087 1162 1102 ,
1178 1072 1264 1105 post-

53 1131 151 1161 quam
165 1131 197 1151 ν.
221 1120 284 1150 165
301 1132 348 1161 sq.
371 1121 512 1151 ablatum
525 1122 589 1159 jam
605 1120 780 1152 Palladium
795 1127 1006 1151 memoratum
1022 1126 1105 1156 erat,
1122 1130 1241 1161 angues
1253 1142 1261 1156 ‚

54 1176 111 1216 qui
128 1177 341 1205 Laocoontem
358 1185 432 1204 cum
453 1173 527 1205 ffliis
551 1175 717 1213 eliseraut‚
737 1176 772 1205 in
789 1175 945 1216 templum
960 1176 1116 1206 Minervae
1137 1175 1174 1204 in
1191 1185 1262 1204 arce

53 1227 199 1269 fugiunt,
223 1228 285 1257 Sub
298 1227 497 1269 pedibusque
514 1228 584 1258 dece
603 1228 770 1270 clypeique
789 1229 844 1258 sub
860 1229 932 1258 orbe
950 1235 1109 1270 teguntur.
1125 1229 1165 1258 Et
1179 1228 1272 1268 quale

53 1282 195 1312 dicemus
209 1283 305 1312 fuisse
319 1282 454 1313 Palladis
477 1283 605 1325 signum
620 1283 714 1320 illud,
740 1279 779 1313 ad
795 1282 884 1323 quod
898 1282 1071 1313 Cassandra
1083 1305 1092 1320 ‚
1112 1282 1152 1312 ab
1162 1284 1260 1321 Ajace

52 1337 137 1369 Oilei
163 1337 278 1367 violata
289 1360 298 1375 ,
319 1338 432 1367 avertit
445 1338 570 1367 vultum
583 1337 595 1379 (
608 1337 647 1367 de
661 1349 728 1377 quo
745 1349 776 1368 v.
795 1337 889 1367 docte
905 1344 1049 1379 agentem
1062 1339 1203 1379 Bottiger
1221 1337 1260 1367 de

51 1398 146 1432 raptu
164 1390 346 1422 Cassandrae
356 1402 388 1432 p.
398 1391 441 1422 63
452 1390 465 1432 )
476 1415 484 1428 ‚
496 1402 526 1422 V.
543 1391 703 1433 Lycophr.
719 1391 890 1422 Cassandra
905 1403 935 1424 r.
954 1392 1016 1422 361
1031 1402 1039 1429 ;
1060 1392 1174 1432 Quint.
1193 1392 1258 1422 Cal.

51 1447 150 1483 XIII,
175 1447 240 1482 425
253 1457 318 1487 sq.‚
337 1446 424 1487 quod
450 1446 533 1476 bene
557 1453 650 1487 poeta
679 1453 787 1476 noster
809 1445 849 1475 ad
873 1446 966 1476 aliam
984 1456 1052 1475 rem
1081 1445 1261 1476 ornandam

52 1500 214 1530 transtulit
238 1502 310 1530 AEu.
327 1502 376 1538 11,
402 1511 476 1539 172.
499 1502 574 1531 Non
588 1502 686 1542 igitur
701 1502 794 1531 Maro
812 1501 862 1530 sui
883 1500 1002 1530 oblitus
1022 1500 1125 1530 videri
1146 1500 1261 1538 debet3

55 1554 111 1584 sed
125 1556 159 1584 in
176 1561 342 1595 poetarum
357 1555 488 1592 fabulis,
505 1565 577 1595 quae
593 1556 628 1584 in
645 1555 695 1584 his
706 1577 714 1592 ,
734 1565 770 1584 ac
795 1554 952 1584 similibus
963 1577 972 1592 ,
989 1560 1020 1584 et
1040 1555 1130 1586 famae
1147 1562 1179 1585 et
1195 1555 1259 1586 his-

55 1610 145 1640 toriae
158 1610 243 1639 vices
260 1615 411 1650 praestant
422 1632 430 1647 ,
444 1609 567 1640 diversa
583 1610 670 1640 fuere
684 1610 719 1639 in
734 1620 802 1639 arce
818 1609 952 1639 Palladis
966 1610 1074 1651 signa3
1088 1620 1147 1640 nec
1162 1610 1259 1641 modo

55 1663 186 1694 diversis
200 1665 235 1694 iu
248 1663 328 1694 locis
339 1687 347 1702 ,
364 1663 418 1694 sed
433 1671 464 1694 et
483 1663 594 1694 eodem
608 1665 643 1694 in
660 1664 752 1701 loc03
768 1674 842 1693 nam
860 1663 952 1693 fatale
973 1662 1007 1693 τὸ
1025 1661 1167 1700 διοπετὲς
1180 1657 1258 1699 RQ-

53 1719 107 1754 νᾶς
128 1715 306 1749 Παλλάδιον
319 1742 327 1756 ,
342 1717 466 1750 venitm
501 1716 594 1749 ὄντων
621 1717 654 1748 τὸ
681 1716 886 1762 σμικρότατον
905 1718 979 1760 (ap.
998 1720 1123 1750 Conon.
1146 1720 1208 1761 34)
1224 1723 1259 1751 in

55 1773 211 1803 Minervae
227 1773 347 1814 templo
365 1774 399 1802 in
423 1783 493 1803 arce
515 1772 683 1814 diligenter
706 1772 902 1803 custoditum
923 1774 1050 1803 Arctini
1071 1784 1180 1804 versus
1201 1774 1259 1805 do-

29 1869 33 1871 *
55 1833 150 1857 cent:
177 1828 312 1868 Dionys
337 1829 369 1864 Ι,
397 1827 438 1857 68
452 1850 460 1865 ,
492 1828 547 1868 69.
573 1829 742 1858 Diversum
764 1839 780 1857 a
796 1827 967 1858 Penatibus
985 1827 1159 1859 Palladium
1178 1829 1261 1860 illud

55 1878 190 1915 ὃιϊπετὲς
210 1892 227 1911 a
249 1881 427 1922 plerisque,
449 1889 480 1911 et
504 1882 544 1912 ab
568 1883 638 1923 ipso
659 1889 769 1923 poeta,
788 1881 934 1912 habitum
958 1881 1116 1919 vidimu53
1140 1883 1194 1912 sed
1218 1894 1259 1913 ex

55 1937 190 1967 aliorum
206 1935 349 1966 doctrina
361 1937 475 1967 Pallas
493 1948 567 1967 cum
579 1939 708 1968 Iunone
722 1938 761 1967 iis
776 1938 852 1978 ipsis
866 1936 926 1967 diis
940 1937 1111 1968 Penatibus
1127 1944 1194 1968 erat
1208 1948 1259 1968 ac·

55 1986 222 2023 censenda.
238 2004 269 2022 v.
286 1992 432 2024 Macrob.
443 1994 492 2023 111
502 2016 510 2031 ,
529 1999 547 2029 4
559 2016 568 2031 ‚
585 1993 731 2034 exemplo
744 1992 825 2023 forte
840 1992 974 2023 Palladis
986 1999 1017 2022 et
1030 1993 1051 2023 J
1053 1993 1169 2023 anonis
1183 2003 1258 2023 cum

54 2048 73 2078 J
77 2057 136 2077 ove
152 2049 286 2078 Romam
303 2048 472 2078 tuentium.
493 2047 677 2089 Apollinem
689 2054 719 2078 et
735 2048 920 2088 Neptunum
937 2047 989 2077 alii
1005 2046 1090 2088 apud
1099 2047 1236 2078 eundem
1246 2070 1254 2084 ,

57 2102 173 2130 frustra
189 2101 343 2132 advocato
358 2112 453 2132 versu
474 2104 545 2132 AEu.
568 2103 634 2138 ΙΙΙ,
655 2113 735 2142 119;
749 2109 779 2132 at
801 2102 895 2132 Tusci
912 2102 1075 2138 Cererem,
1096 2102 1210 2132 Palem
1227 2109 1259 2132 et

57 2157 230 2185 Fortunam
246 2158 386 2186 Penates
397 2157 599 2188 tradiderant.
617 2169 648 2189 v.
662 2159 750 2189 Serv.
764 2156 803 2187 ad
818 2159 888 2188 [ΕΠ.
901 2158 932 2188 11
942 2179 952 2196 ,
966 2157 1031 2188 325
1039 2168 1048 2196 ;
1065 2149 1144 2188 add'e
1158 2157 1254 2188 eund.

58 2209 97 2240 ad
114 2211 164 2249 11,
187 2221 269 2251 119;
287 2212 355 2249 ΙΙΙ,
377 2222 428 2242 12.
