1433 2460
125 68 166 96 flt'·
633 65 826 97 AENEIDOS

123 129 314 175 Spemque
333 132 550 171 uictumque
568 122 666 159 inter
683 121 809 169 dubii,
827 136 892 160 scu
911 123 1040 161 vivere
1057 125 1230 170 credant,

123 186 211 222 Sive
229 195 396 222 cnm-ma
415 183 512 231 pati,
530 184 685 234 nccjam
704 185 887 222 exaudire
904 195 1068 223 vocatos.

122 247 315 295 Praecipue
337 244 420 293 pius
436 245 590 291 AEncas,
607 258 708 282 nunc
725 245 822 283 acris
843 246 999 291 Oronti,
1278 263 1325 279 220

122 310 230 343 Nunt-
254 305 384 354 Amyci
400 318 526 342 casum
547 306 680 356 gemit,
697 316 733 344 ct
751 306 918 344 crudelia
935 320 1061 344 secum

123 371 209 403 lata
237 366 343 414 Lyci,
364 365 576 416 sortemque
597 371 726 416 Gyan,
748 367 960 416 sortemque
981 365 1219 403 Cloanthum.

176 431 214 464 Et
231 429 308 477 jam
331 427 413 464 linis
433 436 535 472 erat,
553 441 670 477 quum
691 428 869 477 Juppiter
889 427 1030 465 aether«-
1048 440 1195 464 summo

129 580 257 621 Vulgari
271 581 415 609 oratione
436 579 557 609 diceres
574 589 581 610 :
602 579 700 609 multa

124 625 162 655 ule
176 627 270 655 sociis
287 627 406 656 amissis
421 627 503 656 inter
516 638 548 655 sc
564 637 702 666 conque-

125 679 302 703 runtur.—<
313 683 330 702 2
341 684 350 702 1
360 673 389 702 8.
411 673 549 703 Credunt
565 673 698 703 Neutel.

125 722 198 749 Post
224 719 308 749 inter
328 719 529 759 distinguunt
551 720 700 749 nonnulli

123 765 226 796 codd.
252 773 283 796 et
306 766 378 796 odd.
403 774 437 796 ut
464 767 524 796 sit:
544 766 700 796 ‹lahiiseu

123 823 157 842 7¹.
186 813 328 843 credant.
352 815 458 843 Burni.
475 831 520 835 -—
541 824 618 852 ⁴219.
639 815 701 843 Scn

122 866 269 889 extrema
298 860 362 891 (luo
397 859 481 900 apud
513 862 621 890 Burni.
646 871 700 890 sen

118 906 191 946 jam
219 918 246 936 e.
266 909 431 948 Puget.—
451 909 491 937 Il.
507 918 533 937 ο.
555 908 619 935 six-<e
636 908 699 945 jain

123 963 188 981 esse
202 960 357 984 mortuos.
376 953 617 993 E.1·!rem(1pa!i
631 964 701 993 pro-

121 1000 190 1039 prie
214 999 388 1036 dicuntur,
405 1001 461 1040 qui
486 1000 608 1029 crudeli
625 1010 701 1040 sup-

122 1045 220 1085 plicio
243 1046 348 1076 affecti
367 1048 503 1075 anim-'nu
525 1046 653 1082 efflant,
667 1046 699 1076 h.

122 1092 182 1121 loc.
213 1093 398 1133 simpliciter
411 1116 419 1129 ,
438 1094 493 1133 qui
516 1094 700 1123 moriuntur

124 1147 226 1168 morte
253 1140 412 1176 violenta,
445 1139 598 1169 fluctibus
624 1139 698 1168 sul)-

123 1187 216 1214 mersi
230 1197 238 1222 ;
255 1197 313 1215 nec
329 1186 401 1227 jam
425 1185 581 1215 exaudire
598 1197 699 1216 voca-

122 1240 168 1260 tos
179 1255 187 1267 ,
206 1233 237 1261 h.
257 1243 283 1261 e.
301 1244 366 1261 esse
384 1239 528 1262 mortuos
539 1255 546 1269 ‚
558 1243 639 1271 quos
653 1233 700 1262 in-

121 1280 229 1308 meari
259 1278 298 1307 ab
326 1280 434 1308 amicis
456 1285 486 1307 et
508 1278 700 1308 conclamari

122 1331 217 1354 notus
233 1335 301 1354 mos
316 1331 398 1362 erat,
417 1324 473 1354 ius.
490 1326 537 1353 111
549 1347 557 1361 ,
573 1325 628 1362 673
641 1326 698 1361 VI,

125 1372 201 1401 505.
229 1371 269 1401 cf.
297 1371 412 1412 Odyss.
431 1382 458 1407 ι,
484 1372 539 1400 65.
555 1370 610 1400 Ad
624 1382 698 1411 pro-

122 1418 237 1447 saicam
257 1428 329 1448 sane
345 1418 551 1448 subtilitatem
572 1417 698 1447 debuis-

123 1471 169 1493 set
182 1463 366 1494 antecedere
378 1474 385 1494 :
402 1475 480 1493 num
497 1471 636 1493 extrema
647 1475 700 1494 eos

117 1521 231 1550 passos
253 1521 318 1540 esse
335 1510 482 1548 credant,
497 1518 529 1539 et
541 1512 605 1549 jam
621 1521 698 1540 con-

123 1557 294 1587 clamatos?
309 1557 363 1586 sed
381 1559 415 1586 in
439 1564 532 1598 poeta
554 1557 608 1586 illa
633 1567 700 1587 non

121 1604 305 1644 requiritur.

171 1660 248 1680 220.
276 1650 405 1679 Orontis
426 1650 533 1690 plures
555 1649 648 1679 codd.
669 1657 700 1679 et

122 1695 193 1726 edd.
215 1696 309 1725 etiam
334 1707 383 1737 ap.
403 1697 483 1727 Pier.
506 1696 632 1726 Scilicet
653 1703 699 1726 est

122 1746 280 1780 Orontes,
321 1736 478 1786 ὀρίνῃς,
519 1745 697 1780 Orontem,

122 1790 258 1819 Orontei
273 1795 304 1818 et
325 1789 452 1820 Oronti.
470 1800 501 1818 v.
525 1799 596 1829 sup.
612 1789 651 1818 ad
667 1800 696 1819 v.

124 1836 176 1865 30.
196 1835 312 1865 Oronti
337 1837 429 1865 etiam
458 1836 567 1877 fragm.
593 1835 696 1865 Vatic.

122 1893 256 1912 —22L
280 1882 389 1912 Amici
417 1882 481 1912 alii.
514 1884 602 1911 Tunc
627 1884 698 1912 An-

123 1928 188 1957 thei
213 1928 328 1959 Hamb.
363 1940 412 1969 pr.
433 1929 531 1958 Casus
556 1927 643 1958 Leid.
668 1935 699 1958 et

121 1976 225 2014 Sprot.
241 1974 324 2004 Illud
334 1986 437 2005 secum
456 1986 523 2005 non
542 1974 637 2004 dehet
651 1975 698 2004 of-

120 2019 267 2058 fendere3
284 2032 356 2050 nam
370 2021 473 2063 gemit
483 2031 589 2051 secum
603 2022 644 2051 A.
660 2021 695 2052 C.

122 2084 166 2088 -—-
179 2077 254 2097 222.
269 2069 378 2104 Lycus.
396 2068 487 2098 Idem
504 2074 698 2097 memoratur

120 2112 177 2143 lib.
196 2114 241 2143 lx
252 2135 260 2149 ,
274 2115 349 2144 550.
364 2115 460 2144 Ciam
476 2114 588 2151 multi,
602 2115 696 2144 etiam

120 2159 238 2195 nostri,
254 2160 304 2188 vel
329 2160 423 2191 (iian.
443 2161 612 2191 Cloantum
634 2170 696 2190 cas·

122 2207 302 2246 tigatiores‚
328 2215 457 2237 notante
486 2208 637 2245 Heinsio,
659 2214 695 2236 ut

755 580 830 609 Got.
842 590 890 620 pr.
903 578 1081 609 Claeoantum
1093 578 1179 610 Leid.
1193 581 1330 611 Nomina

754 627 1059 666 promiscue-posuit.
1072 633 1106 656 ut
1114 633 1217 667 poeta.
1227 628 1328 668 Amy-

754 684 827 709 cus,
841 664 963 715 Ᾰμυκςς
973 696 980 710 ,
997 672 1036 702 ad
1053 673 1236 714 exemplum
1249 675 1330 714 regis

754 720 935 760 Ili-lirycuni
949 743 956 755 ,
983 719 1021 749 (le
1037 730 1103 760 quo
1121 719 1274 760 Apollon.
1298 721 1330 749 II

754 777 802 806 pr.
820 773 850 795 et
869 767 926 797 inf.
948 768 998 803 V,
1017 767 1101 804 3733
1120 766 1264 796 diversus
1283 774 1331 796 est

755 813 870 842 abillis
886 814 940 853 qui
952 813 1059 850 infix,
1074 814 1221 851 70431X
1243 823 1328 851 7723

754 861 835 895 XII,
867 860 932 900 509
944 882 952 896 ,
980 860 1092 890 eodem
1122 860 1252 889 nomine
1276 871 1329 889 oc-

755 914 900 936 currunt.
929 908 1029 946 Lycus
1059 908 1142 936 iuter
1175 905 1331 946 Trojanos

755 955 870 982 iterum
886 955 929 983 IX
941 976 949 990 ,
964 954 1001 989 51.
1011 954 1027 983 5
1039 964 1063 983 s.
1079 954 1167 992 Gyas
1177 959 1206 981 et
1217 953 1330 982 Cloan-

754 999 826 1028 lltus
844 1001 877 1028 in
893 999 978 1029 ludis
998 1001 1031 1029 in
1047 1000 1150 1029 Sicilia
1166 999 1258 1029 editis
1270 999 1327 1030 lib.

755 1048 795 1082 V,
820 1057 831 1074 1
845 1047 881 1074 18
903 1057 971 1087 sqq.
996 1047 1122 1076 Diversi
1143 1053 1218 1075 sunt
1242 1046 1329 1087 Gyas

754 1093 838 1121 inter
853 1094 1004 1122 Etruscos
1022 1094 1052 1123 X
1064 1115 1072 1129 ‚
1095 1093 1159 1122 318
1172 1115 1180 1129 ,
1196 1099 1228 1122 et
1247 1093 1329 1122 forte

756 1139 835 1168 alius
853 1141 936 1176 XII,
958 1139 1038 1175 [400.

797 1195 813 1214 2
820 1196 837 1214 2
844 1186 873 1215 3.
883 1186 956 1215 Noli
967 1187 1001 1215 in
1009 1184 1169 1226 vulgarius
1176 1184 1327 1221 incidere,

755 1238 788 1260 ut
797 1231 944 1261 emendes
953 1241 960 1262 :
970 1230 1332 1274 Etjamstnierat.—Se-

754 1278 864 1318 quitur
876 1278 1024 1318 luppiter
1035 1288 1046 1306 .·
1062 1278 1095 1307 in
1110 1277 1160 1307 his
1169 1288 1204 1307 ac
1223 1279 1334 1308 simili-

754 1323 814 1353 bus
832 1334 950 1354 novare
965 1323 1083 1366 aquuid
1099 1324 1190 1354 nolui
1204 1333 1212 1354 ε
1227 1326 1253 1354 si
1269 1327 1332 1355 mei

753 1370 876 1400 arbitrii
886 1382 935 1400 res
950 1378 1040 1408 esset,
1057 1371 1229 1400 scriberem
1239 1371 1330 1412 Jupi-

753 1424 809 1452 ter,
821 1428 860 1447 ex
868 1418 1048 1458 antiquiore
1061 1427 1096 1446 ac
1106 1418 1231 1447 veriore
1240 1419 1332 1448 ratio-

753 1474 812 1500 ne,
827 1474 922 1504 quam
938 1465 971 1493 in
987 1463 1124 1505 Virgilio
1139 1463 1331 1494 redhibitam

755 1520 820 1539 csse
838 1510 988 1540 volumus
1004 1520 1012 1540 :
1032 1517 1069 1540 ut
1081 1511 1185 1540 statim
1204 1511 1271 1540 225
1293 1510 1331 1540 li-

755 1563 836 1586 tora.
864 1557 991 1587 Scilicet
1013 1557 1136 1597 antiqui
1162 1557 1268 1586 literas
1295 1557 1331 1587 in

753 1602 803 1632 his
818 1603 1022 1643 geminabant
1049 1603 1328 1643 pronuntiatione,

753 1659 820 1679 non
835 1650 1012 1689 scriptura3
1031 1649 1223 1678 recentiores
1235 1650 1329 1678 etiam

752 1696 926 1735 scriptura:
944 1703 1029 1726 recte
1044 1702 1075 1725 et
1087 1695 1150 1725 hoc
1165 1705 1174 1726 :
1187 1695 1244 1725 sed
1258 1701 1329 1725 tum

752 1741 927 1771 tenendum
950 1749 997 1772 est
1032 1741 1223 1771 alterutrum
1252 1751 1328 1772 con-

751 1795 889 1826 stanter,
905 1795 937 1818 et
965 1790 999 1818 in
1018 1787 1185 1826 omnibus,
1210 1787 1329 1828 quibus

753 1835 862 1865 eadem
876 1836 956 1865 ratio
975 1835 1092 1865 subest.
1103 1852 1150 1879 ——7-
1162 1835 1206 1864 Ec
1207 1833 1282 1876 jam
1283 1833 1328 1877 fi-

753 1882 801 1912 nis
820 1890 892 1912 erat
916 1884 959 1912 Se.
984 1882 1074 1922 longi
1100 1881 1274 1917 sermonis,
1293 1880 1325 1911 h.

755 1939 782 1959 e.
798 1928 1011 1970 querelarum,
1034 1934 1090 1957 aut
1105 1927 1249 1964 omnino,
1267 1936 1327 1956 coe-

752 1986 801 2004 nae
811 1975 910 2005 factae.
919 1977 1075 2014 Pompon.
1087 1972 1221 2003 Sabinus
1219 1972 1326 2016 finem

750 2021 818 2050 diei
847 2021 1075 2061 interpretatur
1102 2029 1111 2049 :
1139 2029 1212 2049 nam
1247 2029 1326 2049 mox

751 2067 925 2097 dormitum
960 2065 1144 2097 concedunt
1159 2088 1170 2101 ,
1200 2076 1233 2095 v.
1265 2065 1324 2096 inf.

752 2114 828 2144 305.
849 2114 937 2153 Quin
959 2113 1091 2143 omnino
1121 2112 1166 2142 sic
1192 2112 1299 2152 accipe
1314 2121 1325 2142 :

748 2162 923 2200 Postquam
948 2158 1017 2189 Ιιαέ
1035 2157 1140 2202 finita
1166 2165 1278 2194 erant,
1297 2168 1324 2189 s.

748 2205 923 2248 ltisfacti5‚
939 2205 1066 2246 Jupiter
1077 2204 1249 2246 prospexit
1261 2211 1322 2234 etc.
