1433 2460
129 70 192 96 '2⁷0

634 62 824 92 njx'lzmos

127 117 241 152 Diu-s
263 115 326 151 alit
345 130 350 150 :
372 114 558 163 placitone
579 115 690 153 etiam
713 117 898 168 pugnabis
917 120 1062 155 amori?

126 178 204 212 Nec
224 176 323 211 wnit
346 175 381 211 in
400 183 562 212 mentem
582 188 747 226 quorum
768 179 984 215 consederis
1007 179 1131 216 arvis?

129 235 227 272 Hinc
248 234 405 270 Gaetulae
426 233 557 281 urbes,
575 248 692 284 genus
709 237 964 288 insuperabile
984 238 1102 282 bello,
1304 249 1336 274 ⁴1⁰

128 299 173 332 Et
193 295 366 331 Numidae
384 295 520 332 infreni
537 295 714 345 cingunt,
733 306 770 333 et
786 298 975 348 inhospita
996 299 1139 348 Syrtis;

130 359 227 394 Hinc
245 357 393 393 deserta
413 356 473 393 siti
491 357 619 405 regio,
640 357 789 407 lateque
810 359 977 396 furentes

129 419 283 455 Barcaei.
303 416 405 463 Quid
424 416 521 453 bella
539 419 642 466 Tyro
657 418 848 467 surgentia
870 418 1011 464 dicam,

129 479 387 527 Germanique
406 477 547 514 minas?

128 539 197 575 Dis
218 537 394 588 equidem
413 536 632 587 auspicibus
650 549 737 574 reor
757 545 794 573 ct
813 541 962 575 Junone
979 539 1142 576 secunda
1305 546 1335 575 *5⁵

130 602 241 636 Hune
262 611 414 635 cursum
436 598 568 635 Iliacas
585 607 700 635 vento
722 598 886 636 tenuisse
906 599 1063 636 carinas.

129 661 254 705 Quam
276 667 315 694 tu
338 657 471 694 urbem
483 687 492 704 ,
511 670 639 703 soror,
658 656 756 694 hanc
774 671 904 695 cernes
919 661 926 694 !
944 672 1028 708 qnae
1050 671 1204 709 surgere
1221 670 1335 708 regna

130 720 315 769 Conjugio
335 719 415 755 tali!
437 721 627 755 Teucrum
645 719 914 756 comitantibus
933 719 1064 765 armis,

131 857 169 876 ca
186 847 314 885 antique
326 869 333 879 ,
349 853 383 875 ut
397 856 478 886 smpe
492 846 614 875 Ennius
625 868 632 882 ‚
652 846 707 875 Ca-

132 900 164 922 to
174 916 181 929 ,
194 892 363 922 alii-38.
378 891 555 921 Placidone
569 898 708 930 quatuor

132 938 217 979 apud
247 940 421 968 Burmann.
445 948 519 966 cnm
538 937 604 966 aliis
623 936 707 977 apud

132 985 273 1014 Pierium
292 991 323 1013 et
342 981 628 1018 Rufinian.—4o.
650 983 709 1012 Ge-

132 1030 208 1060 enloe
223 1031 257 1059 iu
271 1030 429 1070 plerisque
452 1029 605 1059 scribitur
616 1052 624 1066 ‚
641 1029 707 1059 vid.

132 1078 214 1107 Pier.
228 1099 236 1113 ‚
253 1076 308 1106 sed
332 1076 388 1106 Gr.
409 1077 582 1106 Γαιτοῦλοι.
601 1075 710 1105 Genus

133 1122 337 1152 intractabile
352 1122 436 1151 bello
454 1124 617 1153 Romanus
626 1145 634 1158 ‚
646 1121 709 1151 for-

133 1175 162 1199 te
179 1180 220 1199 cx
241 1169 297 1200 lib.
323 1171 356 1204 1,
384 1169 461 1208 339.
492 1168 710 1209 Insuper-abile

123 1214 214 1255 ferro
231 1227 317 1246 unus
330 1214 474 1246 Leidens.
484 1234 531 1238 —
543 1222 584 1251 40
596 1233 642 1238 —
652 1221 705 1251 44.

135 1262 272 1294 Goeculae
294 1264 383 1293 urbes
399 1275 409 1292 .·
428 1262 466 1292 ad
486 1269 639 1292 terrorem
656 1273 706 1291 ur-

131 1310 185 1339 bes
210 1311 334 1350 posuit,
363 1320 433 1339 nam
467 1310 500 1338 iu
530 1309 706 1349 mapalibus

131 1355 327 1386 habitabant.
351 1357 396 1385 Ita
420 1359 506 1385 Serv.
529 1354 614 1384 conf.
640 1354 705 1387 Sal—

131 1403 206 1433 lust.
223 1403 258 1432 B.
275 1404 306 1432 J.
330 1413 382 1433 21.
400 1401 516 1432 Melius
534 1401 619 1431 dices
632 1413 708 1443 poe-

134 1457 198 1478 tam
215 1459 384 1478 commune
400 1447 479 1478 illud
490 1470 498 1484 ‚
519 1455 550 1477 et
563 1448 627 1486 jam
641 1451 709 1479 110-

131 1496 297 1531 mericum,
306 1493 409 1530 πό),εις
417 1495 616 1534 expressisse,
625 1494 712 1536 quod

131 1541 318 1582 simpliciter
326 1541 431 1572 sedem
443 1549 473 1572 et
483 1540 711 1572 habitationem

134 1588 287 1629 designat.
315 1590 521 1619 Homericum
555 1593 601 1616 est
629 1599 709 1628 qno-

133 1644 195 1676 que
210 1633 291 1664 illud
305 1634 441 1664 urhes—
446 1644 569 1677 genus
586 1645 659 1664 nam
672 1636 708 1671 is,

134 1688 164 1713 et
183 1681 250 1718 ejus
279 1681 428 1722 exemplo
457 1682 528 1718 alii,
549 1691 630 1722 saepe
652 1679 709 1711 7:0'-

172 1736 270 1767 gpro
299 1727 411 1757 incolis
443 1729 492 1758 vel
515 1728 658 1770 populis,
679 1735 710 1758 et

131 1775 198 1804 vice
229 1783 319 1802 versa
345 1775 483 1814 populos
502 1786 561 1816 pro
584 1775 705 1811 insula,

131 1820 183 1851 vel
198 1826 281 1850 terra
298 1825 329 1848 et
340 1820 431 1849 urbe.
457 1821 495 1851 cf.
513 1832 583 1861 sup.
599 1820 655 1851 lib.
673 1822 706 1858 Ι,

136 1868 201 1906 339
220 1867 310 1909 fines
347 1865 458 1905 Libyci
468 1890 476 1903 ‚
508 1877 612 1909 genus
646 1874 705 1898 etc.

140 1914 286 1943 Numidae
305 1912 442 1953 infreni,
461 1915 549 1954 equis
566 1914 633 1943 sine
646 1913 707 1943 fie-

133 1961 198 1995 nis3
224 1970 272 1989 res
291 1966 366 1989 nota
380 1968 391 1988 c
414 1959 453 1990 de
469 1970 531 2001 qua
550 1961 591 1990 cf.
613 1959 706 1990 Cerd.

136 2006 236 2042 Syrtis
250 2007 308 2035 int.
333 2007 428 2036 Afros
453 2007 596 2047 Syrtium
617 2015 707 2036 acco-

133 2051 280 2092 las;sup.
302 2053 332 2089 Ι,
354 2053 439 2093 339,
460 2053 526 2088 340
543 2052 629 2095 fines
654 2052 703 2081 Li-

133 2096 205 2135 byei
213 2120 222 2135 ,
250 2109 353 2139 gemas
381 2098 582 2129 intractabile
608 2098 703 2129 bello.

132 2149 242 2179 -42,
262 2145 397 2173 Deserta
423 2145 489 2181 siti,
516 2144 705 2176 inhabitabi-

131 2189 168 2221 lis
185 2190 310 2221 raritate
324 2200 421 2232 aquae.
440 2194 526 2223 Serv.
541 2189 704 2234 Significat

760 852 864 875 autem
882 847 975 875 Anna
986 869 994 881 ,
1015 856 1031 874 a
1046 844 1133 875 nulla
1150 850 1238 885 parte
1250 844 1337 885 quic-

760 902 855 931 quarn
873 892 993 934 *auxilii
1018 902 1052 921 ac
1078 890 1215 932 praesidii
1233 892 1338 921 Poenis

761 948 851 977 posse
884 939 1013 978 sperari.
1036 955 1083 960 -
1106 936 1253 968 Furentis
1276 944 1338 967 tres

762 984 871 1014 Heius..
884 1006 892 1021 ,
906 991 943 1013 ut
956 985 1126 1025 jungatur,
1146 982 1338 1025 latequefic-

763 1029 862 1059 reneis
891 1030 1019 1060 Barcoei
1043 1029 1122 1071 quid
1146 1029 1248 1066 bella,
1283 1030 1337 1060 sed

762 1077 869 1105 minus
897 1075 990 1107 bene.
1008 1078 1150 1117 Laceque
1173 1083 1337 1118 vagantes

763 1129 901 1162 quatuor
917 1123 1025 1154 Burm.
1043 1129 1075 1152 et
1089 1123 1134 1152 sic
1147 1122 1254 1153 laudat
1262 1124 1338 1153 Hie-

763 1179 918 1210 ronymus
932 1179 939 1199 :
953 1180 996 1199 sc.
1014 1181 1054 1200 ex
1067 1170 1337 1210 interpretatione.

762 1233 809 1238 --
823 1217 876 1251 43.
893 1216 1021 1248 Barcoei
1032 1227 1047 1246 a
1062 1217 1170 1252 Barce,
1189 1216 1339 1257 Cyrenai-

763 1272 807 1292 cae
821 1262 901 1292 urbe
910 1286 918 1301 ,
929 1273 985 1303 per
995 1263 1157 1304 prolepsin
1168 1262 1221 1292 hic
1235 1264 1339 1293 uomi-

762 1310 843 1344 nati;
855 1319 927 1338 nam
940 1311 1041 1341 multo
1050 1310 1183 1340 seriores
1193 1309 1280 1339 fuere
1290 1320 1340 1339 ur-

762 1354 810 1385 bis
820 1356 1091 1398 origines,quippe
1099 1367 1114 1386 a
1121 1357 1203 1387 Batti
1211 1355 1339 1387 demum

762 1402 933 1442 nepotibus
949 1404 1096 1434 conditae.
1124 1413 1155 1434 v.
1181 1404 1337 1434 Herodot.

763 1450 809 1477 IV
824 1472 832 1486 ,
855 1449 934 1485 160,
950 1456 981 1479 et
994 1450 1040 1480 ibi
1056 1457 1123 1480 not.
1140 1449 1339 1490 Latefuren-

766 1502 811 1524 tes
832 1496 968 1526 Barcaei,
984 1495 1170 1526 Insederant
1187 1507 1262 1538 ergo
1273 1496 1338 1535 jani

766 1548 835 1570 tum
857 1541 911 1571 has
935 1547 1032 1572 terras
1062 1542 1189 1572 barbari
1216 1543 1339 1584 ferique

764 1587 878 1627 poani
907 1587 968 1618 late
998 1595 1155 1631 vagantes.
1186 1590 1314 1620 Servius
1331 1600 1338 1620 :

765 1648 779 1658 α
789 1634 830 1663 Hi
838 1655 846 1670 ,
857 1635 1034 1665 secundum
1043 1635 1207 1666 Titianum
1215 1636 1250 1666 iu
1259 1635 1340 1667 Cho·

762 1679 931 1720 rogi-aphia
956 1680 969 1722 <
985 1692 1058 1722 quae
1089 1682 1109 1712 J
1113 1681 1170 1711 ulii
1201 1683 1340 1712 Honor-ii

762 1726 904 1758 Oratoris
931 1727 1012 1768 fuit)
1029 1728 1212 1758 Phoenicem
1236 1729 1340 1759 navali

761 1771 925 1814 quondam
935 1775 1039 1804 vicere
1049 1775 1250 1806 certamine.»
1264 1774 1338 1805 Ger-

763 1818 855 1848 mani
869 1818 986 1851 minas.
1004 1820 1043 1852 cf.
1060 1822 1094 1858 Ι,
1112 1820 1175 1850 361
1195 1831 1242 1862 sq.

810 1865 863 1901 45.
881 1867 901 1896 J
905 1877 1044 1897 uuonem
1054 1867 1254 1908 potissimum
1263 1877 1337 1907 pro-

761 1913 871 1952 pitiam
898 1914 1060 1950 nominat,
1075 1913 1141 1942 sive
1157 1913 1233 1953 quia
1252 1913 1337 1944 inter

761 1959 921 1999 principes
939 1959 1014 1990 deos
1027 1958 1336 2000 Carthaginiensium

761 2010 848 2036 erat:
869 2005 910 2035 cf·
930 2016 1000 2046 sup.
1020 2005 1059 2035 ad
1077 2006 1110 2043 Ι,
1134 2005 1173 2035 15
1185 2027 1194 2042 ,
1211 2012 1242 2035 et
1260 2016 1337 2036 mox

758 2063 789 2082 v.
801 2051 843 2092 59
854 2062 862 2088 ;
872 2052 937 2081 sive
949 2053 1022 2092 quia
1034 2052 1189 2093 conjugiis
1199 2051 1251 2082 illa
1259 2062 1338 2092 prae-

759 2104 814 2128 est.
825 2115 871 2120 —
883 2098 936 2134 46.
958 2099 1028 2128 Huc
1042 2099 1145 2140 vulgg.
1164 2101 1257 2130 Hunc
1269 2100 1335 2130 Me-

757 2143 818 2174 dic.
835 2153 909 2174 cum
922 2145 1102 2184 potioribus
1113 2168 1122 2182 ‚
1139 2156 1199 2176 uec
1209 2156 1276 2177 non
1289 2147 1334 2176 sic

756 2192 917 2229 Romanus
928 2201 1000 2229 cum
1010 2191 1076 2223 aliis
1087 2193 1167 2224 Pier.
1180 2193 1333 2237 etrfragm.
