1402 2460
575 114 697 146 LIBER
723 114 782 144 ΙΙΙ,
1222 126 1238 145 2

1247 117 1262 145 ba

1271 117 1285 145 ιω

137 189 151 203 «
169 174 253 208 Huc
273 170 340 207 ubi
359 170 504 207 delatus
525 172 717 208 Cumaeam
740 170 946 209 adcesscris
965 171 1117 217 urbem,

82 231 315 281 Divinosquc
332 231 452 276 lacus,
470 239 506 267 et
527 234 680 268 Averna
698 232 869 268 sonantia
887 232 988 269 silvis
1006 247 1015 278 3

82 294 255 328 Insanam
271 299 395 328 vatem
413 290 616 341 adspicies,
636 304 721 341 quae
740 304 836 341 rupe
856 291 927 328 snb
947 293 1022 329 ima

80 353 172 388 Fata
188 352 306 397 canit,
327 352 502 401 foliisque
517 360 625 388 notas
642 360 679 388 et
698 352 852 389 nomina
868 352 1032 390 mandat.

81 414 340 462 Quaecumque
358 412 396 449 in
417 411 515 449 foliis
536 412 735 462 descripsit
757 414 924 449 carmina
943 413 1072 461 virgo,
1234 422 1283 450 44⁴3

79 474 226 523 Digerit
249 474 287 510 in
305 486 524 520 numerum,
543 482 656 523 atque
677 482 787 510 antro
808 473 952 510 seclusa
972 474 1162 523 relinquit.

79 533 148 569 Illa
166 543 318 570 manent
335 534 490 571 immota
504 534 615 579 locis,
632 547 755 583 neque
776 533 823 570 ab
847 534 982 570 ordine
1000 533 1150 570 cedunt.

79 594 220 629 Verum
238 593 388 638 eadem,
404 606 515 631 verso
534 593 656 630 tenuis
671 606 789 643 quum
809 593 964 630 cardine
980 601 1113 630 ventus

79 653 253 702 Impulit,
274 662 310 690 et
328 663 474 691 teneras
494 653 661 691 turbavit
678 653 794 703 janua
809 653 972 698 frondis,

78 716 282 763 Nunquam
304 713 440 751 deinde
461 726 554 751 cavo
576 714 774 751 volitantia
793 713 980 763 prendere
999 725 1110 759 saxo,

1234 723 1282 751 450

79 775 160 810 Nec
176 787 356 811 revocare
373 774 486 820 situs,
509 783 573 811 aut
585 774 746 824 jungere
764 774 932 810 carmina
950 782 1069 810 curat.

75 890 137 921 hoc
146 891 326 922 observavit
336 893 398 930 jam
412 891 650 933 Holdsworth.)

76 945 107 968 et
120 937 158 967 ad
172 939 354 968 incendium
369 940 472 969 classis
482 940 503 969 l.
514 942 555 976 V,
573 940 648 975 604.

124 990 186 1020 44ῐ
205 996 250 1025 sq.
266 986 317 1016 Cf.
331 986 387 1016 inf.
398 988 445 1015 Vl
458 997 506 1026 pr.
517 986 651 1015 Divinos

76 1031 165 1060 lacus
176 1053 185 1068 ,
207 1034 373 1062 Avernum
385 1055 393 1069 ,
421 1040 458 1062 ut
476 1034 580 1062 statim
597 1032 649 1061 ad-

75 1077 140 1108 dit:
158 1079 297 1108 Averna.
309 1080 381 1109 Jam
393 1079 520 1109 Averna
535 1090 651 1109 sonan-

76 1123 122 1153 tia
149 1124 247 1159 silvis,
280 1135 419 1165 pronum
443 1132 488 1155 est
510 1125 542 1154 in
567 1125 651 1155 silvis

75 1171 260 1211 intelligere.
275 1171 337 1201 Sed
351 1171 389 1201 de
406 1171 496 1209 lacn,
523 1182 590 1201 non
612 1172 650 1202 de

76 1215 207 1246 flumine
218 1239 226 1254 ‚
241 1218 353 1258 agitur.
371 1219 481 1258 Itaque
495 1219 650 1259 accipien-

75 1262 162 1300 dum,
175 1264 320 1293 sonantia
329 1263 415 1292 silvae
428 1265 574 1305 strepitu,
587 1276 649 1305 qua

73 1309 126 1339 ille
141 1309 228 1339 lacus
244 1316 310 1339 erat
324 1310 484 1348 inclusns3
504 1321 576 1340 nam
589 1312 646 1342 inf.

74 1357 140 1391 VI,
171 1356 234 1386 238
259 1356 332 1386 lacu
357 1356 450 1397 nigro
473 1368 649 1387 nemorum-

73 1413 135 1443 que
151 1402 288 1433 tenebris
300 1414 311 1432 :
321 1409 352 1432 et
366 1405 410 1433 sic
422 1405 480 1441 VI,
501 1411 565 1442 704
580 1404 647 1434 vir-

70 1449 162 1490 gulta
173 1449 321 1479 sonantia
335 1449 588 1491 sz'le'is.Adeoqne
602 1458 648 1481 est

73 1495 162 1535 quod
183 1498 217 1526 iu
239 1495 382 1537 vulgari:
397 1498 542 1527 Avernus
568 1497 650 1528 inter

73 1550 221 1572 sonantes
234 1542 340 1573 siluas.
351 1542 364 1584 (
376 1544 430 1573 Uti
452 1545 577 1575 inversa
597 1555 645 1574 ra-

72 1589 158 1618 tione
171 1590 205 1619 in
223 1589 325 1629 Orph.
342 1592 465 1630 Argon.
486 1601 499 1620 1
511 1592 548 1621 13
558 1601 570 1620 1
586 1600 648 1620 πα·

73 1644 164 1677 τ’,ιγι
154 1631 220 1664 δε
240 1638 317 1665 ‘1:20'
333 1634 453 1675 νγθασ.
455 1648 469 1665 ν
491 1647 532 1666 πο
536 1647 613 1667 -συ
606 1647 646 1667 ι

72 1683 111 1710 Δ;
107 1677 184 1723 ’νὸρε
188 1692 219 1718 σι,
223 1681 512 1723 malimintelligere
520 1683 646 1713 arbusta

70 1727 105 1756 in
124 1729 191 1768 ripa
203 1751 212 1764 ,
232 1727 423 1757 Acherontis
444 1730 578 1768 strepitu
598 1739 646 1758 re·

69 1775 224 1804 sonantia,
235 1775 264 1802 V
267 1775 344 1803 ariat
353 1780 458 1803 autem
469 1774 542 1811 hoc,
557 1774 646 1814 qnod

68 1819 146 1849 locis
155 1820 262 1850 inferis
272 1819 370 1849 modo
381 1830 487 1849 amnes
497 1827 644 1860 stagnan-

71 1872 115 1895 tes
131 1876 166 1896 ac
184 1867 329 1902 silentes,
355 1864 451 1895 modo
469 1871 644 1906 strepentes

70 1911 268 1942 tribuuntur.
281 1911 294 1953 )
309 1913 379 1941 Hoc
396 1911 502 1940 malim
515 1935 523 1948 ,
546 1922 642 1952 quam

71 1957 186 1997 dicere,
202 1964 327 1999 poetam
342 1959 508 1987 Avernum
519 1958 640 1996 lacum,

70 2004 170 2045 qualis
183 2014 272 2035 nunc
288 2011 354 2035 erat
364 2011 622 2045 ,repraesentasse
633 2027 641 2042 ,

71 2051 292 2082 continuatum
313 2061 386 2081 cnm
406 2051 566 2089 Lucrino,
590 2057 639 2090 et,

70 2097 177 2128 infuso
197 2108 254 2138 per
273 2097 371 2137 hujus
392 2097 497 2127 fauces
510 2120 519 2136 ,
541 2098 639 2136 mari3

73 2142 158 2172 unde
173 2143 288 2186 Georg.
307 2145 358 2180 ΙΙ,
387 2144 447 2174 163
470 2144 560 2175 Julia
576 2154 641 2185 qua

69 2196 168 2229 ponto
187 2189 280 2232 longe
300 2198 392 2221 sonat
406 2190 493 2220 unda
512 2190 637 2233 reficso,

76 2234 314 2278 Ίζχπῆεηωᾳμε
338 2236 436 2280 fietis
465 2236 645 2269 immittitur

705 900 798 923 aestus
808 893 953 923 Auernis.
964 904 994 923 v.
1004 892 1050 922 ibi
1064 899 1130 922 not.
1148 892 1282 922 Dt'viseos

705 947 809 970 autem
831 940 920 969 lacus
940 939 990 968 vel
1007 940 1140 969 omnino
1156 950 1260 970 sacros
1271 963 1279 975 ‚

705 994 924 1023 consecratos,
951 997 1025 1016 cum
1050 987 1178 1023 Servio,
1201 988 1282 1016 acci-

704 1034 771 1073 pies
782 1056 790 1070 ,
808 1033 859 1062 vel
873 1040 1005 1074 propter
1024 1033 1161 1062 vicinam
1175 1033 1281 1074 Sibyl-

704 1080 765 1109 lam
790 1079 931 1109 divinam
957 1086 1080 1117 vatem3
1110 1089 1186 1109 mox
1215 1080 1279 1114 443

705 1126 855 1155 insanam
873 1124 1120 1161 ἐνθιυσισίζωσαν
1132 1148 1140 1162 ,
1162 1125 1258 1156 ἐνθεεν
1272 1149 1280 1163 ,

704 1173 792 1213 quod
811 1183 933 1214 semper
952 1171 1212 1202 substituendum
1224 1195 1232 1210 ,
1247 1179 1283 1202 ut

704 1220 799 1249 semel
813 1230 1008 1256 moneamus,
1024 1229 1096 1248 cum
1107 1218 1145 1248 de
1162 1218 1280 1255 furore,

703 1267 824 1295 insam'a
852 1273 961 1295 vatum
983 1267 1097 1307 agitur.
1114 1267 1203 1304 Rupe
1227 1265 1283 1294 sub

704 1312 770 1341 ima
781 1335 789 1350 ‚
815 1313 850 1341 in
872 1319 963 1342 antro
974 1334 983 1349 ,
1010 1322 1088 1341 mox
1114 1312 1180 1346 450
1204 1322 1282 1341 cavo

702 1370 796 1389 saxo.
811 1359 933 1394 Notas,
950 1359 1055 1388 literas
1066 1380 1074 1394 ,
1090 1363 1121 1387 et
1135 1357 1279 1395 nomina,

701 1406 798 1435 verba
808 1428 818 1443 ,
842 1405 984 1444 adeoque
1003 1404 1091 1444 quod
1106 1405 1141 1432 in
1158 1404 1280 1445 vulgari

701 1462 866 1489 sermone,
895 1451 997 1480 verba
1021 1448 1137 1480 scribit.
1158 1450 1197 1481 cf.
1220 1451 1278 1480 Ge.

701 1500 769 1536 III,
791 1499 852 1528 158
865 1520 875 1536 ,
897 1496 1118 1536 Continuoque
1137 1504 1230 1526 notas
1249 1504 1282 1526 et

703 1545 837 1575 nomina
850 1542 955 1585 geneis
971 1542 1109 1572 inurunt.
1125 1543 1174 1572 De
1187 1553 1221 1572 re
1237 1543 1278 1573 cf.

703 1591 741 1620 ad
755 1602 786 1621 v.
803 1591 881 1628 457.

750 1636 943 1673 445-452.
967 1634 1096 1676 Digeric
1115 1636 1149 1665 in
1169 1644 1278 1666 nume-

701 1694 768 1713 rum
777 1705 787 1718 ,
816 1681 944 1712 ordinat
955 1704 963 1719 ,
989 1682 1130 1722 disponit
1142 1683 1177 1712 in
1192 1682 1278 1712 ordi-

699 1738 771 1757 nem
783 1751 791 1765 ,
809 1734 846 1757 ut
859 1728 940 1757 bene
955 1729 1083 1758 Servius
1094 1750 1103 1764 ,
1120 1734 1151 1757 et
1166 1734 1203 1757 ut
1219 1739 1276 1768 pa-

699 1780 745 1803 tet
758 1785 788 1804 v.
807 1780 870 1812 447
883 1796 892 1811 ,
913 1780 1007 1814 atque
1023 1780 1115 1804 antro
1130 1773 1276 1806 includit.

702 1819 857 1849 Carmina
900 1830 969 1849 non
1001 1830 1060 1860 pro
1095 1820 1240 1850 versibus
1267 1830 1275 1851 :

697 1866 752 1896 sed
762 1867 920 1896 vaticinia.
935 1883 982 1888 —-
997 1865 1061 1901 448
1071 1889 1079 1897 .
1095 1868 1214 1897 Ventus
1231 1874 1276 1897 te-

697 1912 788 1950 nuis;
805 1919 898 1943 ornat
910 1911 1093 1953 epitheton,
1112 1923 1129 1942 a
1140 1920 1254 1944 natura
1266 1936 1275 1951 ,

695 1966 795 1999 puto,
809 1960 897 1989 venti
910 1966 1068 1996 sumtum;
1085 1959 1195 1989 saltem
1210 1959 1274 1990 hoc

696 2005 822 2047 dignius
843 2012 956 2047 poeta,
980 2016 1076 2047 quam
1096 2010 1133 2035 ut
1153 2006 1224 2037 sit:
1247 2007 1275 2036 si

694 2051 746 2082 vel
755 2062 868 2093 parum
878 2053 965 2082 venti
975 2053 1150 2082 immissum
1162 2051 1271 2084 fuerit.

694 2116 740 2122 —
752 2104 828 2139 449.
849 2098 998 2129 Turbavit
1006 2097 1151 2143 flamine
1183 2099 1272 2140 inge-

693 2146 782 2176 niose
793 2146 876 2184 conj.
895 2147 949 2176 Jo.
968 2144 1115 2177 Shrader.
1129 2146 1165 2174 in
1178 2145 1276 2176 Sche-

695 2191 911 2224 dis.—-Janua
920 2198 1004 2223 mota
1014 2215 1023 2230 ‚
1037 2198 1185 2232 motaque
1197 2202 1273 2221 cum

694 2240 773 2281 ipsa,
784 2239 998 2276 aura.-451.
1009 2238 1093 2269 Situs
1101 2239 1225 2280 positus
1244 2245 1276 2269 et

1066 2303 1083 2318 η-

1017 2315 1065 2341 20
