1433 2460
147 75 209 106 ail,

646 70 840 101 AENEmos

143 129 236 163 Mox
256 134 291 162 et
311 127 484 162 Leucatae
503 123 673 161 nimbosa
694 127 886 163 cacumina
906 127 1061 171 montis,

144 189 189 224 Et
211 186 431 224 formidatus
451 186 573 223 nautis
594 186 762 236 aperitur
781 187 930 237 Apollo.
1293 193 1338 226 ³75

143 344 230 388 Σάμη
249 346 366 376 lectum
384 345 442 376 fuit
461 348 554 376 ctiam
573 358 589 376 a
607 349 711 387 Virgi-

141 391 185 421 lio
199 415 206 427 ‚
237 400 346 422 contra
376 400 468 433 atque
496 393 713 433 Apollodorus

140 439 268 468 volebat
284 450 332 479 ap.
350 440 450 469 Stral».
466 442 495 469 Χ
508 461 515 475 ,
542 450 572 478 p.
593 440 656 474 453
673 441 712 469 Ι).

139 485 219 513 Sane
246 487 445 515 communius
471 495 585 514 nomen
607 488 715 515 Samos

140 532 233 560 etiam
244 531 327 571 apud
343 534 525 568 Homerum,
540 542 610 571 quae
625 531 713 561 dein-

140 587 214 617 ceps
231 577 442 618 Cephallenia.
464 577 646 607 Dulichium
669 584 714 607 cst

138 633 238 664 prope
247 624 491 664 Cephalleniam,
508 625 593 654 unde
611 625 715 653 etiam-

138 679 227 700 nunc
237 682 340 710 [πηνα
353 671 563 711 Cephallenia
575 671 624 700 vcl
638 672 714 700 Tea-

140 715 175 744 ki
195 718 380 757 appellatur.
406 717 444 747 cf.
469 717 597 747 ll'eeler
612 728 643 757 p.
670 718 711 747 33

136 771 206 802 sqq.
227 763 356 793 Neritos
376 764 511 805 Virgilio
535 764 635 793 videri
654 773 712 803 po-

137 809 201 837 tuit
215 808 337 839 diversa
353 811 392 840 ab
412 811 518 840 Ithaca
533 810 635 839 insula
646 833 654 847 ‚
678 816 713 838 ut

137 854 232 884 Melae
242 857 273 884 11
282 878 289 892 ,
303 867 318 894 7
331 867 339 894 ;
353 864 383 886 et
395 857 456 887 hoc
470 856 574 886 malim
587 866 594 886 :
610 862 714 896 potest

138 905 245 930 tamen
261 904 353 932 etiam
367 904 509 939 Neritos,
529 903 583 943 qui
598 902 713 931 Ithacae

136 955 230 976 mons
246 955 310 985 est,
337 949 440 988 primo
461 948 534 978 loco
552 947 592 977 ad
613 947 713 989 desig-

136 992 273 1023 nandam
305 994 444 1023 Ithacam
476 995 597 1035 positus
627 1004 691 1023 esse
702 1016 710 1031 ‚

136 1048 209 1078 quae
233 1050 308 1069 mox
323 1039 438 1069 diserte
461 1047 493 1070 et
506 1041 572 1081 ipsa
592 1050 711 1069 memo-

136 1091 235 1115 ratur.
254 1086 405 1126 Scopulos
421 1086 542 1116 Ithaca:
563 1086 653 1116 Iliad.
670 1097 710 1129 γ,

138 1139 204 1160 200
215 1153 223 1168 ,
240 1141 282 1162 20
291 1143 318 1170 1,
333 1129 527 1175 Λαερτιάδης
540 1131 710 1174 πολύμητις

135 1168 302 1216 ὀδυσσεὺς,
319 1170 360 1213 ὃς
376 1176 478 1221 τράφη
496 1178 524 1209 ἐν
546 1175 636 1222 δήμῳ
645 1172 711 1209 iod-

135 1233 191 1258 κης
215 1227 352 1266 κραναῆς
376 1235 435 1267 περ
454 1224 568 1259 ἐούσης.
583 1227 632 1255 Ex
656 1236 709 1255 eo-

134 1269 208 1300 dem
222 1271 327 1312 itaque
340 1272 410 1301 loco
423 1270 552 1301 fluxisse
562 1270 710 1301 videntur

134 1315 267 1346 Laertia
280 1317 475 1358 regna—Et
488 1322 607 1346 terram
623 1316 710 1347 alm·-

133 1371 202 1392 cem
221 1363 330 1402 Ulyxi.

183 1415 249 1448 274
260 1431 268 1446 ,
287 1409 363 1447 275.
379 1411 528 1440 Leucates
538 1431 546 1447 ,
561 1407 574 1438 ὁ
587 1406 708 1439 Λευκαί-

133 1465 206 1492 της,
226 1456 333 1485 nobile
357 1463 518 1485 amantum
538 1456 620 1485 saltu
635 1467 709 1496 pro-

131 1502 329 1532 montorium
355 1501 526 1537 Leucadis,
552 1513 607 1531 seu
629 1504 708 1531 Leu-

131 1548 229 1578 cadiae
239 1570 248 1585 ‚
278 1549 354 1578 olim
384 1548 577 1589 peninsulae,
601 1555 708 1588 postea

130 1595 254 1626 insulae.
269 1597 340 1625 Hoc
352 1594 502 1634 aperitur,
515 1595 548 1623 in
562 1604 707 1634 conspec-

130 1647 202 1671 tum
217 1642 305 1670 venit
319 1640 416 1682 (conf.
433 1641 489 1671 inf.
507 1639 546 1669 ad
562 1646 600 1676 41
613 1640 659 1681 1),
676 1647 707 1670 et

131 1687 295 1727 Apollinis
303 1686 437 1728 sanum.
464 1689 671 1726 Interpreies,
689 1697 706 1716 a

129 1735 240 1764 Servio
250 1733 336 1771 inde,
347 1740 503 1774 quantum
520 1733 623 1769 video,
640 1732 706 1762 haec

127 1780 264 1818 junctim
280 1779 318 1809 de
334 1790 401 1810 uno
413 1780 486 1809 loco
497 1802 505 1817 ‚
526 1779 564 1808 de
581 1779 706 1819 Apolli-

131 1827 180 1855 nis
205 1826 324 1866 templo
360 1828 502 1855 Leucatae
530 1826 680 1865 imposito
695 1847 704 1863 ,

130 1873 312 1912 accipiunt²
330 1871 417 1912 quod
431 1882 504 1902 sane
518 1871 631 1901 Strabo
645 1871 702 1902 lib.

131 1919 172 1953 X,
195 1928 227 1957 p,
255 1919 318 1954 452
344 1920 369 1948 B
394 1925 557 1948 memorat.
582 1920 704 1947 Verum

129 1961 226 1992 habet
244 1974 278 1993 ea
292 1975 341 1993 res
358 1964 444 1993 haud
458 1974 553 1994 unam
570 1961 705 1993 difficul-

130 2015 242 2045 tatem,
261 2020 354 2049 quam
372 2012 559 2051 interpretes
573 2012 703 2040 sensisse

129 2065 197 2085 non
211 2054 378 2086 videntur:
393 2068 466 2086 nam
479 2058 618 2098 primum
629 2067 705 2097 par-

129 2110 169 2130 να
182 2100 251 2129 urbs
265 2112 295 2130 v.
311 2102 376 2139 276
393 2103 479 2132 nulla
495 2103 552 2133 alia
568 2113 632 2132 esse
647 2113 704 2143 po-

129 2146 204 2176 terit
213 2157 308 2187 quam
317 2149 438 2177 Leucas
446 2150 480 2178 in
488 2150 703 2189 septentrione

130 2192 241 2224 insulae
265 2193 343 2232 sita;
368 2194 412 2225 ita
432 2205 508 2226 vero
533 2205 601 2226 non
622 2195 703 2227 bene

767 350 916 378 convenit
939 349 1085 378 narratio.
1104 348 1198 376 lluuc
1223 347 1340 387 Appol-

766 395 862 423 liuem
879 417 886 430 ,
918 395 978 423 hoc
1016 394 1270 433 prouumtmium
1306 392 1338 422 iu

768 440 904 469 australi
928 448 1015 480 parte
1046 442 1180 479 petimus
1210 447 1238 468 et
1267 439 1339 468 urbi

768 485 966 515 succedimus
989 488 1022 515 in
1040 485 1277 525 septentrionali
1300 486 1340 515 la-

769 538 832 561 tere
848 533 925 568 sitae,
940 532 1061 572 aliquot
1076 531 1199 561 dii-rum
1214 533 1338 573 naviga—

768 579 854 607 tione
876 579 1048 616 interjecta.
1074 580 1172 607 Porro
1196 578 1339 617 sequitur

767 623 856 654 locus
866 625 998 654 deludis
1009 625 1146 653 Actiacis
1159 623 1339 653 celebratis:

768 681 807 700 an
830 682 906 701 vcro
929 671 974 700 illi
999 671 1141 701 Leucade
1163 670 1339 699 celebrati?

766 718 971 747 Manifestum
1003 727 1097 757 porro
1129 716 1184 754 fit,
1214 723 1338 756 poetam

765 762 833 793 haec
860 765 1026 793 inserui-,sc
1052 765 1084 792 in
1112 763 1249 803 Augusti
1276 774 1340 803 gra-

765 810 858 847 tiam,
878 821 894 839 a
911 821 976 851 quo
993 811 1025 839 in
1045 810 1184 839 victoriae.
1201 809 1338 838 Actiacae

766 858 949 886 memoriam
980 856 1048 885 ludi
1085 855 1206 885 Actiaci
1243 855 1337 894 quin-

765 903 936 941 quennales
950 902 1086 931 instituti
1101 907 1199 931 erant.
1217 899 1256 930 cf.
1274 901 1337 930 Dio

765 949 803 977 LI
827 960 874 988 pr.
892 950 1020 978 Actium
1043 949 1159 988 igitur,
1182 957 1247 977 non
1260 948 1338 976 Leu-

765 1006 826 1033 cas,
837 994 1149 1025 commemoranduni
1162 1000 1236 1022 erat.
1252 994 1337 1032 Quo-

765 1052 893 1081 cunque
910 1051 959 1070 me
975 1047 1110 1074 vertam,
1132 1049 1203 1079 quae
1221 1039 1272 1068 hic
1288 1049 1335 1068 se-

765 1094 933 1128 quuntur:
957 1086 1045 1127 quod
1069 1086 1115 1115 ad
1139 1085 1197 1114 Ιιοε
1213 1084 1335 1126 fanum

763 1133 965 1174 appulerint,
997 1131 1165 1172 urbemque
1200 1129 1335 1161 intrave-

763 1179 846 1216 rint,
869 1179 1021 1219 ludosque
1036 1177 1186 1207 Actiacos
1199 1177 1335 1207 celebra-

763 1225 864 1256 verint
871 1238 883 1261 ;
895 1236 965 1255 meo
977 1224 1191 1265 qualicunque
1203 1222 1335 1262 judicio,

763 1271 802 1301 ad
820 1272 953 1301 alterum
978 1271 1235 1310 promontorium
1260 1270 1336 1312 ipsis

761 1318 849 1348 sinus
863 1315 1025 1346 Ambracii
1042 1314 1186 1344 faucibus
1200 1320 1335 1354 praetex-

761 1369 831 1393 tum
844 1362 984 1392 ducunt:
999 1363 1032 1391 in
1047 1362 1107 1390 hoc
1120 1362 1192 1390 sinu
1206 1361 1334 1390 Actium

761 1409 916 1450 oppidum
927 1415 957 1438 ct
967 1414 1076 1448 portus
1088 1414 1175 1437 tutus
1184 1414 1215 1436 et
1224 1407 1334 1436 fanum

761 1455 921 1496 Apollinis
938 1455 1069 1484 Actiaci.
1093 1464 1123 1483 v.
1143 1452 1254 1482 Strabo
1272 1452 1329 1483 lib.

760 1503 811 1538 X,
835 1513 866 1542 p.
886 1502 948 1537 451
978 1502 1028 1537 D;
1051 1501 1179 1539 V11,p.
1204 1498 1268 1528 325
1291 1500 1331 1529 A.

761 1547 907 1589 Thucyd.
931 1547 987 1577 lib.
1003 1548 1036 1582 Ι,
1063 1556 1089 1576 c.
1108 1556 1161 1584 29.
1178 1544 1273 1585 Quod
1288 1546 1333 1582 si,

761 1592 822 1623 hoc
845 1595 969 1634 posito,
993 1593 1051 1622 alia
1071 1590 1239 1621 difficultas
1257 1590 1332 1620 sub-

759 1641 879 1677 oritur,
894 1639 981 1680 quod
997 1639 1128 1668 Actium
1145 1643 1332 1678 promonto—

759 1686 859 1724 rium,
886 1687 968 1715 intra
996 1686 1100 1714 sinum
1125 1683 1333 1713 Ambracium

759 1733 873 1770 situm,
897 1738 928 1761 et
945 1733 1027 1761 intra
1047 1731 1237 1760 exteriorem
1260 1739 1333 1768 por-

759 1784 827 1807 tum
846 1777 1011 1813 recedens,
1039 1787 1079 1806 ex
1102 1776 1165 1806 alto
1191 1775 1333 1815 conspici

758 1831 790 1854 et
814 1825 978 1855 formidari
1005 1823 1108 1854 nautis
1132 1822 1254 1862 nequiit
1278 1819 1330 1862 (V.

758 1870 1002 1911 descriptionem
1015 1870 1102 1899 sinus
1116 1867 1278 1898 Ambracii
1292 1866 1332 1896 ab

757 1918 902 1947 Anvillio
917 1917 1029 1946 factam
1041 1915 1137 1945 Me'm.
1148 1914 1188 1943 de
1198 1912 1329 1943 l'Acad.

757 1963 813 1993 des
836 1965 934 1993 Jnscr.
958 1970 980 1992 t.
999 1961 1145 1997 XXXII,
1160 1970 1191 2000 p.
1218 1958 1306 1999 215)
1322 1969 1329 1989 :

757 2009 969 2050 reputandum
988 2014 1035 2037 est
1052 2016 1059 2036 :
1086 2006 1239 2044 Trojanos
1258 2005 1331 2034 licus

757 2055 871 2097 legisse
891 2066 902 2085 .·
926 2055 968 2083 ita
991 2053 1170 2093 pervenisse
1194 2051 1232 2080 ad
1255 2061 1329 2092 pro-

757 2102 953 2131 montorium
983 2099 1210 2135 Anactorium,
1240 2098 1329 2138 quod

755 2158 791 2179 os
826 2147 991 2177 exterioris
1020 2147 1108 2174 sinus
1145 2151 1191 2174 est
1206 2155 1215 2182 ;
1252 2144 1328 2174 hinc

755 2200 940 2236 prospectus
954 2192 1041 2224 Actii
1053 2191 1266 2233 promontorii
1277 2190 1329 2222 ha-
