1433 2460
147 128 207 157 1315

651 128 844 158 AExssmos

141 187 503 237 Myrmidonumque
523 185 630 224 dolos
649 201 656 222 :
680 187 751 224 fusi
773 201 839 237 per
860 188 997 225 moenia
1018 189 1157 226 Teucri

140 248 382 292 munima-115
404 258 519 296 sopor
537 246 652 285 sessos
672 248 937 297 complectitur
958 259 1075 285 anus.

194 311 233 344 Et
249 308 326 357 jam
346 306 488 356 Argiva
505 306 671 358 phalanx
692 309 885 347 instructis
906 308 1066 347 navibus
1087 308 1168 347 ibat

139 374 171 407 A
191 367 362 413 'rem-do,
381 368 502 404 tacitae
523 380 591 417 per
610 369 729 406 amica
749 370 896 407 silentia
917 371 1014 408 lunxe

1294 380 1344 404 255

140 430 268 465 Litora
288 436 376 463 nota
394 437 549 478 peten53
574 428 742 465 flammas
761 443 878 478 quum
898 431 1000 480 regia
1021 431 1160 481 puppis

140 489 352 534 Extulerat,
372 488 533 538 satisque
550 488 662 526 deum
683 488 859 527 defensus
880 491 1041 540 iniquis,

138 549 305 587 Inelusos
325 557 434 586 utero
451 552 603 587 Danaos
627 558 665 586 et
685 550 797 599 pinea
814 550 944 587 furtim

138 614 256 648 Laxat
273 612 436 647 claustra
456 611 587 648 Sinon.
605 611 694 648 Illos
713 611 923 660 patefactus
940 612 987 649 ad
1009 625 1119 649 auras

135 729 278 760 fraudem
315 728 437 768 judicio
480 728 562 759 facto
573 753 581 766 ‚
622 730 711 770 quasi

134 777 195 807 hoe
219 777 351 817 singulis
370 774 520 806 noctibus
530 775 584 807 fiat
594 774 617 814 )‚
629 776 691 808 ruit
701 803 708 817 ‚

135 825 292 865 exquisite
305 834 364 864 pro
388 824 494 861 venit,
506 826 623 866 surgit,
646 835 710 855 um-

133 871 190 900 bra
208 881 350 911 magna,
376 870 441 901 vid.
459 870 498 900 ad
517 872 632 913 Georg.
658 874 706 910 11,

137 918 213 948 338.
228 917 468 955 ,]h·1·1n1'cl011111n
484 918 574 947 dolos
584 941 593 954 ,
611 930 706 959 quain

131 964 295 1005 ingeniose
327 964 486 1003 adjectum
509 971 539 994 et
565 976 639 995 vere
664 973 708 996 ta-

132 1012 223 1041 men!
241 1013 306 1040 Per
327 1011 446 1040 moem'a
471 1021 558 1040 nunc
584 1019 631 1042 est
651 1023 708 1053 per

132 1057 245 1087 urbem
257 1057 406 1098 dispersi:
417 1068 511 1098 sopor
509 1057 617 1098 fissos
626 1070 708 1089 com-

125 1103 381 1143 plectimt·artus.
393 1106 466 1134 Non
481 1112 624 1134 moratur
637 1117 708 1146 poe-

132 1157 161 1179 ta
186 1151 220 1179 in
245 1151 529 1181 comessationibus
554 1153 707 1190 Trojano-

130 1206 222 1233 rum,
257 1207 335 1236 quas
367 1196 502 1239 adtiQit
526 1204 651 1228 tantum
676 1211 707 1230 v.

133 1243 211 1273 265.
235 1244 281 1272 At
301 1254 331 1273 v,
347 1244 482 1285 ineptias
504 1245 619 1285 Quinti
639 1245 705 1276 Cal.

134 1291 214 1320 XIII
230 1299 279 1329 pr.

179 1336 256 1373 254,
271 1335 347 1366 255.
359 1335 517 1366 Phalanx
535 1336 628 1368 docte
644 1349 704 1379 pro

129 1382 226 1412 classe
237 1404 245 1418 ,
262 1381 370 1412 tacitae
379 1393 442 1422 per
452 1383 561 1413 αιηίεα
574 1383 705 1415 silentia

129 1428 215 1458 ltmae
233 1435 343 1458 ornate
360 1440 418 1469 pro
441 1437 550 1460 noctu.
567 1430 704 1462 Silentia

129 1475 229 1504 noctis
243 1485 326 1515 saepe
340 1475 425 1516 apud
440 1484 568 1516 poetas;
593 1478 703 1508 eadem

128 1521 248 1556 tacita,
272 1520 388 1558 silens,
415 1522 588 1554 taciturna.
606 1526 702 1555 Nunc

128 1568 242 1609 virgil.
259 1567 390 1597 silentia
405 1568 444 1598 ad
460 1570 572 1599 lunam
602 1577 702 1601 traus-

127 1614 220 1651 tulit,
251 1613 339 1655 quod
366 1617 462 1656 magis
485 1618 579 1646 etiam
599 1619 701 1657 poeti-

128 1670 222 1697 cum3
252 1671 418 1701 quumque
457 1662 588 1692 silentia
615 1663 723 1694 lame.

126 1716 182 1746 per
195 1717 228 1737 se
241 1706 304 1736 dici
318 1714 403 1737 recte
416 1710 538 1748 possint
554 1720 613 1750 pro
630 1721 703 1740 noc-

126 1759 175 1788 te,
201 1755 267 1783 sive
294 1754 369 1783 luna
392 1754 528 1794 fulgeat,
552 1757 618 1786 sive
657 1757 700 1786 la-

126 1806 208 1836 teat;
243 1807 337 1840 poeta
359 1807 464 1830 tamen
486 1812 581 1831 versu
607 1803 672 1838 340
690 1826 698 1840 ‚

125 1845 225 1875 oblati
240 1857 305 1886 per
328 1847 463 1884 lunam,
497 1849 570 1878 satis
596 1848 699 1879 decla-

123 1903 205 1922 rasse
219 1893 364 1929 videtur,
389 1905 422 1923 se
438 1894 550 1924 lunam
565 1906 640 1925 cum
653 1907 700 1925 ra-

122 1939 209 1969 tione
227 1941 388 1980 posuisse,
416 1940 562 1981 adoptata
586 1952 698 1973 eorum

121 1987 273 2024 opinion-e
293 1987 349 2027 qui
364 1989 494 2026 Trojain
518 1988 698 2028 plenilunio

121 2033 258 2062 excisam
280 2033 474 2064 tradiderant
495 2044 504 2065 z
529 2046 560 2065 v.
585 2035 694 2067 laudd.

121 2088 138 2105 a
154 2078 357 2116 Burmanno3
379 2081 524 2121 inprimis
541 2093 617 2112 vero
634 2089 696 2113 vet.

119 2123 226 2154 Schol.
246 2126 444 2166 Euripideae,
464 2128 588 2158 Hecub.
611 2130 698 2168 913;

81 2164 86 2168 ”
118 2176 150 2198 et
164 2172 290 2201 Petron.
310 2173 351 2211 89
364 2197 371 2207 ,
393 2174 453 2211 54,
474 2175 529 2205 55.
545 2175 696 2206 Praeclare

117 2215 157 2245 de
178 2216 211 2247 h.
226 2217 248 2247 l.
268 2219 329 2259 egit
353 2221 460 2251 Burin.
489 2221 577 2252 Nihil
599 2233 695 2263 expe-

117 2261 219 2294 dierat
241 2274 315 2294 cum
337 2266 404 2295 aliis
426 2268 567 2300 Pam—has.
586 2270 692 2310 Quaes.

765 739 821 769 per
838 730 929 770 epist.
951 731 975 759 1.
997 732 1079 760 Sunt
1095 740 1168 760 sane
1187 731 1280 760 eiiam
1301 731 1341 760 si-

765 775 867 805 lentia
899 776 995 806 maris
1021 784 1053 806 et
1077 784 1248 808 ventorum
1264 802 1274 815 ‚
1311 785 1343 809 et

764 829 898 861 possunt
916 823 968 853 illa
990 834 1064 853 cum
1088 824 1215 855 silentio
1237 827 1342 856 noctis

763 869 934 906 conjuncta
949 881 1025 907 (τῶ-ες
1036 870 1074 899 de
1090 871 1137 901 his
1152 878 1257 902 tamen
1267 883 1342 913 poe-

763 922 790 944 ta
808 926 895 945 nunc
922 917 1000 946 nihil
1019 919 1219 949 memoravit.
1246 919 1340 949 Ami-

761 973 800 990 ca
814 962 944 993 silentia
955 987 964 999 ,
989 971 1074 1004 grata
1088 972 1118 994 et
1135 965 1272 995 faventia
1288 967 1337 996 in-

760 1009 848 1038 sidiis
868 1010 1079 1041 Achivorum.

810 1055 886 1087 256.
901 1059 967 1087 Fax
978 1057 1111 1094 sublata,
1127 1059 1254 1088 s'trnum
1267 1069 1340 1099 pro-

760 1100 906 1133 fectionis
917 1127 925 1141 ‚
948 1115 964 1133 e
982 1106 1055 1134 navi
1072 1105 1236 1145 praetoria,
1252 1116 1338 1136 nunc

761 1148 882 1179 reditus
896 1161 1004 1182 versus
1013 1150 1088 1181 litus
1098 1152 1283 1189 Trojanum.
1293 1170 1339 1176 —

765 1197 842 1234 257.
860 1198 1011 1240 Facisqne
1021 1197 1115 1228 deum
1126 1197 1275 1238 defensus
1293 1198 1341 1229 ἰη-

762 1241 844 1283 iqm's
857 1244 952 1286 :fata
969 1246 1064 1275 deam
1083 1255 1124 1275 ex
1139 1255 1238 1276 more.
1254 1246 1336 1277 Nam

761 1290 859 1320 modo
869 1291 940 1321 fatis
950 1293 1011 1333 ipsi
1023 1291 1068 1321 dii
1082 1297 1232 1321 tenentur
1243 1302 1251 1329 ;
1267 1302 1335 1322 mo·-

759 1335 801 1365 do
821 1336 973 1376 deorum,
999 1338 1144 1378 inprimis
1165 1337 1256 1368 Jovis
1277 1348 1336 1368 vo-

757 1381 890 1421 luntate,
902 1386 1154 1422 constituuntur,
1166 1391 1197 1414 et
1205 1394 1266 1424 pro
1275 1383 1337 1414 diis

759 1428 877 1470 iniquis
891 1431 952 1461 sata
967 1433 1075 1472 iniqua
1089 1430 1188 1468 dixit,
1201 1440 1245 1461 sc.
1257 1432 1336 1461 Tro-

754 1477 837 1514 janis
864 1478 977 1507 infesta
1003 1488 1010 1508 ε
1035 1476 1203 1518 defensus,
1229 1487 1333 1507 serva-

757 1523 821 1551 tus
832 1525 932 1554 Sinon
964 1535 980 1553 a
1005 1525 1163 1562 Trojanis.
1177 1541 1224 1546 —
1246 1523 1335 1553 Facis

756 1568 863 1599 divum
904 1570 1028 1600 Zulich.
1067 1570 1156 1610 quod
1196 1569 1303 1600 malim
1323 1583 1332 1608 3

756 1625 830 1644 nam
844 1616 961 1656 copula
975 1627 1090 1657 parum
1105 1616 1273 1646 commode
1288 1617 1334 1647 in-

758 1664 908 1702 terposita
934 1671 980 1693 est
995 1662 1158 1703 :fictisque
1177 1663 1232 1692 dei
1246 1663 1331 1694 Gud.

756 1718 816 1748 pro
838 1709 902 1740 div.
917 1709 990 1739 lect.
1013 1720 1041 1739 ν.
1067 1710 1177 1740 Burin.
1191 1727 1238 1733 —-
1253 1711 1330 1741 258.

757 1755 894 1784 Danaos
907 1763 939 1784 et
950 1756 1092 1785 claustra
1106 1755 1163 1797 (in
1177 1757 1274 1787 tatere
1289 1757 1334 1788 fo-

756 1810 804 1829 res
822 1801 833 1841 )
859 1802 973 1840 laxat,
1006 1802 1102 1832 solito
1127 1813 1216 1833 more
1226 1826 1235 1839 ,
1264 1813 1332 1834 uno

754 1847 854 1877 verbo
868 1847 996 1878 duobus
1011 1848 1197 1878 nominibus
1211 1859 1333 1880 accom-

756 1894 903 1932 modato,
932 1896 1061 1936 proprie
1080 1894 1232 1933 diversis;
1257 1907 1330 1937 ape-

754 1942 811 1978 rit,
838 1948 869 1971 et
891 1943 1016 1971 Danaos
1039 1942 1180 1972 emittit:
1198 1941 1327 1978 ἐκλύσας

752 1998 801 2028 ap.
813 1988 973 2029 Lycophr.
990 1989 1067 2025 343,
1083 1987 1171 2028 quod
1185 1989 1326 2020 Brunck.

751 2034 791 2064 ad
805 2035 958 2075 Apollon.
977 2036 992 2063 1
1004 2057 1012 2071 ‚
1033 2034 1099 2074 955
1118 2045 1134 2063 e
1152 2034 1223 2065 cod.
1239 2037 1328 2066 resti-

752 2082 832 2117 tuit,
857 2091 917 2121 pro
943 2080 1154 2111 illustratione
1180 2092 1245 2111 esse
1268 2092 1326 2123 po-

752 2134 812 2157 test
828 2136 836 2157 :
853 2125 988 2171 γαστρὲς
1003 2125 1133 2163 ἐκλύσας
1153 2124 1234 2172 ζυγὰ
1246 2150 1255 2166 ,
1280 2136 1326 2159 est

749 2174 855 2203 soluta
869 2173 935 2203 alvi
946 2185 1112 2216 compage.

798 2221 875 2261 259.
898 2223 974 2251 Post
993 2221 1095 2251 Sinon
1111 2219 1203 2252 finita
1219 2222 1328 2262 priore

749 2269 902 2298 sententia
927 2278 1045 2298 novam
1060 2267 1246 2298 ordiendam
1263 2278 1324 2310 pu-
