1433 2460
589 133 712 190 {ABER
737 134 762 162 1.
1235 135 1276 173 υτ

125 199 174 233 At
193 194 379 244 Cytherea
393 203 510 228 novas
526 191 637 236 artis,
656 203 754 227 nova
770 198 922 239 pectore
940 201 1065 228 versat

75 257 256 303 Consilia,
276 265 316 292 ut
333 253 467 291 faciem
487 260 653 289 mutatus
673 260 711 288 et
728 260 819 297 ora,
838 252 987 301 Cupido

72 321 145 356 Pro
159 317 259 354 dulei
275 315 438 353 Ascanio
457 312 602 359 veniat,
620 313 807 362 donisque
828 313 1015 349 furentem

72 378 253 417 Incendat
269 377 457 427 reginam,
473 384 587 425 atque
608 373 756 411 ossibus
778 374 946 423 implicet
967 374 1103 423 ignem.

1227 383 1277 407 660

73 439 227 488 Quippe
247 438 402 474 domum
422 435 528 472 timet
545 433 780 484 ambiguam,
797 434 1009 483 Tyriosque
1028 433 1225 484 bilinguis3

73 499 161 537 Urit
178 507 287 536 atrox
304 499 325 534 J
330 509 424 542 un0‚
441 505 478 533 ct
494 495 565 533 sub
582 505 732 532 noctem
750 508 841 532 cura
858 503 1039 532 recursat.

74 645 195 676 Induit.
209 646 275 675 Vix
290 643 454 679 accedam,
476 643 521 678 si,
548 648 583 672 ut
599 643 646 671 in-

74 693 200 723 terdum
234 692 336 727 solet,
366 690 543 729 duplicem,
577 689 647 717 sim-

74 740 198 780 pliciter
232 749 291 778 pro
323 747 456 777 magna,
478 735 644 775 praeclara,

74 787 210 825 accipias
227 785 372 824 positam.
398 783 531 811 Diverso
552 790 647 809 sensu

72 831 223 873 geminas
246 839 381 859 coronas
403 827 565 858 Claudian.
595 828 645 862 X,

76 879 141 908 203
164 878 255 917 simp.
273 885 333 917 pro
348 874 450 911 binis-3
472 874 530 903 etsi
548 872 645 902 Gesn.

32 951 34 956 ,
73 925 119 955 ibi
135 924 234 953 aliter.

122 971 185 1009 657
213 980 281 1010 sqq.
307 967 434 999 Scilicet
457 967 586 1001 Venus,
609 963 647 994 fi-

32 1040 34 1049 .
74 1018 118 1048 lio
134 1027 193 1047 sno
210 1018 316 1046 AEneae
332 1016 461 1050 timens,
481 1023 521 1042 ne
543 1014 648 1042 Juuo-

74 1066 124 1094 nis
143 1063 254 1094 fraude
269 1061 405 1093 Didonis
425 1071 460 1088 ac
478 1062 651 1089 Poenorum

75 1111 223 1141 voluntas
233 1115 386 1145 mutetur,
397 1106 557 1136 Didonem
568 1115 652 1134 amo-

75 1168 110 1187 re
129 1158 197 1196 ejus
217 1156 410 1190 inflammat,
428 1152 538 1182 eodem
565 1158 653 1180 metu

75 1203 210 1244 impulsa
227 1204 262 1233 in
277 1202 405 1242 nuptias
419 1198 579 1229 consentit
593 1197 651 1226 inf.

78 1251 135 1287 IV,
158 1260 217 1288 107
237 1260 304 1289 sqq.
322 1247 483 1278 Viderunt
495 1246 559 1283 jain
575 1244 653 1272 Ger-

77 1306 191 1326 manus
220 1302 251 1325 et
275 1295 429 1329 Ursinus,
446 1293 481 1320 in
508 1297 576 1320 toto
592 1292 654 1318 Ve-

77 1343 161 1372 neris
190 1339 327 1371 artificio
358 1346 388 1369 et
420 1337 653 1367 machinatione

78 1388 251 1429 Virgilium
280 1393 352 1417 ante
372 1385 484 1415 oculos
505 1382 654 1412 habuisse

77 1435 291 1476 ApoUoninm
304 1456 313 1471 ,
347 1442 443 1472 quem
476 1429 562 1460 conf.
594 1428 652 1457 lib.

78 1483 145 1518 111,
167 1492 181 1519 7
201 1491 269 1521 sqq.
295 1479 442 1519 inprimis
463 1477 504 1506 25
523 1486 570 1515 sq.
590 1484 652 1503 112

78 1539 214 1614 sqsi559,
243 1572 321 1602 660.
348 1569 449 1600 Donis
459 1568 627 1610 furentem
643 1589 652 1603 ‚

80 1622 136 1651 vix
154 1621 216 1650 nisi
242 1619 320 1649 dure
349 1616 524 1646 admodum
549 1614 655 1649 dicas,

81 1666 225 1707 quamvis
242 1677 272 1696 v.
293 1665 357 1703 713
369 1662 656 1703 Explerimentem

83 1713 193 1753 nequit
212 1710 411 1750 ardescitque
435 1708 562 1738 tuendo.
585 1708 656 1736 Me-

82 1760 145 1790 lius
158 1765 194 1788 ut
217 1757 309 1787 donis
329 1755 482 1785 incendat
507 1752 655 1795 reginam

74 1805 239 1849 furentem
252 1826 260 1839 ,
286 1810 323 1833 ut
343 1811 450 1831 amore
473 1801 575 1836 furat3
590 1809 655 1838 quo

83 1853 183 1884 Servii
205 1849 424 1889 interpretatio
445 1852 583 1887 spectat:
601 1845 656 1883 qui

83 1899 179 1928 simili
193 1897 291 1927 modo
313 1895 428 1935 accipit
448 1893 571 1922 dictum
586 1892 632 1919 IV
642 1913 652 1926 ,

86 1956 127 1975 22
154 1944 374 1983 Animumque
399 1941 562 1970 labantem
590 1938 656 1966 Im-

78 1991 174 2034 pulit.
203 1989 330 2020 Ossibus
360 1987 501 2028 implicet
523 1985 654 2026 ignem,

84 2034 289 2079 exquisitiore
318 2036 439 2072 forma,
467 2042 564 2073 quam
588 2040 659 2059 ossa

85 2085 226 2126 implicet
240 2082 326 2125 igni,
342 2081 376 2112 h.
398 2092 425 2111 e.
440 2081 516 2121 ipsis
533 2077 659 2108 ossibus

86 2143 123 2163 ac
140 2130 286 2163 medullis
300 2129 360 2170 (ut
386 2128 425 2158 de
447 2136 552 2157 amore
569 2123 661 2163 loqui

87 2190 156 2210 mos
168 2185 233 2216 est,
258 2188 290 2207 v,
313 2175 414 2207 Cerda
439 2181 470 2204 et
491 2171 554 2212 al.)
572 2171 662 2200 flam-

87 2236 152 2257 mas
164 2226 302 2256 inserere
311 2246 322 2260 ‚
347 2223 484 2252 imittere
495 2244 503 2258 ,
522 2219 662 2248 insinua-

88 2285 122 2304 re
137 2282 146 2304 ε
161 2283 221 2315 pro
231 2270 318 2312 vulg.
330 2269 516 2300 admovere:
528 2266 661 2301 dictum,

700 650 736 673 ut
775 643 930 672 involvere
963 641 1073 671 omnia
1101 642 1253 684 flammis
1267 666 1274 677 ‚

701 689 851 719 incendio
862 701 873 723 ;
890 690 1042 728 quoniam
1057 689 1150 718 etiam
1163 690 1198 718 in
1215 689 1280 718 vul-

700 736 766 777 gari
806 736 949 765 oratione
971 735 1118 777 flamma
1154 734 1281 764 involvit

701 782 841 812 domum.
862 781 959 821 Quod
977 788 1082 810 autem
1096 780 1189 810 donis
1203 792 1279 811 mox

702 828 870 858 afferendis
888 835 1051 867 tantopere
1067 826 1202 857 confidit
1216 829 1280 857 Ve-

701 886 762 905 nus
773 898 781 912 ,
797 874 948 914 quodque
965 874 1049 903 Dido
1066 875 1172 914 regina
1184 896 1192 911 ,
1210 884 1280 914 quae

702 933 776 952 culn
795 921 950 951 thesauris
975 921 1097 951 effossis
1122 922 1210 961 Tyro
1228 920 1278 949 fu-

702 975 788 1010 gerat
804 967 857 1009 (v,
885 967 949 997 358
960 990 970 1003 ,
992 966 1094 1008 363),
1112 966 1205 997 donis
1216 965 1280 996 illis

704 1022 869 1055 tantopere
888 1020 1036 1044 movetur
1058 1012 1148 1054 (709
1167 1011 1279 1053 sqq.)‚

705 1061 886 1092 offendebat
902 1060 1112 1091 Schraderum
1123 1083 1132 1096 ,
1150 1066 1281 1089 acutum

705 1115 869 1149 poetarum
896 1107 1047 1145 judicem.
1078 1107 1204 1137 Scilicet
1234 1115 1281 1134 ar-

707 1163 770 1185 tem
781 1178 789 1190 ‚
806 1164 868 1194 qua
881 1154 1039 1184 elaborata
1055 1159 1144 1183 eraut
1153 1175 1162 1189 ,
1181 1152 1262 1192 palla
1274 1174 1282 1189 ,

707 1202 851 1231 velamen
867 1207 898 1230 et
916 1201 1055 1240 reliqua,
1072 1206 1103 1229 et
1120 1206 1284 1229 auctorem

708 1248 848 1278 muneris
859 1270 867 1284 ,
886 1249 1013 1276 AEnenm
1024 1269 1031 1282 ,
1049 1247 1084 1275 in
1096 1246 1159 1275 illis
1185 1245 1285 1285 inpri-

708 1296 767 1324 mis
781 1293 912 1333 probari
924 1292 1120 1333 putabimus.

755 1340 799 1369 66
808 1350 819 1369 ι
833 1362 841 1376 ,
853 1339 932 1369 662.
944 1341 1084 1368 Domum
1097 1337 1284 1378 ambiguam

708 1389 796 1418 Serv.
819 1387 989 1421 incertam,
1018 1386 1053 1414 in
1077 1395 1138 1424 qua
1164 1383 1287 1413 habitat

707 1432 870 1463 mutabilis
905 1432 1022 1460 femina
1037 1442 1044 1468 ;
1079 1430 1177 1465 dure,
1213 1440 1285 1460 meo

709 1479 837 1521 quidem
847 1488 951 1507 sensu.
967 1478 1079 1507 Malim
1089 1477 1218 1506 domum
1226 1487 1286 1516 pro

709 1528 818 1566 stirpe,
835 1531 938 1566 gente,
956 1523 1091 1554 Didonis
1107 1523 1240 1560 dictam,
1256 1530 1287 1552 et

711 1573 749 1603 ad
766 1572 1006 1602 fraudulentum
1016 1570 1232 1612 Pygmalionis
1241 1571 1288 1599 in-

710 1622 839 1662 genium
863 1619 986 1659 respici.
1007 1620 1111 1647 Locus
1128 1619 1199 1647 AEn.
1220 1619 1285 1652 IV,

712 1668 755 1707 96
767 1690 776 1703 ,
794 1676 834 1706 97
851 1665 941 1695 aliter
956 1676 988 1694 se
1001 1664 1108 1694 habet.
1126 1665 1224 1694 Recte
1232 1664 1290 1692 ita-

711 1724 773 1754 que
795 1713 942 1753 jungitur
964 1712 1064 1751 ipsius
1081 1709 1158 1739 adeo
1174 1709 1290 1749 populi

710 1761 895 1799 ingenium,
929 1757 1100 1797 Tyriosque
1130 1754 1288 1795 bilingues

710 1805 822 1835 eodem
837 1815 932 1833 sensu
943 1827 951 1840 ‚
964 1803 998 1833 h.
1015 1813 1041 1832 e.
1060 1802 1196 1831 fallaces.
1214 1802 1290 1832 Non

711 1853 796 1880 enim
819 1849 901 1880 cadit
925 1850 959 1878 in
974 1855 1121 1889 poetam,
1147 1854 1185 1877 ut
1205 1848 1288 1877 mix-

710 1904 780 1927 tum
809 1896 1004 1925 advenarum
1042 1894 1230 1925 Phoenicum
1259 1901 1291 1924 et

711 1943 865 1974 Afrorum
885 1942 1108 1982 indigenarum
1120 1939 1288 1982 significet.

715 1989 786 2020 Urit
808 1990 923 2019 infesta
948 1990 1052 2024 Juno,
1079 1987 1232 2028 cogitatio
1249 1987 1288 2017 de

712 2039 732 2067 J
736 2036 852 2065 unonis
868 2036 901 2065 in
920 2037 1049 2065 AEneam
1072 2034 1154 2064 odiis
1167 2040 1199 2063 et
1211 2044 1288 2064 con-

713 2084 789 2113 siliis
812 2093 880 2112 eam
901 2083 1032 2111 cruciat.
1054 2080 1116 2110 Sub
1138 2087 1261 2110 noctem
1278 2092 1288 2110 :

714 2136 876 2160 narratum
886 2128 924 2158 de
931 2127 988 2158 dea
997 2127 1170 2158 secundum
1179 2127 1291 2157 huma-

715 2187 793 2207 num
807 2186 928 2205 morem
939 2198 947 2213 ,
961 2185 1027 2216 quo
1036 2181 1131 2204 nocte
1139 2175 1290 2216 ingruen-

715 2230 746 2254 te
776 2233 860 2252 cnrae
894 2221 1133 2252 recrudescunt.
1156 2222 1291 2262 Vesperi

715 2270 783 2301 haec
800 2275 957 2312 geruntur
971 2280 1002 2300 v.
1016 2269 1074 2299 ins.
1095 2268 1172 2307 726.
