1402 2460
570 79 691 110 LIBER
715 78 773 109 111.

1206 77 1270 106 223

73 135 270 183 Pergama,
287 141 324 170 et
341 141 511 171 arentem
529 135 674 172 Xanthi
694 134 919 185 cognomine
938 135 1063 172 rivum
1224 142 1272 166 3⁵0

74 193 291 243 AdgnoscO,
307 195 498 245 Scaeaeque
517 195 724 246 amplector
743 194 874 232 limina
893 205 1026 245 portae.

71 254 152 290 Nec
170 265 246 290 non
265 263 303 292 et
320 254 459 291 Teucri
476 255 579 292 socia
597 255 709 292 simul
725 250 823 292 urbe
845 256 1036 294 fruuntur.

72 312 160 350 Illos
176 313 388 363 porticibus
409 327 478 352 rex
499 314 717 365 adcipiebat
737 315 777 352 in
795 316 940 366 amplis.

72 373 183 410 Aulai
200 374 238 410 in
258 375 383 412 medio
401 375 572 414 libabant
591 377 730 427 pocula
746 376 902 422 Bacchi,

71 433 263 483 Impositis
280 447 374 472 auro
390 436 553 486 dapibus
564 465 574 483 ‚
590 447 819 488 paterasque
839 436 1031 475 tenebant.
1231 443 1278 468 35⁵

125 497 284 544 Jamque
301 495 398 541 dies,
416 497 585 547 alterque
603 498 683 535 dies
699 498 905 547 processit,
928 505 965 534 et
980 508 1083 534 aurae

71 555 163 591 Vela
181 565 335 601 vocant,
356 557 579 607 tumidoque
599 558 753 595 inflatur
772 557 951 595 carbasus
970 561 1123 595 Austro.

71 615 139 652 His
160 625 285 652 vatem
303 616 506 667 adgredior
523 618 653 663 dictis,
675 631 718 655 ac
736 618 825 655 talia
844 629 972 668 quaeso
992 631 1000 652 :

70 692 85 707 «
107 675 341 726 Trojugena,
359 677 548 727 interpres
565 677 718 723 divum,
737 678 803 727 qui
822 677 978 713 numina
996 674 1146 722 Phoebi,

71 734 148 781 Qui
164 735 350 785 tripodas,
369 737 483 774 Clarii
502 737 649 783 lauros,
665 737 731 786 qui
751 736 878 774 sidera
896 736 1030 782 sentis,
1231 744 1278 767 360

69 861 258 902 Amplector
273 871 314 892 sc.
336 867 374 891 nt
396 862 574 893 exosculari
595 873 644 894 so-

68 907 135 937 lent
152 915 258 948 postes
271 908 305 938 in
317 909 450 949 patriam
464 909 607 940 reduces.

118 954 183 990 354
196 978 204 992 ‚
241 955 318 985 355.
345 956 412 986 Nee
437 963 581 986 moratur
611 957 646 986 in

69 1002 211 1031 convivii
229 1001 442 1042 descriptione
457 1010 549 1043 poeta
560 1026 568 1039 ,
586 1014 646 1033 nec

68 1047 162 1088 plane
177 1049 334 1078 intactum
347 1048 495 1086 dimittit,
512 1049 566 1079 sed
579 1049 646 1080 obi-

68 1101 116 1124 ter
140 1095 255 1125 intexit
274 1105 393 1135 panca,
413 1106 485 1136 quae
507 1096 546 1126 ad
567 1107 644 1126 con-

68 1141 146 1170 vivii
181 1140 448 1183 magnificentiam
482 1143 644 1173 declaran-

66 1186 139 1216 dam
163 1188 267 1218 valere
288 1190 412 1228 possint
435 1199 442 1219 :
464 1197 496 1220 et
514 1190 643 1231 quidem

66 1234 244 1275 religiosam
273 1245 358 1272 rem,
382 1236 590 1274 libationem,
613 1243 645 1266 et

65 1290 216 1310 vasorum
230 1280 444 1312 πολυτέλειαν.
463 1283 581 1313 Ultima
597 1290 642 1313 ta-

65 1337 139 1357 men
155 1336 351 1369 paterasque
365 1328 517 1359 tenebam
531 1341 643 1361 vereor

65 1384 106 1404 ne
129 1374 282 1416 frigeant,
311 1377 432 1406 etiamsi
454 1376 494 1406 ad
517 1387 642 1407 sacrum

64 1420 183 1450 factum
202 1432 342 1452 revoceS.
368 1423 513 1453 Porticus
535 1430 641 1454 autem

65 1474 142 1508 puta
156 1468 260 1498 aulam
274 1469 530 1501 circumdedisse.

112 1515 190 1551 356,
206 1515 283 1554 357.
299 1518 399 1546 Aurae
415 1517 496 1547 Vela
504 1526 639 1555 vocant,

63 1561 177 1591 invitat
190 1570 303 1593 ventus
318 1563 479 1593 secundus
489 1587 498 1602 ,
520 1572 557 1595 ut
571 1565 640 1595 vela

63 1607 296 1648 expandantur.
330 1610 415 1640 Male
447 1610 639 1652 hypallagen

64 1652 230 1685 advocant.
246 1657 355 1686 Variat
368 1656 436 1686 haec
451 1659 554 1688 oratio
566 1668 640 1698 poe·

65 1701 126 1730 tica
139 1710 148 1731 :
162 1700 260 1731 modo
277 1702 374 1740 vela,
388 1709 443 1732 aut
458 1711 568 1734 nauta?
580 1703 592 1745 (
603 1711 639 1734 ut

62 1756 135 1787 sup.
151 1747 238 1788 253)
253 1757 480 1779 vocantauras
495 1750 546 1780 vel
560 1761 639 1780 ven-

63 1800 122 1830 tos,
136 1794 233 1824 modo
247 1805 338 1824 αισα»
348 1796 428 1826 ‘vela
437 1796 488 1826 vel
503 1804 639 1833 πωπω,-

63 1847 95 1870 et
106 1840 165 1870 inf.
188 1842 253 1877 454
268 1843 336 1882 ipsa
350 1843 508 1883 navigatio
525 1851 556 1874 et
571 1854 639 1873 cur-

62 1896 113 1916 sus
130 1896 232 1930 ‘vocae
251 1888 342 1919 vela.
368 1890 459 1920 Conf.
482 1901 554 1932 sup.
574 1890 615 1920 61
629 1912 639 1927 ‚

64 1933 120 1964 inf.
135 1934 213 1970 454,
233 1935 311 1971 455.

78 2014 83 2018 ,
111 1980 177 2021 359
187 1999 234 2004 —
245 1982 323 2013 361.
336 1982 478 2013 Helenus
493 1981 640 2014 ῦίωνεπό-

62 2028 124 2056 λων
136 2025 185 2068 ὄχ’
194 2025 317 2071 ἄριστος
325 2030 388 2068 jam
399 2031 530 2060 Homer.
546 2030 636 2061 Iliad.

63 2071 100 2110 ζ,
120 2073 173 2112 76.
195 2074 259 2116 Qui
274 2076 391 2114 sentis,
411 2077 561 2119 intelligis
572 2100 580 2115 ,
597 2077 638 2107 ad

64 2119 156 2160 plura
178 2120 211 2152 h.
237 2122 262 2153 1.
286 2123 441 2158 refertur,
461 2123 500 2154 de
518 2124 637 2164 quibus

60 2167 195 2208 singulis
223 2167 349 2201 diverso
378 2169 475 2200 modo
506 2170 634 2201 dicitur.

62 2212 166 2244 Aliter
179 2216 274 2246 sentit
286 2216 400 2258 aliquis
413 2216 508 2247 deum
519 2241 528 2257 ‚
545 2217 637 2248 aliter

698 863 801 894 sidera
829 870 861 893 et
888 863 996 892 avium
1020 867 1144 891 cantus.
1176 860 1279 890 Sentit

698 917 794 940 ‘vates
807 909 961 939 Phoebum
972 932 981 945 ,
1004 918 1079 938 cnm
1095 906 1191 937 deum
1205 917 1278 947 pec-

699 963 768 987 tore
782 957 915 997 recipit,
933 966 1007 993 sen,
1023 954 1076 984 dei
1089 953 1201 983 afflatu
1216 960 1278 983 tac-

698 1009 749 1033 tus
761 1026 768 1040 ‚
798 1003 972 1042 divinoque
998 1001 1106 1031 furore
1133 1000 1249 1041 plenus
1265 1024 1273 1036 ,

699 1049 808 1079 futura
826 1049 971 1090 praedicit
986 1055 1018 1078 et
1041 1047 1171 1078 oracula
1191 1047 1275 1083 edit:

698 1095 760 1126 hoc
769 1103 864 1137 poeta
878 1095 1046 1126 exornavit
1055 1106 1066 1125 .·
1074 1093 1133 1135 qui
1141 1093 1277 1123 numina

698 1142 812 1172 Phoebi
822 1166 831 1179 ,
849 1143 906 1184 qui
918 1142 1060 1183 trtjpodas
1074 1139 1213 1182 (tripodi
1225 1141 1276 1170 in-

697 1189 802 1219 sidens
828 1189 960 1231 Delphis
984 1188 1099 1230 Pythia
1123 1187 1275 1217 vaticina-

697 1235 828 1277 batur),
847 1235 938 1267 Clari
956 1235 1064 1264 lauros
1080 1234 1256 1276 (quatenns
1267 1257 1274 1270 ‚

697 1290 734 1312 ut
749 1283 814 1313 fere
831 1284 939 1313 omnia
953 1281 1171 1322 antiquissima
1186 1280 1256 1310 fana
1267 1303 1274 1315 ‚

696 1329 859 1370 religionis
880 1337 911 1359 et
935 1328 1048 1360 caloris
1078 1337 1202 1363 caussa,
1230 1337 1275 1356 sa-

696 1386 752 1406 cro
769 1377 845 1406 luco
860 1376 1020 1406 inclusum
1036 1382 1104 1405 erat
1119 1373 1274 1414 templum

695 1423 859 1463 Apollinis
881 1422 979 1454 Clarii
1001 1421 1088 1463 apud
1112 1419 1273 1460 Colopho-

696 1479 779 1500 nem.
798 1480 830 1500 τ.
856 1470 959 1500 strab.
985 1470 1077 1506 XIV,
1102 1479 1135 1509 p.
1162 1468 1272 1509 442),

694 1515 726 1546 h.
742 1526 771 1547 e.
790 1517 848 1556 qui
863 1517 928 1546 vim
945 1516 1088 1546 divinam
1103 1516 1210 1544 animo
1228 1526 1274 1544 ca-

693 1563 761 1602 pis,
787 1573 883 1602 quam
913 1562 1048 1604 Delphis
1076 1561 1191 1603 Pythia
1206 1583 1214 1597 ‚
1244 1570 1274 1591 et

693 1609 778 1649 apud
793 1610 910 1640 Claron
926 1609 1072 1640 sacerdos
1083 1631 1091 1646 ,
1109 1615 1215 1638 mente
1228 1620 1274 1638 re-

693 1657 799 1696 cipere
815 1657 906 1686 solet.
922 1657 1027 1686 Sentis
1044 1655 1169 1690 sidera,
1188 1657 1272 1686 nosti

692 1711 764 1741 quae
778 1713 818 1732 ex
833 1704 872 1732 iis
889 1703 928 1732 ad
944 1703 1052 1732 futura
1069 1702 1272 1742 praevidenda

692 1748 827 1790 intelligi
848 1751 983 1790 possint.
1005 1750 1077 1778 Hoc
1096 1749 1132 1777 in
1154 1750 1273 1780 Home-

693 1795 767 1824 ricis
780 1805 913 1825 occurre
918 1806 950 1825 re
962 1796 995 1825 in
1004 1802 1113 1824 vatum
1122 1795 1272 1826 laudibus

693 1851 761 1871 non
787 1843 939 1879 memini;
965 1852 1072 1882 neque
1095 1843 1273 1884 astrologia?

693 1889 827 1918 omniun
848 1887 990 1918 studium
1005 1890 1040 1918 in
1059 1889 1123 1918 vita
1142 1888 1271 1920 heroica

693 1942 739 1964 est
755 1934 1010 1975 frequentatum3
1026 1941 1058 1964 at
1070 1941 1270 1967 ostentorum

693 1987 725 2011 et
737 1977 922 2024 διοσημείων
938 1981 1119 2012 observatio
1133 1981 1212 2021 fnit;
1229 1983 1267 2013 li-

693 2035 743 2058 cet
768 2027 846 2058 adeo
870 2029 1047 2070 suspicari,
1072 2028 1180 2059 sidera
1206 2041 1267 2071 pro

692 2075 774 2106 coelo
790 2082 821 2106 et
839 2085 908 2105 aere
925 2086 991 2106 esse
1001 2076 1115 2117 posita.
1131 2076 1267 2118 Reliqua

691 2122 731 2152 ad
739 2123 870 2163 auguria
879 2132 954 2153 cum
962 2133 1004 2153 ex
1012 2123 1188 2161 oscinibus,
1196 2130 1266 2154 tum

690 2180 731 2199 ex
750 2168 961 2211 praepefibus,
982 2169 1017 2200 h.
1044 2180 1072 2200 e.
1095 2180 1136 2200 ex
1158 2171 1266 2200 avium

690 2223 786 2246 cantu
805 2226 841 2246 ac
860 2216 986 2255 volatu,
1004 2223 1157 2259 spectant.
1177 2217 1263 2248 conf.
