1433 2460
159 56 223 86 206

660 50 853 79 AExlzmos

159 117 278 161 Surge
299 124 385 160 age,
405 118 439 145 ct
459 108 540 144 haec
560 108 664 144 laetus
684 108 854 157 long-”evo
871 106 970 143 dicta
987 107 1135 157 parvuli

160 173 270 211 llaud
291 169 499 208 dubitanda
518 168 616 205 roser
633 182 640 203 :
660 169 888 217 Corythum,
910 177 1104 217 terrasque
1123 167 1291 217 requirat
1309 184 1355 208 ¹70

159 232 353 269 Ausonias.
371 228 514 266 Dictaea
531 238 641 278 negat
662 228 730 264 libi
750 229 926 277 Juppim·
946 241 1047 264 arva.
1067 244 1081 260 υ

209 290 363 327 Talibus
380 287 570 325 adtonitus
587 287 693 332 visis,
710 301 752 323 a<-
768 300 861 324 vocc
880 287 1057 335 ‹li-orum,

161 360 169 399 (
184 353 261 387 Noe
278 361 391 397 sopor
410 347 501 384 illud
517 354 615 392 crat3
633 346 698 382 scd
719 360 845 383 coram
863 360 1066 396 agnoscere
1083 348 1227 393 vultus,

160 410 383 458 velatasque
404 419 550 453 comas,
569 405 843 455 praescntiaque
861 420 928 443 ora
948 407 1116 444 videbar.

160 473 256 507 Tum
274 468 418 519 gelidus
436 476 516 504 toto
533 466 709 502 manabat
728 479 889 515 corpore
906 467 1056 515 sudor.)
1314 475 1359 506 175

161 530 341 579 Conripio
362 542 381 565 e
398 527 522 565 stratis
541 539 699 576 corpus,
719 526 912 575 tendoque.
926 528 1081 576 supinas

161 591 221 629 Ad
237 591 371 628 coelum
392 601 477 625 cum
495 601 588 624 voce
610 599 759 631 mamis,
777 595 813 621 ct
834 599 992 622 munera
1010 587 1086 623 libo

162 656 389 690 Intemerata
410 648 512 685 focis.
533 647 705 684 Perfecto
722 646 828 683 laetus
844 646 990 683 honore

162 711 351 748 Anchisen
369 708 465 745 facio
483 716 646 752 certum,
667 719 822 755 remque
839 705 973 742 ordine
990 706 1126 756 pando.

163 771 355 821 Adgnovit
375 769 520 819 prolem
535 767 769 816 ambiguam,
786 767 1030 816 geminosque
1049 766 1225 817 parentis.

1315 777 1361 801 180

165 834 288 881 Seque
308 842 409 867 novo
430 836 600 865 veterum
617 827 817 876 deceptum
834 838 964 863 errore
982 827 1162 864 locorum.

167 986 250 1008 trum
271 976 347 1007 edit.
368 977 482 1006 venet.
507 974 587 1005 Cum
608 973 738 1003 Darda-

166 1035 224 1054 nus
242 1031 341 1064 pater
360 1023 466 1063 potius
488 1029 737 1050 commemoran-

166 1071 225 1100 dus
241 1071 273 1101 h.
290 1071 311 1101 l.
331 1068 490 1105 videatur,
515 1077 611 1107 quam
633 1065 739 1095 Jasins

162 1124 269 1157 pater,
280 1117 417 1156 cogitare
429 1115 529 1154 possis
542 1113 600 1154 leg.
614 1112 740 1141 Darda-

166 1173 223 1192 nus
238 1162 407 1202 Iasiusque
419 1168 539 1201 patres.
556 1159 617 1189 Sed
637 1165 741 1198 potest

165 1216 258 1250 poeta
268 1209 351 1238 idem
366 1207 502 1237 voluisse
517 1213 547 1236 et
555 1206 652 1235 altero
667 1205 740 1235 loco

166 1256 340 1296 neglexisse
356 1264 363 1284 :
390 1253 565 1282 Dardanus
582 1259 671 1292 pater
683 1254 741 1280 Ja-

165 1302 291 1342 siusque
306 1308 413 1341 pater.
437 1300 579 1330 Omnino
602 1299 627 1327 si
645 1297 741 1327 semel

165 1348 366 1378 manifestum
374 1344 410 1375 fit
419 1345 524 1386 aliquo
535 1347 569 1374 in
581 1345 653 1375 lor-o
668 1354 740 1384 poe-

166 1402 228 1425 tam
249 1394 389 1423 noluisse
413 1399 557 1421 accurate
578 1391 685 1431 loqui,
705 1391 739 1419 iu

166 1440 298 1481 singulis
324 1438 510 1468 hmrendum
535 1448 600 1467 non
624 1444 740 1466 est.—

171 1497 246 1524 170.
265 1485 435 1524 Corythum
451 1485 656 1524 scriptionem
675 1493 691 1512 e
704 1483 741 1512 li-

166 1534 232 1563 bris
247 1539 278 1562 et
294 1533 414 1561 ratione
428 1532 628 1572 grammatica
650 1530 740 1559 resti-

166 1580 229 1609 tuit
256 1580 365 1607 Heius.
396 1580 449 1607 Est
480 1577 565 1607 enim
598 1575 740 1619 Κορυθος.

166 1624 275 1665 'Vulgo
298 1623 455 1658 Ocritum,
479 1630 509 1653 et
537 1623 742 1653 librariorum

167 1670 327 1701 ludibria:
347 1669 517 1706 ΟΙιονίῑιιιη,
537 1669 739 1709 Clzorytlzum,

171 1716 345 1748 Corintmn.
362 1734 409 1740 -—-
424 1726 459 1754 17
470 1727 497 1746 1.
514 1715 640 1745 Dicam
655 1727 743 1745 arva.

168 1765 214 1793 IV
234 1764 350 1803 Georg.
374 1763 456 1800 152,
484 1761 607 1792 Dictceo
637 1773 744 1804 regem

169 1809 241 1840 coeli
252 1820 371 1851 pavere
387 1809 441 1838 sub
457 1816 561 1838 antro.

220 1867 232 1885 1
241 1867 256 1894 7
264 1866 349 1885 2—1
357 1856 410 1895 89.
423 1857 534 1884 AEneas
544 1854 744 1895 expergefacf

169 1909 219 1932 tus
240 1903 344 1932 visum
366 1902 511 1942 religiose
528 1902 650 1941 expiat,
667 1911 745 1930 mox

168 1948 405 1988 patriexponi13
417 1949 472 1988 qui
481 1970 489 1984 ‚
504 1948 642 1987 antiquae
656 1947 745 1976 famae

169 1995 370 2032 recordatus,
390 2004 541 2034 responso
566 2003 674 2033 parere
693 1994 744 2031 ju-

170 2039 233 2069 bet.
250 2041 296 2069 Ita
311 2042 402 2071 Creta
415 2039 598 2070 disceditur.
609 2057 654 2062 --
669 2050 681 2068 1
691 2039 743 2077 75.

172 2087 303 2115 Pectore
320 2087 385 2116 duo
411 2088 518 2117 Burin.
540 2085 745 2116 parenthesin

171 2132 227 2160 vix
241 2142 365 2161 necesse
378 2132 415 2162 ad
422 2132 478 2170 huj
485 2143 520 2161 us
531 2142 639 2162 versus
648 2130 745 2161 finem

173 2178 368 2208 continuare.
407 2181 501 2209 Poeta
541 2178 611 2208 data
652 2188 748 2219 opera

791 971 936 1009 ἀτάκτως
955 974 1044 1014 loqui
1062 975 1168 1014 potnit
1190 975 1242 1004 tali
1262 976 1294 1005 in
1312 986 1363 1013 re;

792 1028 924 1060 tumque
954 1030 1061 1050 VBI'SUS
1090 1021 1134 1049 Sic
1160 1020 1336 1051 decurrunt
1355 1032 1363 1052 ἶ

797 1066 924 1096 Talibus
949 1066 1097 1096 attonitas
1118 1065 1198 1096 vt'sis
1223 1078 1262 1096 ac
1283 1079 1365 1097 voce

793 1113 922 1143 deorum
942 1112 1029 1153 (scil.
1053 1113 1151 1143 factus
1169 1114 1272 1155 sum).
1297 1116 1367 1144 Nec

793 1170 818 1190 s,
830 1177 875 1182 —-
886 1159 1045 1188 manabat
1061 1170 1190 1199 corpore
1205 1161 1309 1191 sudor.
1320 1179 1367 1184 —

793 1206 847 1236 Ad
866 1207 961 1237 Ennii
975 1206 1105 1235 ductum
1122 1205 1206 1246 apud
1223 1207 1365 1238 Macrob.

793 1254 856 1291 VI,
879 1264 906 1283 1.
921 1270 968 1277 -—-·
986 1263 1060 1290 177.
1076 1254 1212 1282 Munera
1234 1254 1367 1284 inteme-

793 1307 884 1336 rata,
906 1301 1016 1329 vinum
1031 1309 1164 1338 purum,
1191 1311 1286 1340 pure,
1309 1302 1368 1331 rite

791 1346 927 1376 libatum
945 1355 952 1376 :
970 1345 1055 1386 quod
1072 1356 1200 1382 munus,
1220 1357 1296 1378 mox
1312 1346 1367 1377 ho-

794 1403 861 1423 nos.

846 1439 925 1476 180,
954 1439 1027 1469 181.
1052 1439 1193 1479 Agnovit
1208 1439 1369 1480 duplicem

794 1486 1007 1523 Trojanorum
1030 1491 1137 1514 ortum
1161 1495 1196 1514 ac
1212 1487 1342 1525 stirpem
1361 1496 1368 1516 ἰ

796 1531 923 1560 alteram
938 1541 952 1559 a
969 1531 1135 1567 Dardano,
1152 1530 1278 1561 alteram
1296 1532 1370 1562 duc-

796 1585 859 1608 tam
874 1588 890 1606 a
902 1580 1027 1608 Teucro
1043 1587 1049 1607 :
1063 1576 1204 1617 adeoque
1217 1577 1371 1620 ambigua

791 1624 899 1665 proles
922 1624 981 1663 ipsi
1003 1630 1077 1652 sunt
1098 1623 1246 1661 Trojani,
1265 1626 1321 1664 qui
1340 1632 1372 1655 et

797 1670 938 1700 Dardani
961 1675 992 1698 et
1017 1670 1134 1699 Teucri
1157 1669 1215 1710 (et
1235 1670 1269 1699 hi
1296 1677 1372 1700 sunt

795 1715 924 1757 gemini
944 1715 1116 1756 parentes)
1144 1726 1243 1756 genus
1271 1723 1370 1747 erant.

797 1762 941 1803 Agnovit
955 1772 1052 1802 porro
1067 1761 1222 1792 Anchises
1231 1763 1265 1792 in
1278 1763 1372 1792 inter-

795 1808 950 1850 pretando
964 1807 1122 1847 Apollinis
1136 1808 1219 1838 Delii
1228 1809 1369 1846 oraculo,

797 1866 871 1885 cum
905 1854 1040 1894 antiqua
1077 1861 1181 1883 macer
1207 1861 1238 1883 et
1259 1854 1371 1895 prima

798 1901 890 1931 cellas
903 1907 981 1930 esset
994 1900 1199 1940 exquirenda,
1215 1910 1248 1929 se
1260 1900 1370 1940 decep-

798 1955 864 1977 tum
892 1957 957 1976 esse
988 1957 1068 1975 novo
1095 1956 1197 1975 errore
1223 1954 1371 1976 ‘veterum

798 1994 957 2029 Iocorum,
979 1991 1011 2022 h.
1032 2002 1058 2022 e.
1079 2002 1185 2022 errore
1205 1992 1287 2021 circa
1299 1993 1371 2023 loca

797 2046 901 2069 vetera
916 2037 1169 2078 interpretanda3
1191 2038 1278 2078 quod
1294 2038 1371 2068 duas

798 2092 910 2122 terras,
928 2096 944 2113 a
961 2084 1078 2124 quibus
1100 2085 1205 2124 stirpis
1225 2085 1371 2124 Trojanae

799 2138 941 2161 auctores
965 2130 1041 2160 olim
1064 2131 1219 2171 originem
1241 2131 1372 2161 traxisse

799 2184 890 2207 vetus
908 2177 988 2206 fama
1026 2183 1107 2215 erat,
1127 2187 1215 2207 nunc
1238 2188 1305 2208 non
1323 2177 1370 2207 di-
