1433 2460
190 110 253 138 24¹>

692 99 885 129 AENElnos

187 160 356 207 objecta?
373 155 466 192 §alsa
482 163 656 204 spumant
675 154 899 204 adspargine
919 163 1044 191 cautes
1063 170 1070 191 :

189 223 272 268 lpw
294 219 399 262 latet3
423 215 572 266 gemino
592 215 793 252 demittunt
815 215 970 252 brachia
990 228 1099 251 muro

1341 226 1386 250 535

186 277 329 313 Turriti
350 275 512 325 scopuli,
536 275 751 324 refugitque
771 274 818 311 ab
839 275 957 312 litore·
971 275 1162 324 templum.

189 342 363 383 Quatuor
382 336 463 382 hic,
485 335 649 385 primum
669 347 801 380 omen,
821 347 938 384 equos
958 335 995 371 in
1017 336 1185 386 gramine
1205 335 1283 372 vidi

188 395 394 432 Tondentis
415 406 589 444 eampum
610 393 703 439 late,
724 393 889 430 candore
908 394 1034 431 nivali.

188 461 231 494 lit
253 466 359 507 pater
379 455 562 493 Anchises
582 468 589 488 :
612 472 627 486 «
648 453 810 500 Bellum,
832 466 854 490 o
872 463 972 491 terra
990 454 1159 504 hospita,
1180 464 1327 505 portas;

187 517 289 553 Bello
309 524 504 551 armantur
523 513 630 561 equi;
651 511 790 548 bellum
812 512 892 548 haec
913 522 1081 550 armenta
1100 515 1301 552 minantur.
1342 522 1390 551 ⁵40

188 577 263 613 Sed
285 585 407 613 tamen
428 573 528 611 idem
549 572 637 609 olim
659 585 772 609 curru
794 573 998 610 succedere
1017 574 1113 610 sueti

189 746 308 785 aliquot
326 744 436 773 Heius.
453 749 482 771 et
497 743 670 771 Burmann.
689 751 762 771 cum

188 791 258 821 edd.
272 790 345 820 Ald.
355 787 677 820 Junt.S1'nnamrsec.
692 789 763 818 Mo-

190 845 246 867 ret.
257 854 303 860 ——
315 835 507 866 ,Gn-536.
523 836 650 863 Portum
667 836 764 863 Vene-

187 884 227 913 ris
249 882 399 913 describit
422 882 494 910 satis
524 887 632 910 ornate
657 891 663 910 :
685 881 763 909 situs

187 938 233 960 est
278 939 386 959 versus
419 928 586 957 orientem.
617 926 784 962 Efficitur,

188 976 241 1006 ille
255 976 385 1005 sinuoso
398 974 501 1003 litoris
517 972 614 1009 ssexu,
627 973 765 1013 scopulis

190 1023 342 1062 utrinque
363 1018 627 1060 procurrentibus
650 1020 684 1048 in
706 1029 766 1048 ma-

190 1080 222 1098 re
237 1076 267 1098 et
286 1065 530 1097 incurvantibus
543 1076 575 1094 se
587 1088 594 1102 ‚
613 1072 649 1095 ut
664 1066 766 1095 utrin-

190 1125 252 1155 que
278 1124 337 1154 pro
363 1112 445 1143 mole
469 1113 533 1141 sint
555 1113 665 1152 portui
687 1122 765 1152 prae-

190 1168 275 1190 tenta
287 1183 296 1197 ‚
317 1159 356 1190 ad
372 1169 467 1199 quam
483 1159 578 1187 maris
593 1170 633 1188 ex
647 1159 709 1189 alto
723 1159 765 1188 al-

188 1209 236 1237 lisi
248 1207 364 1237 fluctus
375 1213 555 1235 extrorsum
565 1204 764 1246 franguntur.

191 1253 413 1295 Euroofluctu
429 1251 468 1281 ab
486 1253 573 1282 Euro
584 1274 592 1289 ‚
610 1259 664 1289 ut,
687 1253 766 1281 Arc—

191 1308 274 1329 tous,
292 1317 337 1322 -—
353 1299 428 1334 534.
444 1298 665 1339 Adspargine‚
688 1298 767 1327 anti-

190 1356 253 1386 qua
267 1346 367 1376 forma
377 1367 385 1381 ‚
405 1345 549 1384 reposuit
565 1345 687 1380 Heius,
700 1345 766 1374 Me-

190 1392 251 1422 dic,
275 1398 305 1422 et
331 1391 481 1421 Gudiano
492 1413 500 1427 ‚
528 1391 763 1420 Grammaticis-

190 1449 253 1479 que
269 1437 362 1468 Velio
377 1439 486 1477 Longo
500 1445 531 1467 et
545 1438 675 1468 Nonnio
693 1447 764 1466 auc-

192 1484 325 1514 toribus,
342 1484 450 1523 Vulgo
463 1483 642 1524 aspergine.
653 1485 701 1513 De
715 1493 767 1512 vo-

193 1541 227 1560 ce
239 1532 347 1561 Burm.
358 1529 465 1559 laudat
474 1529 580 1559 Barth.
594 1529 633 1559 ad
643 1532 718 1560 Stat.
736 1531 767 1558 11

192 1576 293 1607 Theb.
309 1577 349 1614 67
358 1577 387 1606 5.
404 1575 500 1605 Goth.
520 1587 579 1605 sec.
595 1576 765 1617 vertigine,

194 1622 283 1661 quod
302 1622 445 1652 absolute
463 1623 506 1651 ita
529 1621 651 1651 dictum
679 1623 767 1662 equi-

193 1668 266 1697 dem
279 1678 346 1699 uou
359 1668 500 1697 memini.
510 1685 557 1690 —
568 1669 585 1698 5
592 1669 644 1698 35.
656 1668 769 1698 Dimit-

195 1721 267 1743 tunc
281 1714 425 1754 plerique
441 1713 535 1744 codd.
548 1737 556 1751 ‚
574 1721 709 1755 excepto
725 1722 769 1744 ta-

196 1770 269 1789 men
278 1759 396 1790 Medic.
410 1767 441 1789 et
450 1760 613 1790 nonnullis
624 1761 706 1791 aliis:
718 1761 769 1790 de-

196 1806 589 1843 d11cunted.Ven.—535‚
606 1807 682 1837 536.
699 1808 769 1837 Sco-

193 1852 266 1892 puli
300 1852 404 1882 turriti
417 1875 426 1887 ,
458 1853 492 1881 in
517 1854 613 1883 turris
636 1853 769 1883 modum

197 1899 271 1934 alti,
287 1898 458 1928 demittunt
471 1897 602 1928 brachia
617 1910 704 1929 muro
717 1910 770 1940 ge-

199 1944 286 1972 mino
297 1967 305 1980 ‚
334 1945 374 1974 ab
392 1951 530 1984 utroque
548 1951 660 1984 portus
674 1945 770 1975 latere

198 1997 422 2029 procurrentes
440 1991 474 2019 in
491 2000 576 2019 mare
591 1991 705 2021 sensim
720 1991 771 2021 de-

199 2044 362 2073 crescum3
388 2035 495 2066 eadem
520 2037 584 2066 fere
605 2048 676 2077 sup.
698 2039 769 2067 AEn.

200 2082 214 2109 1
226 2103 234 2117 ,
256 2082 316 2110 162
332 2094 378 2123 sq.
395 2081 479 2111 Hinc
496 2090 592 2123 atque
610 2082 683 2112 hinc
696 2093 771 2112 vas-

201 2134 242 2156 ta’
255 2137 345 2166 rupes
357 2127 541 2169 geminique
555 2128 718 2158 minantur
730 2131 768 2158 In

199 2172 313 2202 coelum
327 2174 448 2213 scopuli
461 2185 470 2203 :
485 2174 523 2205 cf.
535 2173 650 2216 Odyss.
663 2185 682 2204 κ.
695 2197 703 2212 ,
727 2175 766 2212 87

201 2225 230 2247 et
250 2229 317 2259 sqq.
332 2218 471 2249 Brachia
489 2220 569 2251 bene
584 2221 770 2251 tribuuntur

817 738 956 780 scopulis
967 762 975 776 ‚
992 741 1142 780 quoniam
1160 740 1307 771 ambiunt
1322 752 1393 783 por·

818 793 868 816 tus
883 786 977 815 latera
989 809 997 823 ‚
1012 797 1147 826 eumque
1167 797 1182 816 a
1198 786 1350 818 fluctibns
1364 795 1394 818 et

818 832 966 873 procellis
981 839 1085 862 tutum
1107 839 1274 873 praestant;
1297 833 1393 864 iidem

819 886 891 908 sunt
906 889 1028 915 murus,
1045 880 1136 917 eujus
1153 881 1288 920 speciem
1303 880 1394 910 habe-

819 926 896 954 hant
917 935 925 955 :
955 936 987 953 re
1004 924 1132 965 itgitqm’
1155 936 1175 954 a
1201 926 1292 955 litore
1316 934 1393 956 tem-

813 972 924 1012 plum,
953 971 1030 1000 dum
1053 971 1093 1000 ab
1111 972 1173 1001 alto
1195 972 1394 1002 intuentibus

819 1019 853 1047 in
880 1018 949 1057 ipso
975 1016 1067 1047 litore
1088 1018 1183 1047 situm
1207 1018 1393 1057 videbatur,

820 1064 952 1104 propius
972 1063 1196 1093 accedentibus
1217 1065 1393 1095 retrocede-

822 1110 876 1139 bat
890 1110 977 1150 quasi
989 1132 996 1146 ,
1023 1109 1099 1149 quia
1112 1109 1203 1139 sicum
1218 1118 1266 1140 est
1281 1111 1313 1140 1'11
1327 1112 1392 1141 col-

820 1156 850 1186 le
860 1179 868 1193 ,
893 1155 950 1196 qui
972 1155 1090 1186 sensim
1115 1155 1227 1186 crescit
1244 1168 1265 1186 a
1281 1157 1391 1197 litore,

820 1209 856 1232 ut
874 1202 955 1232 bene
969 1204 1055 1233 SerV.
1068 1220 1116 1225 —-
1130 1203 1206 1233 536.
1224 1204 1334 1234 Erecti
1349 1216 1392 1236 sc.

821 1249 941 1289 aliquot
964 1249 1044 1279 Pier.
1068 1249 1108 1278 ab
1133 1249 1225 1279 litore
1246 1249 1329 1280 idem
1353 1262 1393 1281 ex

820 1296 958 1336 antiquis
970 1319 978 1333 ,
995 1304 1025 1327 et
1039 1297 1148 1327 Heius.
1168 1309 1184 1328 e
1200 1297 1392 1336 potioribus.

819 1342 926 1383 Vulgo
950 1353 971 1371 a
992 1342 1083 1373 litore
1101 1350 1136 1374 ut
1153 1347 1188 1375 in
1205 1353 1271 1374 uno
1295 1344 1393 1377 Goth.

867 1389 929 1426 537
952 1399 997 1428 sq.
1013 1390 1162 1420 Anchisae
1177 1392 1395 1429 interpretatio

820 1436 934 1465 ostenti
962 1442 992 1465 et
1014 1437 1067 1467 hic
1097 1437 1261 1468 tribuitur.
1287 1441 1395 1480 Equos

820 1481 995 1520 candidos,
1029 1483 1117 1524 quod
1156 1484 1248 1514 fausti
1280 1486 1395 1515 ominis

822 1535 867 1558 est
877 1551 885 1564 ‚
898 1536 1084 1570 conspectos
1099 1531 1325 1570 interpretatur
1339 1542 1395 1573 per

823 1575 904 1604 bella
933 1578 1037 1616 primo
1062 1578 1095 1606 in
1112 1576 1210 1606 Italiae
1228 1577 1315 1608 aditu
1345 1589 1395 1619 ge-

823 1621 936 1658 renda,
971 1633 1042 1663 quae
1071 1629 1176 1652 tamen
1207 1632 1315 1664 pacata
1347 1635 1395 1655 re-

823 1678 894 1697 rum
909 1668 1051 1698 cond-itio
1075 1669 1221 1710 excipiet.
1237 1671 1396 1701 Remotio-

823 1725 857 1743 ra
873 1721 947 1744 sunt
958 1737 966 1753 ,
989 1715 1016 1744 si
1030 1714 1113 1744 bella
1127 1716 1225 1746 Italiae
1240 1727 1313 1746 cum
1331 1719 1396 1748 Ro-

823 1762 924 1790 manis
937 1768 1038 1802 gesta,
1065 1768 1102 1791 ut
1123 1761 1199 1791 olim
1223 1762 1374 1793 faciebam
1386 1786 1394 1799 ‚

821 1807 1057 1847 interpreteris;
1079 1814 1110 1837 et
1134 1808 1196 1844 541
1210 1832 1219 1846 ‚
1248 1808 1287 1839 de
1308 1810 1395 1840 Italia

822 1855 1041 1884 Romanorum
1055 1854 1148 1883 armis
1163 1862 1283 1895 pacata.
1303 1854 1396 1886 Com-

823 1905 934 1939 parant
957 1900 1072 1941 Odyss.
1089 1902 1125 1936 λ,
1158 1911 1216 1939 107
1245 1911 1333 1941 sqq„
1355 1901 1394 1932 de

824 1944 928 1974 bobus
941 1946 1021 1976 Solis
1032 1958 1040 1983 ;
1055 1952 1085 1976 et
1094 1945 1132 1975 de
1142 1947 1284 1986 Neptuni
1297 1958 1393 1988 equo,

824 1990 976 2030 Apollou.
991 1993 1048 2028 IV,
1066 1991 1152 2027 1364
1166 2003 1233 2033 sqq.
1247 2004 1255 2030 ;
1271 1994 1326 2024 sed
1340 2005 1393 2035 pa-

824 2047 895 2065 rtun
909 2035 963 2066 illa
972 2037 1011 2067 ad
1024 2036 1056 2068 h.
1067 2037 1089 2066 1.
1101 2037 1232 2069 faciunt.
1245 2040 1393 2070 Ceterum

824 2089 932 2112 ornate
945 2083 1104 2124 pleraque.
1119 2085 1299 2116 Tondentes
1311 2097 1394 2116 cam-

816 2139 896 2168 pum
927 2129 1009 2165 late,
1046 2137 1207 2170 pascentes
1244 2132 1306 2163 late
1340 2143 1393 2162 va-

822 2173 950 2215 gando:
967 2175 1050 2205 bello
1073 2184 1243 2207 armantur
1266 2178 1306 2208 ad
1331 2178 1394 2208 bel-

823 2221 889 2250 lum
908 2231 1020 2252 :curru
1043 2222 1074 2253 h.
1099 2234 1125 2254 e.
1143 2225 1262 2254 currui.
1291 2224 1394 2256 Multa
