1433 2460
122 127 186 156 titio
579 128 796 158 lixtit'nsvs
822 127 851 155 ΙΙ

119 198 189 218 cos.
219 187 274 226 qui
297 197 379 226 equo
406 186 597 222 insederim,
619 194 771 217 memorat
793 198 902 217 novem
927 187 990 228 (cs.
1017 188 1136 229 Hygia.
1169 187 1190 217 f.
1218 186 1320 229 108);

119 251 190 269 cuni
208 242 366 270 Honwrus
379 242 566 282 simpliciter
579 241 693 278 πάντες
712 241 843 285 ἀριστεῖς
867 243 1008 274 dixisset.
1032 245 1114 273 Ecce
1137 240 1196 271 tihi
1218 242 1321 282 Quin·

117 293 186 325 Tun)
200 319 207 332 ‚
224 298 279 336 qui
298 297 400 338 (xm,
427 298 492 333 510
515 298 607 340 sqq.)
624 298 660 327 ad
679 298 812 341 triginta
825 322 833 337 ‚
851 306 879 329 et
898 298 1159 340 'l‘ryphiodorum
1171 320 1179 334 ,
1197 297 1253 338 qui
1268 296 1321 338 (v.

124 352 183 381 153
197 352 279 393 sqq.)
293 352 356 382 duo
372 364 412 382 ac
430 352 553 395 viginti
566 362 815 392 conuucniorat3
833 361 863 384 at
873 354 1035 385 Cedrenus
1049 354 1130 384 Hist.
1146 351 1324 393 Compend-

118 415 148 443 Ι).
178 416 188 434 1
199 407 214 435 3
226 417 235 434 1
256 407 281 437 C
294 414 433 447 quatuor
447 415 479 437 et
494 407 637 449 7.·igt'n!1',·
655 415 685 437 et
697 431 705 444 ‚
724 409 749 438 si
769 408 871 438 inulto
890 409 987 449 inagis
1009 409 1200 438 insanientes
1214 405 1325 436 audire

119 458 204 488 lubet
217 481 224 495 ‚
249 459 376 501 legendi
399 463 512 491 Tzetza
530 461 566 491 ad
594 461 753 503 Lycophr.
772 462 839 502 930
853 473 861 500 3
875 462 1016 492 Eustath.
1042 461 1081 491 ad
1098 461 1214 503 Odyss.
1234 463 1252 491 λ
1264 483 1272 498 ,
1291 471 1324 501 p.

128 512 210 551 1698
225 534 233 547 ‚
254 523 280 542 1.
297 512 336 543 cf.
352 514 490 544 Fabi-eu.
507 513 545 543 ad
559 514 635 545 Tab.
651 515 738 544 Iliae.
758 526 789 556 p.
811 515 887 553 367,
903 521 934 545 et
947 525 1034 545 nunc
1047 515 1164 546 Jacobs
1179 514 1219 545 ad
1235 516 1325 545 Post-

118 566 238 596 homer.
255 566 438 602 642.Varie
455 569 538 599 inter
563 569 621 599 lios
637 570 808 610 scriptores
819 592 827 608 ,
842 580 952 600 eorum
969 570 1024 610 qui
1047 579 1131 610 equo
1146 567 1325 604 latuerunt„

1327 589 1334 602 x

121 622 250 651 nomina
268 623 369 661 tradi,
389 625 443 654 vix
459 635 538 665 opus
559 632 604 654 est
618 635 758 655 monere.
781 626 832 655 Ex
851 625 904 663 iis,
923 635 1004 666 quos
1024 624 1180 665 Virgilius
1198 623 1254 653 inf.
1274 624 1324 658 11,

119 677 160 705 26
170 688 181 706 1
198 688 244 718 sq.
261 679 391 716 recitat,
403 679 640 711 Thessandrum
654 686 685 710 et
697 680 923 718 Machaonem,
936 690 1030 710 nemo
1043 679 1140 710 habet
1153 679 1248 717 alius,
1265 678 1327 708 nisi

120 733 238 772 Hygin.
256 732 317 763 fab.
338 734 412 764 108.
438 736 476 764 In
493 745 577 774 equo
591 745 631 764 ex
647 745 708 765 aere
723 735 805 764 facto
816 757 825 772 ,
843 735 901 775 qui
917 733 1053 764 Athenis
1067 734 1101 763 in
1117 743 1187 763 arce
1203 731 1324 769 mahat,

117 788 305 819 Mnestheus
321 796 352 819 ct
369 791 493 820 Teucer
515 801 590 820 cum
614 790 729 821 Thesei
747 789 821 820 filiis
840 788 1109 831 (Demophoonte
1124 796 1156 819 et
1170 789 1326 819 Acaman-

119 842 169 883 te)
185 854 225 873 ex
248 854 330 884 equo
349 844 605 884 prospiciebant,
630 843 876 887 ὑπερκύπτουσιν
895 842 926 881 ἐξ
947 843 1041 875 αὐτοῦ
1064 854 1114 884 ap.
1136 845 1270 874 Pausan.
1289 843 1304 872 1
1316 864 1325 879 ,

120 899 162 927 23
175 921 182 934 ‚
200 909 232 938 p.
253 899 295 928 55
309 899 382 929 satis
397 899 532 929 ridicule
543 921 551 936 ‚
570 900 634 929 fere
648 906 684 929 ut
700 901 734 929 in
748 899 828 930 Cod.
844 900 949 930 Vatie.
962 901 1129 940 Quantum
1142 897 1328 938 ineptierint

119 954 202 981 cii-ca
218 953 306 982 hunc
322 963 440 993 equum
458 960 578 983 veteres
589 976 597 991 ‚
613 953 733 983 scilicet
756 953 833 983 dum
855 954 988 983 seriores
1018 959 1183 982 tractatum
1199 961 1216 981 a
1233 960 1326 991 supe-

119 1007 256 1037 rioribus
272 1008 374 1047 poetis
397 1015 618 1049 argumentum
635 1010 755 1038 variare
778 1015 810 1038 et
826 1018 939 1038 ornare
961 1007 1131 1044 volebant,
1154 1005 1263 1036 saltem
1284 1015 1325 1035 ex

122 1072 160 1091 eo
175 1061 302 1103 colligas
313 1085 321 1100 ‚
339 1062 427 1103 quod
442 1073 490 1104 ap.
511 1063 657 1094 Servium
672 1063 711 1093 ad
724 1065 754 1093 11
767 1086 775 1101 ,
797 1063 859 1093 150
871 1085 879 1099 ‚
900 1072 1046 1092 mensura
1061 1062 1135 1103 equi
1150 1061 1247 1102 lignei
1264 1067 1326 1090 tra-

120 1117 207 1147 ditur
219 1141 226 1155 ,
233 1117 339 1158 fuisse
358 1128 428 1147 eum
449 1118 578 1159 longum
594 1118 705 1154 CXX,
723 1117 821 1147 latum
835 1118 952 1154 XXX,
971 1116 1108 1157 pedesne
1125 1127 1164 1146 an
1181 1115 1322 1152 cubitos,

122 1180 186 1200 non
204 1171 372 1210 adjectum.

479 1417 860 1473 EXCURSUS
899 1418 963 1471 ΙΙ.

538 1583 611 1625 De
628 1583 901 1625 Laocoonte.

166 1712 197 1742 ΙΙ
209 1735 216 1748 ,
238 1719 312 1750 199.
330 1709 390 1740 Hic
408 1708 502 1738 aliud
517 1708 621 1749 majus
634 1707 756 1737 miseris
772 1708 935 1750 multoque
951 1709 1150 1739 tremendum
1168 1708 1324 1752 Objicitur

121 1767 241 1808 magis,
260 1774 356 1806 atque
382 1763 560 1805 improvida
572 1771 708 1804 pectora
728 1763 857 1793 turbat:
877 1765 1038 1794 Laocoon.
1059 1765 1210 1805 Sequitur
1236 1763 1322 1805 apud

119 1830 246 1862 poetam
269 1821 363 1851 locus
378 1821 428 1850 vel
447 1820 578 1860 nuperis
594 1820 738 1849 virorum
754 1818 923 1849 doctorum
941 1818 1213 1860 disputationibus
1229 1819 1322 1850 nobi·
1366 1853 1369 1856 ¹

120 1878 266 1914 lis-simus,
281 1883 312 1906 et
325 1887 341 1906 a
356 1877 497 1917 Virgilio
510 1885 633 1905 summa
648 1885 721 1904 cum
736 1881 801 1904 arte
815 1881 982 1913 tractatus;
996 1885 1092 1916 super
1105 1885 1170 1916 quo
1183 1882 1214 1905 et
1228 1875 1322 1905 nobis

120 1932 211 1962 liceat
226 1933 341 1972 partim
360 1931 398 1961 de
417 1937 519 1972 poetae
536 1931 691 1967 inventis,
712 1937 767 1960 aut
787 1930 873 1960 unde
892 1930 945 1961 ille
960 1932 1172 1962 narrationem
1192 1932 1321 1971 ejusque

121 1993 305 2016 ornamenta
331 1986 505 2026 acceperit3
523 1985 639 2026 partim
663 1984 702 2015 de
726 1986 884 2015 Vaticano
907 1986 1017 2015 similis
1034 1985 1212 2026 argumenti
1230 1986 1321 2027 signo

121 2050 262 2078 quaerere
280 2063 288 2077 ‚
319 2051 397 2070 num
425 2042 453 2070 ei
483 2042 655 2081 quicquam
679 2051 752 2070 cum
780 2046 873 2080 poeta
904 2050 1074 2070 commune
1105 2040 1154 2070 sit.
1189 2038 1249 2069 Sed
1283 2038 1321 2068 ad

121 2102 289 2135 utramque
307 2097 515 2136 quaestionem
533 2097 606 2126 satis
620 2095 767 2137 expedita
784 2095 850 2125 fore
875 2094 1002 2125 videtur
1024 2083 1207 2134 responsio,
1230 2095 1256 2123 si
1275 2094 1320 2122 vi-

119 2147 274 2180 derimus,
292 2151 348 2188 qui
367 2150 420 2179 alii
437 2157 538 2190 poetae
557 2157 678 2180 veteres
696 2148 836 2179 fabulam
852 2147 891 2178 de
908 2150 1086 2178 Laocoonte
1105 2147 1269 2177 tractarint
1289 2153 1321 2176 et

121 2205 276 2233 ornarint.

169 2260 209 2289 Et
226 2259 366 2299 primum
383 2259 512 2300 quidem
529 2260 614 2291 varie
631 2259 765 2292 omnino
779 2258 855 2289 olim
871 2269 886 2289 a
903 2259 997 2289 variis
1013 2259 1225 2289 narrationem
1239 2257 1321 2288 hanc
