1433 2460
169 69 183 85 ’.ε
197 63 233 92 ‘03⁸
676 52 868 81 AENEIDUS

166 113 354 150 Cernitur.
377 108 534 145 Adtollit
551 121 589 144 sc
609 107 696 144 diva
717 108 868 145 Lacinia
890 116 1038 150 contra,

165 171 419 218 Caulonisque
435 181 539 205 arces
550 196 561 214 ‚
579 177 616 206 ct
628 169 865 220 navifragum
881 170 1127 220 Scylacaeum.

168 237 265 270 Tum
285 230 417 280 procul
436 243 456 267 c
476 229 594 267 fluctu
612 230 809 268 Trinacria
827 231 994 268 cemitur
1012 232 1142 272 AEtua,

217 379 233 407 5
241 379 292 408 52.
304 377 512 407 'l'arcntinum
523 376 627 406 sinum
642 386 657 404 a
668 374 742 404 dcx-

170 434 214 454 tra
241 423 467 464 prmum-gressis
500 423 533 452 in
570 427 742 462 prospectu

168 478 231 500 erat
258 469 508 510 ριὉηιοητον-ίιιιη
554 467 721 498 Εησίιιίιιιη
731 491 741 504 ,

172 526 238 546 tum
258 516 417 546 Caulom'a
433 517 467 546 iu
486 522 594 546 monte
615 516 673 545 sita
687 536 695 552 ,
713 521 744 544 et

172 562 360 602 Squacium.
381 564 448 592 Liv.
465 563 590 598 xxlv,
609 563 625 591 3
643 571 650 591 :
678 563 743 590 Sex

171 610 277 639 millia
291 609 403 638 aberat
416 607 456 637 ab
471 608 544 637 urbe
560 606 744 649 (Crotone)

171 655 275 686 nobile
298 655 468 695 templum,
488 654 557 694 ipsa
587 654 661 683 urbe
689 663 746 682 ιιο-

170 702 279 738 bilius,
306 701 452 731 Lacinia·
482 699 634 735 J1monis;
651 710 746 729 sanc-

173 757 239 778 tum
274 748 419 777 omnibus
445 746 530 776 circa
553 746 693 786 populis.
713 757 743 776 v.

171 795 218 824 ibi
237 795 337 835 plura.
359 793 454 823 Adde
468 792 618 823 strabon.
632 794 697 830 VI,
715 803 746 831 p.

175 842 238 871 261
266 843 307 877 D,
331 846 381 876 et,
401 846 515 880 praeter
542 838 748 874 Cluverium,

175 890 261 919 δεῖν.
271 894 302 916 et
317 886 462 923 Cerdam,
472 886 605 915 Aristot.
621 884 659 914 de
672 886 747 915 Mir.

176 933 286 964 Audit.
305 945 336 973 p.
357 931 440 970 726,
466 931 572 961 Schol.
596 937 627 960 et
652 932 750 961 Notas

176 980 216 1009 ad
235 979 394 1020 Lycophr.
412 989 443 1007 v.
462 978 540 1008 856.
557 976 689 1007 Accollic
699 987 750 1014 se,

175 1027 252 1066 quia
277 1023 609 1065 appropinquantibus
634 1029 688 1052 aut
709 1034 754 1052 re-

176 1071 287 1101 cedere
304 1077 428 1101 montes
447 1069 600 1099 videntur
617 1075 672 1099 aut
688 1079 755 1099 sur·
780 1075 782 1078 ’

179 1128 261 1158 gere.
283 1119 367 1147 Serv.
385 1116 426 1146 cf.
441 1126 510 1156 sup.
525 1115 566 1145 ad
582 1122 621 1152 41
633 1127 660 1146 1.

229 1164 306 1194 553.
338 1163 552 1203 Callonesque
570 1162 667 1193 Wall.
689 1163 758 1193 Ser-

180 1211 252 1240 vius
267 1220 274 1240 :
303 1223 320 1236 «
337 1209 538 1249 Aulonisque
563 1218 664 1239 arces.
688 1209 757 1238 Au-

179 1257 236 1286 lon
250 1266 343 1286 mons
355 1262 402 1285 est
415 1255 568 1286 Calabriae
577 1278 586 1293 ‚
600 1262 637 1285 ut
646 1256 757 1285 Horat.

183 1303 215 1332 11
240 1302 303 1333 Od.
330 1302 351 1331 6
367 1308 400 1330 ec
415 1301 538 1331 amicus
560 1302 669 1332 Aulon
687 1302 759 1331 Fer-

182 1347 248 1378 cilis
273 1348 339 1389 (ita
373 1346 511 1388 legitur)
547 1347 699 1383 Bacclzo;
724 1348 759 1377 in

183 1404 249 1435 quo
263 1393 419 1434 oppidum
438 1393 515 1431 fuit,
530 1405 547 1424 a
562 1395 670 1424 Locris
683 1404 759 1424 con-

183 1442 303 1477 ditum,
334 1440 422 1480 quod
451 1440 630 1470 secundum
658 1441 760 1481 Hygi-

184 1498 264 1517 num
273 1510 282 1523 ,
295 1487 351 1526 qui
365 1488 492 1527 scripsit
504 1486 543 1517 de
553 1487 617 1516 situ
630 1487 761 1517 urbium

185 1533 384 1568 Italicarum,
403 1533 513 1563 Aulon
534 1540 605 1562 est»
630 1533 709 1573 (etsi
727 1533 761 1562 in

184 1580 234 1609 his
250 1581 418 1619 postremis
433 1589 504 1609 voc.
521 1579 619 1608 dubia
634 1577 760 1619 lectio).

187 1628 294 1656 Potest
314 1625 382 1654 haec
398 1627 485 1655 Serv.
498 1625 592 1654 lectio
608 1624 762 1654 doctrinae

187 1670 460 1711 speciemhabere;
470 1681 543 1700 nam
553 1671 764 1700 similiterAu-

187 1717 334 1757 Iouisque
343 1717 474 1747 exhibet
481 1718 594 1747 Acron
603 1717 643 1746 ad
651 1719 763 1747 Horat.

187 1766 203 1793 I
219 1763 281 1794 Od.
305 1764 344 1793 16
361 1762 436 1805 (sed
450 1763 571 1803 Crqu.
583 1763 763 1793 Comment.

187 1810 343 1839 Caulonis
352 1811 378 1851 );
394 1810 602 1849 Aulonesque
611 1820 700 1839 acres
714 1820 763 1850 pr.

186 1856 341 1886 Rottend.
351 1857 480 1897 Legitur
493 1862 599 1885 autem
615 1866 664 1896 ap.
681 1858 764 1887 Stra-

188 1904 265 1934 bon.
280 1904 343 1940 VI,
358 1914 389 1943 p.
409 1903 471 1931 261
488 1903 513 1931 B
534 1901 585 1931 ed.
596 1903 664 1932 Par.
681 1905 765 1932 Καυ-

187 1946 284 1980 λωνία
296 1972 304 1986 ,
315 1947 464 1992 πρότερον
477 1945 507 1977 δ’
516 1946 659 1978 Αὑλωνίσ.
673 1951 763 1992 λεγο-

190 1995 264 2037 μένη
280 1992 333 2025 διὰ
348 1994 398 2025 τὸν
418 1992 638 2037 προσκείμενον
663 1993 763 2025 αὐλῶ-

188 2052 226 2071 να.
236 2065 243 2079 ,
255 2041 286 2071 h.
302 2054 328 2073 e.
344 2042 531 2072 convallem.
543 2042 645 2071 Etiam
654 2040 761 2081 Steph.

190 2089 268 2128 Byz.
280 2088 311 2117 h.
324 2099 353 2118 v,
372 2089 411 2118 ab
426 2090 575 2118 Hecataeo
586 2087 761 2117 Auloniam

189 2141 333 2163 vocatam
347 2142 518 2172 memorat,
534 2131 588 2165 διὰ
610 2133 644 2163 τ“ο
667 2131 760 2176 μέσην

366 2176 426 2210 ''ezz
441 2181 452 2223 ζ
463 2181 552 2212 addit
561 2180 644 2211 idem
659 2180 698 2210 ab
709 2180 762 2225 be-

190 2179 333 2215 Αὐλώνες
352 2191 381 2210 ει·

796 385 850 405 roe
882 375 1024 406 Caulone
1054 380 1210 404 mutatum
1233 383 1368 409 nomem

796 423 851 462 qui
876 421 956 451 sorte
979 421 1096 451 Caulus
1125 420 1178 450 ille
1208 426 1253 448 cst
1283 419 1369 459 apud

797 468 957 505 Servium,
976 468 1066 498 Clitae
1082 467 1251 497 Amazonis
1267 464 1370 503 1ilius3

797 514 852 544 sed
874 514 1073 554 probabilius
1094 521 1156 550 cst,
1173 512 1298 542 dialecti
1317 512 1371 541 ali-

798 570 860 601 qua
868 559 983 590 duritie
994 560 1182 600 guttim-alem
1194 559 1373 595 accessis-³⁴33

798 607 913 636 namin
921 605 1075 637 Mazochii
1085 605 1215 635 somniis
1223 604 1261 634 ad
1271 604 1372 634 Tam).

799 653 1000 683 lleracleens.
1021 663 1052 692 p.
1072 653 1134 691 5²7
1152 662 1219 691 sqq.
1233 673 1242 688 ‚
1261 650 1317 680 ubi
1333 662 1374 681 ex

799 699 936 729 liebraeo
963 698 1044 732 Kol,
1079 698 1117 729 dc
1145 708 1222 728 voce
1254 699 1374 728 tonitru

801 752 928 785 accepta
939 767 947 782 ,
967 744 1056 774 ducit
1070 767 1078 782 ,
1099 755 1166 775 nou
1182 744 1373 785 moramur).

802 794 849 821 Ex
877 791 973 822 altem
1005 798 1109 821 tamen
1126 797 1216 831 parte
1239 791 1374 832 primam

802 838 924 868 literam
940 840 974 868 in
997 838 1156 878 principio
1171 847 1280 867 versus
1293 838 1376 867 exci-

802 883 883 914 disse
905 885 939 914 in
960 893 1026 914 uno
1052 884 1101 914 vel
1122 883 1221 914 altero
1245 883 1372 920 codice,

804 941 869 970 quo
876 932 1003 962 Servius
1012 931 1178 967 utebatur,
1194 939 1260 960 non
1274 930 1380 959 minus

805 977 970 1016 probabile
996 982 1053 1007 est.
1072 975 1168 1017 Quod
1191 987 1242 1017 ap.
1267 978 1379 1006 Horat.

809 1025 841 1053 11
849 1024 952 1055 Carm.
967 1023 987 1052 6
997 1045 1005 1060 ,
1021 1023 1059 1052 18
1069 1023 1210 1052 occurrit
1219 1030 1250 1052 et
1258 1021 1381 1051 amicus

809 1070 919 1100 Aulon
936 1068 1060 1100 Fertilis
1074 1067 1220 1105 Baccho,
1240 1068 1298 1098 ubi
1316 1074 1378 1097 vet.

810 1115 916 1147 Schol.
928 1122 1070 1146 montem
1083 1125 1148 1145 esse
1159 1113 1312 1145 Calabriae
1328 1114 1381 1150 ait,

812 1169 844 1192 et
855 1163 963 1203 Intpp.
978 1161 1109 1192 laudant
1121 1159 1276 1192 Martialis
1284 1159 1381 1190 illud:

812 1207 937 1239 Nobilis
966 1216 998 1239 ec
1015 1207 1102 1238 lanis
1121 1205 1250 1249 ecfilix
1265 1204 1384 1236 vitibus

811 1255 941 1291 Aulon,
953 1254 988 1285 id
997 1254 1036 1284 ad
1049 1254 1258 1285 Tarentinum
1272 1262 1383 1293 agrum

811 1308 948 1341 spectat,
966 1311 1034 1331 non
1050 1300 1088 1330 ad
1105 1300 1193 1330 hunc
1208 1301 1384 1329 Locrorum

811 1346 1099 1387 Epizephyriorum
1110 1369 1118 1384 ‚
1153 1352 1191 1376 ut
1218 1346 1283 1384 jam
1314 1346 1387 1374 satis

812 1393 900 1423 docti
931 1393 993 1422 viri
1021 1393 1218 1429 docuerunt;
1247 1390 1388 1431 adeoque

813 1439 860 1469 nil
883 1440 992 1477 juvat,
1024 1438 1112 1479 quod
1133 1438 1167 1469 h.
1185 1438 1207 1468 l.
1236 1436 1388 1467 Caulonis

814 1496 904 1515 arces
930 1485 963 1516 h.
985 1495 1013 1515 e.
1035 1495 1126 1515 mons
1139 1484 1190 1514 vel
1205 1490 1389 1524 promonto-

815 1533 898 1561 rium
922 1538 1126 1561 memoratur.
1147 1529 1226 1560 Eod.
1250 1540 1282 1560 V.
1301 1529 1389 1558 navi-

805 1577 944 1619 fragum
961 1578 1158 1616 Scylaceum.
1188 1573 1385 1606 Σκυλάκειον.

815 1624 956 1653 Multum
969 1624 1148 1653 aberratum
1163 1628 1209 1652 est
1224 1623 1259 1652 in
1274 1622 1323 1652 his
1336 1632 1390 1652 vo-

817 1669 907 1699 cibus
931 1680 949 1699 a
966 1669 1103 1699 librariis
1127 1679 1135 1700 :
1166 1667 1361 1710 naufragum
1377 1691 1386 1703 ,

817 1715 1286 1757 naufragium—Scillacaeum,
1302 1714 1389 1754 Scyl-

817 1762 954 1792 lacaeum
965 1785 973 1797 ,
993 1762 1184 1793 Scillaceum
1193 1784 1202 1800 ,
1215 1760 1386 1796 Silae-eum,

819 1809 990 1847 Scylleum.

867 1855 884 1885 5
891 1855 1060 1893 54-557.
1079 1854 1258 1895 Scylaeium
1284 1853 1389 1883 sinum

817 1902 1031 1940 praetervectis
1051 1901 1115 1939 jam
1145 1911 1162 1930 e
1190 1900 1388 1940 longinquo,

818 1954 967 1987 tanquam
985 1948 1020 1976 in
1037 1945 1143 1976 medio
1160 1945 1239 1975 mari
1258 1945 1392 1987 (estne—

817 1992 868 2033 τη)
885 1995 978 2023 AEtua
996 1992 1109 2023 Siciliae
1139 1990 1281 2021 cernitur
1305 1991 1338 2022 h.
1361 2003 1389 2022 e.

816 2050 856 2068 ex
876 2039 966 2069 fumo
981 2045 1012 2068 et
1020 2039 1087 2080 igni
1100 2040 1321 2080 cognoscitur,
1338 2047 1390 2068 au-

814 2085 901 2114 ditur
929 2095 1059 2125 quoque
1086 2084 1192 2126 fragor
1224 2085 1319 2114 maris
1349 2084 1389 2114 ad

814 2131 964 2171 scopulos
991 2131 1104 2172 Scyllae
1134 2131 1233 2168 allisi,
1261 2131 1389 2171 jamque

816 2178 902 2218 <557
916 2177 928 2217 )
943 2185 1070 2219 apparet
1094 2185 1125 2209 et
1143 2177 1246 2209 oculis
1261 2187 1395 2219 cognos-
