1423 2517
627 163 749 195 LIBER
774 164 800 193 I.
1297 171 1313 197 ,ἲ

166 223 296 264 Amin,
315 219 516 268 virumque
534 231 648 265 cano,
666 220 790 270 Trojae
806 219 872 268 qui
893 221 1036 269 primus
1056 221 1104 259 ab
1121 222 1198 260 oris

117 279 285 325 Italiam,
305 279 381 315 fato
398 279 600 328 profugus,
616 279 775 316 Lavinia
799 280 903 316 venit

115 393 167 423 dat
191 393 229 423 de
247 403 285 423 eo
297 416 305 429 ‚
323 392 410 433 quod
433 391 557 422 horrere
573 392 686 434 fizcit:

114 447 150 469 nt
166 441 271 480 ipsum
294 438 356 468 hoc
379 437 539 467 horridum
559 450 623 468 esse
643 440 689 469 di-

114 487 217 522 citur;
232 496 361 526 possum
374 495 502 524 quoque
520 486 688 514 auctorita-

114 539 175 562 tem
190 532 286 573 lyrici
300 540 493 566 1ne1norare3
510 541 583 559 nam
603 531 689 570 apud

114 578 302 615 Pindarum,
319 577 432 618 Pythia
448 578 504 614 IV,
522 582 600 614 144,
613 584 687 607 sunt

114 622 288 667 φρίσσῡντες
309 620 429 666 ὃμὲροι.

167 672 264 700 1—3.
277 672 392 706 Arma,
403 668 435 698 id
445 676 502 705 est,
512 669 595 698 bella
606 668 686 709 (sub

115 719 220 748 AEneae
233 717 405 746 adventum
428 717 461 744 in
483 714 568 743 Italia
587 713 684 753 orta),

117 763 283 803 virumque
300 772 400 797 cano,
414 760 471 800 qni
484 760 578 789 venit
591 771 600 788 :
625 759 687 789 hoc

113 817 169 846 est,
181 816 217 838 ut
233 807 337 837 verbis
353 806 536 847 vulgaribus
554 806 684 842 diceres,

112 862 143 885 et
158 854 331 884 adventum
345 854 406 882 viri
429 864 444 882 a
464 854 559 891 Troja
576 852 687 893 profu-

112 902 144 942 gi
158 903 192 931 in
211 901 300 931 Latio
310 923 318 937 ‚
333 911 371 930 eo
385 899 516 939 quidem
528 899 611 936 loco,
623 910 687 939 quo

113 949 280 977 Lavinium
301 946 441 987 posthaec
458 946 497 975 ab
515 948 612 975 AEnea
628 946 688 974 fuit

113 994 290 1024 conditum.
308 995 363 1022 Est
378 1000 484 1022 autem
499 992 566 1021 haec
582 993 687 1021 AEnei-

112 1041 160 1070 dis
176 1050 298 1070 summa
308 1062 316 1076 ‚
336 1049 407 1079 quae
423 1039 600 1068 absolvitur
615 1038 687 1067 sede

112 1089 146 1117 in
167 1086 256 1116 Italia
269 1093 412 1126 accepta,
428 1085 531 1115 Turni
549 1084 633 1114 caede
657 1092 688 1114 et

112 1145 154 1164 ex
170 1132 287 1162 foedere
298 1143 372 1162 cuin
382 1132 505 1168 Latino,
515 1133 586 1160 AEu.
603 1133 668 1161 XII
675 1153 685 1167 ‚

117 1190 130 1209 1
139 1180 192 1218 87,
203 1190 270 1220 sqq.
284 1181 388 1208 Arma
398 1178 568 1217 virumque
578 1177 688 1206 melius

112 1227 157 1256 ita
165 1236 224 1255 uos
237 1232 268 1255 et
283 1226 366 1265 epici
381 1225 529 1254 carminis
543 1223 689 1264 dignitati

114 1273 341 1303 convenienter
366 1271 568 1310 interpretari
596 1277 688 1310 puta-

115 1329 197 1356 maS,
212 1328 310 1358 quam
325 1328 384 1357 pro
400 1324 526 1346 armato
544 1315 635 1352 viro,
653 1322 689 1344 ut

115 1365 184 1394 aliis
201 1364 280 1394 locis
297 1370 381 1393 recte
395 1363 522 1397 dicitur,
536 1373 567 1391 v.
588 1373 614 1391 c.
630 1361 686 1392 inf.

114 1413 174 1448 XI,
194 1417 269 1449 747,
284 1417 347 1445 aut,
362 1416 398 1439 ut
411 1409 467 1438 vir
483 1408 521 1438 ad
539 1418 594 1436 sex
606 1409 690 1447 prio—

114 1468 181 1493 res,
203 1467 297 1486 arma
315 1455 354 1485 ad
376 1467 432 1485 sex
449 1455 639 1494 posteriores
652 1454 689 1482 li-

101 1503 189 1534 -hros
203 1503 370 1543 pertineat,
381 1508 436 1530 aut
451 1511 525 1530 cum
540 1501 690 1529 Burman-

115 1560 158 1580 no
177 1550 221 1578 ita
240 1550 380 1588 accipere
393 1571 401 1585 ‚
418 1545 689 1587 quemadmodum

114 1597 148 1625 in
162 1595 297 1625 sollenni
308 1593 444 1624 formula
459 1602 466 1623 :
481 1603 577 1622 arma
591 1592 691 1622 viros-

115 1652 176 1682 que
189 1641 236 1670 ad
248 1641 334 1670 bella
340 1638 498 1680 polliceri,
512 1646 543 1668 et
555 1640 590 1668 in
605 1640 689 1667 simi-

114 1687 211 1717 libus.
230 1689 320 1722 Fato,
332 1687 481 1726 praeclare
498 1686 642 1726 ponitur,
654 1692 690 1714 ut

117 1733 157 1762 ad
185 1732 329 1762 deorum*
343 1733 560 1762 interventum
597 1738 690 1771 poeta

117 1781 202 1809 viam
233 1779 355 1808 muniat
369 1789 378 1814 ;
397 1777 551 1818 profitgus
577 1777 691 1806 venit:

118 1832 228 1856 ornate
249 1824 329 1854 illud
349 1823 516 1862 adjectum,
536 1829 566 1852 et
580 1823 692 1852 melius

116 1872 263 1913 jungitur
278 1880 286 1900 :
301 1873 328 1900 T
326 1870 403 1910 rojae
417 1870 457 1899 ab
467 1868 528 1898 oris
537 1867 693 1909 proficgus

119 1918 224 1948 venit.
243 1934 289 1941 ·—-
300 1917 425 1946 Primus
438 1927 449 1945 .·
466 1915 565 1944 videri
589 1921 693 1954 potest

119 1964 261 2001 dictum,
275 1970 422 2004 respectu
446 1972 511 1991 suae
532 1962 638 2001 stirpis
657 1970 693 1990 ac

120 2012 221 2052 gentis
238 2020 331 2040 novae
354 2011 390 2039 iu
414 2008 514 2044 Italia,
533 2008 624 2045 cujus
641 2007 694 2036 ille

120 2058 183 2087 fuit
201 2063 312 2087 auctor
330 2066 365 2086 ac
381 2057 552 2096 princep53
571 2053 696 2093 primus

121 2105 216 2133 etiam
236 2103 316 2140 fuit,
340 2103 398 2143 qui
423 2102 545 2131 veniret
573 2101 608 2129 iu
629 2101 695 2129 hrec

121 2150 192 2180 loca
204 2159 212 2179 :
220 2149 344 2190 primns
359 2147 415 2189 qui
432 2147 526 2177 venie
546 2146 676 2176 Italiam
687 2170 694 2183 ‚

115 2196 262 2226 Lavinia
275 2195 381 2225 litora.
399 2197 589 2234 Interpretes
599 2194 698 2223 multa

124 2242 303 2273 moliuntur
323 2243 357 2271 in
379 2241 468 2271 hunc
492 2241 598 2270 locum
619 2251 697 2280 quo-

126 2289 215 2319 niam
228 2290 375 2320 Antenor
396 2289 462 2327 jam
486 2294 558 2317 ante
576 2285 616 2316 ad
637 2288 698 2316 Ita-

739 395 814 424 liam
851 403 1030 426 accesserat.
1061 399 1173 427 AEneas
1211 405 1316 429 tamen

743 448 827 470 recte
851 443 973 481 primus
997 453 1012 471 e
1029 444 1174 481 Trojnnis
1200 445 1232 474 in
1258 444 1316 474 has

741 495 823 516 certe
834 488 1066 527 Italiccparees,
1078 489 1124 518 acl
1133 490 1313 527 Lavinium,

742 533 754 572 (
768 533 853 572 quod
871 535 934 571 jam
954 541 1065 564 auctor
1080 535 1155 565 libri
1174 535 1213 566 de
1229 538 1317 577 Orig.

743 579 855 608 Gentis
879 582 971 610 Rom.
997 592 1024 610 c.
1047 591 1058 609 1
1077 581 1226 622 monuit)
1251 593 1319 622 per—

742 626 848 659 venit;
867 634 940 653 nam
959 627 1106 655 Antenor
1126 627 1163 656 ad
1178 630 1318 658 Venetos

740 671 774 699 in
786 671 899 698 intimo
910 672 981 699 sinu
992 671 1166 708 Adriatico,
1176 673 1319 713 adeoque

740 717 774 744 iu
798 715 856 744 alia
873 716 971 745 Italiae
995 724 1100 756 parte,
1115 729 1187 757 quae
1209 720 1319 749 Galliae

743 762 909 801 Cisalpinae
927 769 1002 798 erat,
1019 763 1193 803 appulerat.
1210 766 1249 794 cf.
1261 766 1317 795 inf.

742 810 812 838 AEu.
832 808 888 838 lib.
905 810 939 845 Ι,
958 819 1035 846 247.
1057 811 1258 850 Quamquam
1277 818 1318 848 et,

741 854 876 883 aliorum
895 854 1004 884 ltalia>
1013 855 1142 895 proprie
1161 856 1256 886 dictae
1271 868 1321 887 co-

741 901 886 930 lonorum
897 909 1049 940 respectu,
1061 903 1182 941 primus
1193 905 1315 939 AEneas,

741 948 854 987 utique
868 959 884 977 e
902 947 1059 987 Trojamk,
1082 948 1204 977 Italiam
1224 949 1299 978 adiit
1312 960 1321 986 ;

742 1004 814 1022 nain
839 995 895 1033 qui
919 1001 991 1023 aute
1013 1005 1088 1023 eum
1111 994 1232 1024 Italian‘]
1259 996 1321 1025 ste-

741 1047 931 1079 quentarant
949 1041 1114 1077 OEuotrii,
1129 1041 1276 1071 Evander
1290 1049 1321 1071 et

741 1087 906 1123 Hercules,
921 1097 962 1116 e-z·
975 1087 1102 1117 Graecia
1115 1087 1318 1117 advenerant.

743 1132 803 1162 Sed
813 1140 923 1174 arguta
939 1133 1006 1162 haec
1022 1135 1129 1174 potius
1140 1145 1236 1174 quam
1246 1144 1320 1163 vera

741 1186 840 1218 put0;
862 1186 892 1208 et
914 1187 1017 1219 poetae
1038 1181 1144 1209 auimo
1167 1180 1230 1210 hoc
1246 1181 1320 1210 uni-

743 1235 816 1254 cum
846 1226 984 1255 insidere
1014 1226 1143 1262 debuit,
1161 1226 1249 1265 quod
1280 1226 1320 1255 ab

743 1272 958 1311 antiquissima
968 1273 1120 1301 memoria
1130 1273 1262 1312 repetita
1272 1283 1321 1301 res

742 1324 798 1347 est.
826 1319 881 1347 Est
905 1325 1011 1347 autem
1030 1318 1172 1358 primus,
1198 1318 1318 1358 primo,

742 1364 929 1404 simpliciter
942 1365 1064 1394 dictum
1076 1375 1136 1404 pro
1153 1364 1230 1394 olim
1239 1387 1247 1401 ‚
1261 1375 1321 1394 an-

743 1410 884 1450 tiquitus,
902 1417 937 1439 ut
950 1421 1028 1439 mox
1047 1416 1088 1445 24
1099 1433 1107 1447 ‚
1125 1410 1204 1439 belli
1216 1411 1321 1451 prima

743 1457 831 1495 quod
847 1457 894 1485 ad
917 1456 1045 1495 Trojam
1066 1464 1227 1495 gesserat;
1240 1456 1273 1486 h.
1292 1468 1319 1487 e.

743 1508 832 1530 antea
842 1523 850 1537 ‚
864 1502 951 1531 olim.
968 1504 1039 1531 AEn.
1054 1503 1152 1538 VIII,
1170 1504 1187 1532 3
1197 1513 1236 1542 19
1253 1503 1322 1532 Pri-

743 1559 812 1576 mus
834 1548 874 1576 ab
902 1546 1032 1577 (etherio
1053 1549 1208 1577 Saturnus
1228 1548 1324 1578 venit

745 1594 892 1634 Olympo.
910 1596 1019 1624 Horat.
1037 1596 1068 1623 11
1080 1617 1088 1631 ,
1106 1597 1204 1625 Serm.
1222 1606 1239 1624 2
1252 1596 1320 1635 ‚93

743 1639 799 1670 hos
821 1641 947 1670 utinam
966 1641 1051 1670 Inter
1064 1638 1190 1670 Herocis
1208 1649 1322 1670 natum

744 1687 837 1716 tellus
866 1698 916 1717 me
939 1687 1047 1727 prima
1073 1687 1204 1717 tulisset.
1228 1686 1324 1716 Venit
1347 1705 1350 1708 >

744 1733 887 1770 Italiam,
910 1735 1079 1763 Homerica
1107 1736 1246 1769 ratione;
1264 1728 1322 1765 ἧκε

744 1779 850 1815 πόλιν,
870 1787 902 1809 et
928 1781 1115 1814 innumera,
1133 1776 1321 1813 omissoheig.

746 1826 888 1855 Omnino
907 1825 968 1853 hoe
985 1824 1183 1865 infigendum
1200 1825 1320 1864 animo,

745 1877 782 1899 ut
815 1870 911 1900 semel
949 1873 1090 1900 monitus
1122 1871 1162 1899 sis
1195 1878 1320 1911 poetam

747 1917 861 1946 Graeco
900 1927 987 1946 more
1029 1918 1197 1957 praeposita
1244 1918 1320 1954 ista,

749 1963 781 1992 in
794 1986 802 1998 ,
816 1974 892 2002 per,
907 1963 954 1992 ad
965 1986 973 1999 ‚
991 1963 1158 2004 negligere.
1172 1963 1316 1998 ltaliam,

749 2017 778 2038 et
796 2008 931 2038 Lavinia
949 2009 1042 2038 litora
1061 2009 1251 2039 declarative
1267 2020 1321 2039 cu-

749 2056 866 2085 mulata
894 2062 988 2091 suut3
1011 2055 1145 2085 Lavinia
1161 2062 1266 2085 autem
1284 2055 1320 2086 li-

751 2110 836 2137 tora,
857 2103 890 2131 in
913 2102 1030 2142 quibus
1051 2101 1222 2142 aliquando
1243 2101 1322 2131 urbs

750 2150 916 2178 Lavinium
932 2156 998 2178 erat
1017 2148 1183 2179 condenda
1194 2171 1202 2185 ,
1219 2155 1256 2177 ut
1272 2158 1323 2178 so-

750 2195 816 2225 lent
832 2202 932 2235 poeta:
947 2202 1052 2236 petere.
1067 2195 1204 2235 epitheta
1229 2195 1323 2224 etiam

752 2252 768 2270 a
782 2241 952 2282 postmodo
966 2242 1065 2272 factis.
1079 2260 1126 2265 -—-
1136 2253 1168 2272 2.
1186 2239 1324 2270 Lavinia

752 2289 870 2319 Medic.
887 2299 904 2318 a
926 2299 1008 2319 man.
1027 2300 1076 2330 pr.
1095 2289 1210 2328 aliique
1230 2285 1322 2317 codd.

1134 2351 1173 2388 l*-
