1433 2460
124 33 189 63 -110

628 34 819 64 AENEIDOS

123 93 306 127 Exercent
330 90 469 139 patrias
491 89 576 126 oleo
596 89 745 126 labente
766 89 956 139 palaestras

122 151 261 187 Nudnti
280 150 383 186 socii.
401 153 514 187 Juvat
531 150 691 187 evasisse
709 159 763 187 tot
782 150 885 187 urbis

123 210 333 258 Argolicas,
352 209 570 259 mediosque
591 211 716 260 sugam
737 210 901 247 tenuisse
922 223 990 260 per
1010 209 1138 247 hostis.

175 273 323 307 Interea
339 281 514 319 magnum
534 271 588 308 sol
605 272 916 309 circumvolvitur
935 284 1093 317 annum,

124 332 164 365 Et
189 328 352 378 glacialis
373 328 492 367 hiems
511 330 766 380 Aquilonibus
786 340 935 382 asperat
958 331 1089 368 undas.
1278 337 1326 362 ²8⁵

124 391 210 424 [Ere
230 401 324 425 cavo
345 389 538 438 clypeum,
559 391 682 440 magni
700 401 889 440 gestamen
906 391 1085 436 Abantis,

124 449 297 486 Postibus
313 450 480 487 adversis
498 452 590 501 ligo,
607 460 643 488 ct
665 464 743 488 rem
763 452 930 488 carmine
946 451 1053 501 signo
1071 466 1079 486 :

123 512 262 547 AExms
284 524 362 547 niae
383 525 432 547 nr,
453 514 597 548 Dmns
618 524 844 548 vmromnvs
863 524 975 547 ARMA.

126 570 316 619 Linquere
334 579 412 607 tum
433 580 566 621 portus
582 571 717 622 jubeo,
734 581 772 609 et
792 571 988 609 considere
1005 569 1186 608 transtris.

125 631 304 667 Certatim
325 632 416 668 socii
438 632 577 670 feriunt
596 646 717 679 mare,
737 641 773 669 et
791 645 943 681 aequora
962 640 1131 668 verrunt.
1280 646 1327 671 ²9⁰

127 693 310 730 Protenus
331 692 451 729 aerias
469 693 666 730 Phaeacnm
686 692 950 730 abscondimus
970 703 1093 737 arces,

131 867 205 904 jano
216 865 278 895 ritu
286 864 421 895 habitos.
433 864 594 895 Videntur
603 873 707 896 autem

127 913 190 950 jam
221 912 396 951 antiquitus
423 910 491 940 ludi
517 911 555 940 ad
576 913 706 942 Actium

133 957 283 988 celebrati
301 967 385 993 esse,
403 967 484 997 quos
506 964 599 996 poeta
621 968 707 987 eorn-

130 1004 222 1034 mode
237 1004 270 1033 in
288 1014 353 1032 rem
372 1013 459 1048 suam
480 1004 584 1033 vertit.
599 1005 624 1033 E
639 1004 707 1034 Cal-

129 1049 266 1080 limacho
279 1072 286 1086 ,
306 1046 378 1091 περὶ
402 1047 558 1095 Αγώνων,
583 1051 706 1091 Harpo-

130 1098 252 1127 cration
269 1103 298 1126 et
319 1094 430 1126 Suidas
451 1093 492 1125 τὰ
517 1099 618 1126 Ana-22
640 1108 705 1127 me-

131 1149 274 1180 morant3
290 1141 344 1172 sed
366 1153 401 1171 ea
425 1141 488 1172 huc
513 1142 635 1173 trahere
651 1145 707 1173 vix

130 1191 240 1220 ausim.
281 1191 466 1219 Successere
510 1189 708 1220 celeberrimi

131 1236 200 1266 ludi
213 1236 338 1266 Actiaci
354 1235 394 1265 ab
405 1236 552 1277 Augusto
561 1259 569 1274 ‚
580 1243 617 1266 ut
629 1236 709 1267 dixi-

132 1293 203 1312 mus
213 1305 221 1320 ‚
236 1283 271 1312 in
283 1283 426 1312 victoriae
438 1283 577 1313 Actiacae
590 1294 709 1314 memo-

133 1330 210 1358 riam
227 1329 378 1358 instituti.

182 1375 377 1405 281—283.
393 1374 571 1405 Paloescras
586 1386 646 1416 pro
660 1376 709 1405 lu-

135 1422 184 1451 dis
208 1422 366 1463 gymnicis
391 1420 482 1451 dixit.
509 1422 588 1451 Oleo
605 1422 713 1452 laben·

135 1477 182 1505 te,
213 1468 390 1508 exquisite,
422 1467 511 1508 quod
538 1468 708 1507 dilabitur,

135 1514 271 1550 diffluit,
295 1515 423 1554 corpori
441 1514 569 1544 illitum.
586 1516 710 1557 Fugam

135 1561 292 1595 tenuisse,
311 1567 347 1590 ut
362 1561 421 1591 inf.
438 1560 505 1590 686
528 1571 650 1591 cursum
667 1569 711 1591 te-

136 1618 226 1643 nere;
252 1606 335 1636 hene
357 1609 445 1638 Serv.
459 1606 607 1648 feliciter
628 1607 714 1639 navi-

133 1664 239 1695 gasse.

187 1700 265 1736 284.
297 1700 353 1729 Sol
382 1699 633 1729 circumvolvitur
669 1711 711 1731 m.

138 1757 279 1781 annum,
299 1744 339 1781 εἰς
361 1747 412 1776 vel
430 1743 531 1784 κατὰ,
546 1747 591 1776 sic
607 1752 644 1776 nt
656 1756 712 1776 an-

139 1804 198 1823 nus
223 1792 427 1829 absolvatur,
453 1799 580 1832 peraeto
606 1803 714 1823 annuo

140 1840 213 1870 solis
248 1849 356 1869 cursu.
384 1840 542 1880 fllagnum
570 1849 710 1876 anuum,

140 1885 245 1926 simpl.
285 1885 324 1914 ad
363 1892 530 1923 ornatum,
563 1887 715 1926 quoniam

141 1932 258 1961 multos
273 1931 338 1961 dies
351 1932 434 1961 intra
452 1942 484 1961 se
498 1933 660 1969 continet3
679 1938 716 1962 ut

139 1979 204 2016 jam
232 1978 305 2007 alias
331 1983 488 2009 notatum.
514 1977 555 2008 cf.
580 1988 651 2019 sup.
679 1980 713 2016 Ι,

146 2024 224 2063 269.
251 2024 304 2054 Ad
340 2033 435 2053 vanas
464 2024 600 2066 argutias
633 2025 716 2054 circa

144 2071 226 2099 hanc
249 2079 361 2099 vocem
382 2069 538 2100 delabitur
553 2071 716 2108 Catroeus‚

146 2116 223 2145 dum
238 2115 277 2144 ad
290 2126 408 2145 annum
423 2117 638 2147 intercalarem
651 2117 718 2147 lus-

146 2163 186 2192 tri
227 2161 339 2199 refert3
362 2163 503 2193 Macrob.
532 2166 595 2195 Sat.
615 2165 650 2201 I,
677 2168 718 2199 14

760 867 811 895 So.
843 866 892 895 Sc.
919 865 969 903 ΙΙ,
1003 874 1035 894 11
1052 887 1060 901 ‚
1080 863 1117 894 ad
1141 873 1260 894 annum
1282 874 1333 894 so-

759 911 855 941 larem
882 917 1060 952 comparate
1086 921 1158 940 cum
1180 920 1264 940 anno
1283 910 1333 940 lu-

761 958 840 987 nari.
854 958 1003 996 Asperat,
1021 963 1202 997 exasperat,
1217 954 1334 1000 ἀγριοῖ,

761 1003 972 1042 procellarum
998 1003 1054 1033 ira.
1086 1003 1248 1033 Illustram
1270 1003 1332 1033 hoc

761 1048 859 1079 Cerda
878 1056 909 1078 et
925 1050 1075 1079 Burman.

811 1095 1005 1125 286-288.
1017 1096 1065 1125 De
1077 1095 1185 1136 clipeis
1198 1095 1314 1125 votivis
1324 1117 1333 1133 ,

761 1151 834 1171 cum
849 1141 943 1171 titulo
957 1142 1126 1182 inscripto,
1142 1142 1224 1171 inter
1237 1140 1334 1171 dona-

761 1189 806 1217 ria
828 1189 987 1228 suspensis
998 1210 1006 1225 ‚
1024 1198 1072 1217 res
1090 1194 1176 1218 nota.
1188 1187 1337 1217 Adversis

762 1241 872 1272 ornat3
887 1235 922 1264 in
940 1235 1049 1275 templi
1062 1234 1160 1265 aditu.
1181 1233 1335 1271 Carmen,

761 1280 800 1310 de
814 1291 881 1310 uno
898 1291 991 1311 versu
1003 1303 1011 1318 ,
1026 1287 1133 1311 tenere
1154 1287 1184 1311 te
1205 1291 1274 1311 non
1286 1279 1338 1311 de-

761 1327 826 1357 bet.
842 1328 921 1357 Haec
943 1337 1054 1364 arma,
1081 1327 1169 1357 hunc
1199 1326 1338 1368 clipeum

761 1373 955 1405 consecravit
971 1384 979 1404 :
996 1370 1115 1409 Αἰνείας
1127 1370 1190 1403 ἀπὸ
1204 1375 1264 1404 τῶν
1279 1375 1338 1404 Δα-

762 1422 855 1451 ναῶν·
871 1420 954 1449 utin
967 1419 1063 1449 simili
1078 1431 1111 1450 re
1131 1430 1213 1460 saepe
1232 1429 1240 1450 :
1259 1431 1290 1451 v.
1307 1430 1334 1450 c.

763 1466 847 1508 apud
861 1468 990 1496 Pausan.
1011 1466 1067 1497 lib.
1080 1467 1114 1504 1,
1135 1468 1190 1504 13,
1206 1476 1238 1506 p.
1259 1467 1313 1496 31.

812 1514 878 1553 289
896 1530 943 1536 —
960 1514 1038 1553 293.
1053 1515 1176 1543 Portus.
1205 1514 1338 1543 Portum

764 1560 942 1590 Actiacum.
972 1570 1003 1590 V.
1031 1559 1069 1589 ad
1095 1570 1126 1590 v.
1151 1564 1216 1597 274
1229 1581 1238 1596 ‚
1259 1559 1337 1597 275.

769 1604 1115 1636 Considere‘transtris,
1138 1607 1225 1646 Saepe
1241 1605 1337 1636 Hom.

767 1649 818 1682 ἐπὶ
837 1651 937 1684 κληῖσι
965 1650 1097 1688 κάθιζον.
1112 1653 1194 1682 Mox
1213 1649 1342 1693 serium

767 1709 867 1734 mare,
880 1705 917 1728 ut
929 1699 1022 1729 toties
1034 1697 1158 1729 τύπτειν
1173 1695 1247 1728 ἅλα.
1262 1697 1340 1728 Abs-

767 1744 942 1783 condimus,
948 1744 1210 1785 praetervehimur
1220 1743 1340 1785 Corcy-

766 1802 850 1828 ram,
876 1801 974 1832 eaqne
997 1802 1014 1821 a
1038 1798 1124 1832 tergo
1149 1791 1274 1828 relicta,
1288 1789 1340 1820 ad-

766 1838 951 1878 navigamus
973 1837 1060 1868 litori
1082 1837 1181 1878 Epiri.
1210 1837 1341 1877 Proprie

767 1883 939 1913 dicendum
953 1890 1035 1914 erat:
1052 1883 1157 1914 insula
1176 1881 1340 1912 abscondi-

768 1937 819 1959 tur
829 1929 918 1959 nobis
926 1953 936 1967 ,
956 1930 1057 1960 oculis
1068 1930 1196 1960 nostris.
1208 1930 1340 1959 Dictum

768 1975 961 2006 abscondere
979 1975 1090 2006 eodem
1103 1974 1199 2006 modo
1214 1981 1251 2005 ut
1268 1985 1338 2015 sup.

770 2033 800 2053 v.
818 2022 882 2060 275
904 2021 1053 2062 aperitur.
1072 2021 1111 2052 cf.
1132 2021 1191 2052 inf.
1207 2020 1246 2050 ad
1260 2026 1338 2056 411.

769 2085 816 2092 —
829 2079 871 2108 29
880 2079 906 2099 1.
918 2068 1033 2098 Aerias
1048 2066 1219 2098 Phaeacum
1232 2076 1321 2097 arces
1327 2089 1337 2104 ,

769 2121 892 2145 montes
920 2114 1068 2156 Corcyrae
1101 2111 1175 2156 ’ὄρεσι
1198 2111 1342 2144 σκιόεντα

771 2159 865 2197 Γαίης
892 2158 1036 2194 matiam
1063 2159 1177 2202 Odyss.
1204 2170 1216 2189 ε
1227 2183 1235 2198 ,
1262 2169 1340 2200 279,
