1433 2460
137 66 200 93 :500
639 62 832 93 AENEIDOS

139 119 405 165 Nomen-itanu
426 133 494 156 uec
514 133 572 156 mv
592 119 804 156 meminisse
824 117 968 169 pigi-bii
988 118 1114 155 Elissae
1128 147 1138 164 ,
1244 133 1249 136 ·
1282 124 1330 149 33⁵

136 182 236 215 Dum
255 192 399 216 memor
418 179 498 228 ipse
517 180 609 226 mei,
630 180 718 217 dum
739 179 894 229 spiritus
914 179 982 215 lios
1003 179 1100 228 regit
1118 184 1231 214 artus.

134 241 207 274 Pro
228 253 267 275 rc
288 252 407 289 pauca
427 240 571 289 loquar.
593 243 725 290 Nequi(=
745 252 815 290 ego
836 240 932 276 lianc
952 238 1184 276 abscondere
1204 237 1305 272 furto

134 301 311 348 Speravi,
333 315 379 337 nc
400 301 516 350 finge,
538 301 684 350 sugam,
704 314 773 337 noc
794 301 963 350 conjugis
984 312 1148 350 unquam

134 360 319 396 Praetondi
340 361 472 407 taedas,
494 371 558 398 aut
576 361 657 397 liaec
677 361 714 396 iu
735 360 875 397 foedera
896 361 993 396 veni.

134 422 197 455 Mc
217 420 246 455 si
268 422 342 458 sata
362 421 452 458 meis
473 430 694 471 paterentur
712 421 852 457 ducere
871 419 986 456 vitam
1286 427 1334 456 340

133 480 338 528 Auspiciis,
356 489 393 517 ct
415 490 549 530 sponte
569 494 651 517 moa
672 491 901 528 componere
921 491 1052 526 curas-3

135 538 277 575 Urbem
301 541 502 590 Trojanam
523 540 688 589 primum
708 538 903 588 dulcisque
921 550 1091 574 meorum

136 600 327 650 Reliquias
347 601 529 647 colorem,
550 600 688 637 Priami
706 608 804 636 tecta
821 599 895 636 alta
915 607 1125 645 manerent3

136 754 246 782 lox-em.
269 752 432 789 Tandem,
454 750 508 794 ὀψὲ
529 749 563 782 δὲ
581 749 621 786 δὴ
641 754 708 783 Ho-

134 810 298 829 mericmn.

183 847 259 876 335.
272 846 465 886 Comparant
478 845 566 877 Iliad.
581 857 614 886 χ,
631 848 708 886 387,

137 893 201 922 338
221 893 318 923 verba
338 892 473 922 Achillis
496 892 535 922 de
552 895 708 924 Patroclo.

136 958 182 962 ——
198 940 275 969 336.
303 941 387 968 Dum
415 938 594 969 meminisse
612 941 707 971 wall.

135 986 230 1027 Regic
253 986 363 1015 Heius.
392 996 408 1014 e
432 986 548 1016 Medic.
576 993 606 1015 et
632 987 709 1017 aliis.

133 1033 241 1073 Vulgo
268 1038 375 1071 reget,
403 1032 489 1071 quod
517 1034 551 1062 in
574 1032 711 1072 pedestri

134 1090 279 1109 sermone
293 1077 465 1107 dicendum
479 1086 579 1116 esset;
599 1079 649 1109 alii
666 1090 712 1109 re-

135 1134 209 1164 ;,ν,·αι
226 1133 296 1156 leit.
321 1125 438 1157 Moret
461 1126 554 1167 regis.
568 1143 614 1148 -—-
633 1127 709 1163 337.

135 1176 199 1202 Pro
218 1181 248 1203 te
271 1172 319 1204 ed.
344 1172 425 1201 Dan.
455 1173 595 1209 Heinsfi,
621 1172 710 1204 male.

136 1219 199 1250 xid.
215 1221 323 1250 Burin
336 1221 465 1258 Loquor
480 1229 542 1250 sec.
560 1219 712 1251 Rottend.

137 1274 167 1296 et
187 1274 249 1296 tres
264 1268 373 1296 Burm-
394 1267 466 1307 Ego
485 1265 572 1296 deest
593 1266 713 1295 ibidem

138 1315 171 1342 in
186 1313 360 1342 nonnullis.
378 1313 497 1342 Furtim
514 1323 562 1352 pr.
577 1314 694 1343 Moret.
704 1335 712 1351 ‚

138 1367 173 1388 ut
190 1359 276 1389 alibi.
296 1358 335 1389 cf.
355 1361 462 1389 Burin.

186 1405 249 1435 338
274 1415 320 1445 sq.
343 1404 508 1435 Praetendi
530 1406 713 1445 accipiunt,

137 1451 274 1492 praetuli.
308 1453 388 1482 Sane
421 1458 496 1480 nota
526 1462 574 1481 res
604 1458 651 1480 est
677 1449 711 1480 τὸ

138 1495 307 1539 δᾳδουχεῖύ
334 1498 368 1527 in
396 1498 528 1536 nuptiis.
556 1497 615 1528 Sed
647 1507 713 1525 non

138 1546 211 1584 ipse,
231 1554 367 1584 sponsus
393 1543 475 1572 faces
503 1543 574 1573 fert.
601 1542 712 1572 Malim

137 1601 176 1620 eo
198 1600 291 1620 sensu
315 1590 474 1630 positum,
500 1599 565 1628 quo
591 1600 621 1618 v.
650 1598 712 1626 172

132 1644 336 1677 praecexere;
354 1642 391 1664 ut
413 1645 445 1664 se
470 1645 636 1674 nunquam
660 1641 715 1663 ια’-

138 1684 207 1718 das,
222 1683 320 1721 justas
336 1681 478 1721 nuptias,
494 1679 712 1720 prcetendisse,

138 1739 204 1770 prae
218 1739 250 1758 se
270 1728 377 1757 tulisse
388 1750 396 1764 ‚
416 1737 481 1756 suae
496 1737 571 1756 cum
587 1726 715 1756 Didone

139 1773 366 1805 consuetudini
380 1783 498 1803 nomen
516 1774 595 1811 justi
609 1773 716 1802 matri-

140 1822 241 1851 monii
255 1830 421 1860 uunquam
436 1819 585 1849 tribuisse
596 1842 604 1857 ,
620 1819 715 1856 dicat3

142 1879 200 1897 nec
219 1866 287 1896 haec
306 1866 494 1908 infoedera,
516 1866 548 1896 h.
566 1877 593 1896 e.
608 1867 643 1895 in
661 1865 716 1894 has

140 1915 223 1955 leges
233 1936 240 1950 ,
256 1914 412 1949 consensi,
425 1919 462 1942 ut
475 1913 596 1951 conjux
607 1922 714 1941 essem.

142 1962 181 1989 Et
209 1960 253 1988 sic
278 1960 340 1998 jam
370 1958 534 1989 Guelliuni
562 1959 717 1999 accepisse

142 2005 245 2035 video.

192 2053 268 2086 340.
286 2050 468 2081 Voluissent
477 2051 508 2082 d.
519 2062 603 2081 unus
614 2051 718 2081 Pierii.

144 2098 385 2133 —340—344.
396 2099 589 2138 Comparant
604 2097 717 2138 Odyss.

145 2156 189 2179 π,
213 2154 258 2173 vs.
289 2143 350 2177 148
377 2154 421 2182 sq.
445 2145 526 2174 Meis
548 2143 716 2185 auspiciis,

146 2200 217 2222 meo
243 2188 359 2227 ductu,
382 2190 466 2223 idem
494 2190 581 2232 quod
606 2197 719 2231 5ponte

763 762 855 787 mea,
875 750 928 779 sed
956 750 1116 787 ornatius3
1137 760 1207 780 meo
1232 750 1338 780 lubitu

763 808 797 827 ac
812 797 987 827 voluntate.
999 814 1045 819 -
1057 797 1097 833 34
1107 808 1118 827 1
1127 820 1133 827 .
1150 797 1218 826 Aut
1229 803 1339 837 sponte

763 843 876 874 llamb.
886 843 937 873 alt.
950 854 1037 873 meas
1046 843 1129 873 idem
1137 853 1211 873 cum
1219 844 1341 884 aliquot

764 891 841 921 aliis.
863 891 1028 930 Deponere
1044 890 1173 920 Vratisl.
1188 906 1234 912 —-
1251 892 1340 921 Com-

758 947 881 977 ponere
899 947 1008 972 curas,
1032 937 1207 977 exquisite,
1226 948 1274 968 res
1290 947 1340 967 or-

765 983 872 1013 dinare
890 993 898 1013 :
915 993 987 1012 nam
1015 994 1100 1012 curce
1124 994 1182 1023 pro
1205 984 1316 1015 studiis
1330 1007 1338 1022 ,

765 1031 917 1071 negotiis,
938 1036 968 1058 et
984 1029 1022 1058 de
1041 1040 1071 1060 v,
1093 1040 1283 1070 componere
1299 1031 1339 1061 cf.

766 1087 836 1117 sup.
856 1076 894 1105 ad
918 1077 950 1112 Ι,
975 1082 1050 1114 249.
1079 1077 1111 1106 Si
1132 1076 1209 1106 mihi
1233 1079 1341 1108 vivere

765 1122 893 1160 liceret,
920 1121 976 1151 ubi
1004 1121 1118 1152 vellem
1129 1145 1137 1160 ‚
1164 1131 1268 1154 tamen
1290 1123 1340 1154 vel

766 1171 810 1199 sic
844 1169 955 1199 ceteris
981 1168 1131 1198 omnibus
1160 1170 1342 1210 praeferrem

766 1217 828 1246 hoe
839 1239 847 1254 ,
863 1222 900 1245 ut
918 1216 1023 1245 locum
1038 1216 1153 1245 veteris
1167 1218 1272 1256 Trojae
1292 1217 1342 1246 in-

768 1263 904 1294 colerem
922 1260 1098 1301 urbemque
1114 1272 1252 1292 eversam
1268 1261 1342 1292 refi-

769 1319 891 1346 cere1n3
909 1314 1031 1337 tantum
1045 1308 1149 1346 abest,
1164 1315 1201 1339 ut
1216 1308 1344 1340 Cartha-

768 1356 841 1396 gine
854 1356 949 1385 vitam
966 1354 1090 1394 exigere
1106 1355 1223 1386 malim.
1241 1356 1343 1396 Argu-

769 1409 876 1432 tantur
912 1403 1019 1440 Intpp.
1057 1400 1222 1441 Reliquias
1256 1412 1342 1431 meo-

767 1459 836 1477 rum
860 1447 950 1477 aliter
970 1447 1025 1475 vix
1049 1446 1222 1488 intelligas,
1247 1457 1342 1488 quam

768 1495 889 1523 cineres
906 1501 937 1523 et
951 1502 1018 1521 ossa
1029 1515 1037 1529 ,
1061 1494 1202 1532 adeoque
1220 1494 1291 1524 loca
1307 1504 1342 1523 ac

768 1540 912 1579 sepulcra
940 1540 972 1566 in
998 1540 1116 1578 quibus
1142 1539 1194 1568 illa
1215 1539 1343 1570 condita

768 1593 854 1615 sunt.
887 1584 1013 1614 Priami
1035 1593 1119 1615 tecta
1148 1594 1318 1616 manerent
1332 1597 1343 1616 .·

769 1638 967 1671 superessent
982 1629 1102 1669 adhuc,
1119 1631 1186 1662 scil.
1200 1633 1342 1663 restituta

769 1688 786 1707 a
802 1688 861 1708 me.
888 1679 969 1708 Nam
984 1677 1117 1708 alterum
1135 1678 1282 1717 jejunum
1297 1689 1343 1709 es-

769 1731 829 1754 set:
839 1725 1007 1755 voluissem
1015 1725 1142 1763 Trojam
1151 1735 1219 1754 non
1228 1726 1326 1756 everti
1336 1728 1342 1757 ἔ

770 1770 920 1801 Βεείἅίνα
950 1773 1113 1811 Pergama
1126 1785 1139 1809 ;
1170 1770 1343 1803 delectatur

769 1816 828 1847 hac
839 1829 868 1849 v.
882 1818 972 1857 Virg.
984 1824 1015 1847 et
1023 1817 1111 1856 alibi,
1122 1820 1187 1849 sive
1201 1827 1218 1846 a
1232 1827 1343 1849 surcu-

769 1864 807 1894 lis
816 1886 824 1901 ,
834 1866 899 1895 sive
918 1876 936 1895 a
950 1866 1067 1894 semine
1080 1864 1344 1906 repullulascente

770 1913 883 1951 petita3
900 1910 1038 1942 recidiva
1049 1911 1239 1952 posuissem,
1257 1913 1344 1942 resti-

772 1958 899 1987 tuissem
910 1981 919 1996 ,
935 1959 1049 1988 iterum
1067 1959 1260 1988 excitassem.
1277 1959 1344 1988 Tri-

771 2003 833 2033 bus
846 2011 949 2034 autem
962 2003 1065 2034 modis
1074 2003 1205 2034 eandem
1217 2014 1284 2034 rem
1294 2004 1345 2035 de-

773 2050 921 2088 claravit3
935 2061 975 2080 ne
992 2050 1072 2079 forte
1087 2051 1121 2080 in
1136 2050 1276 2081 animum
1289 2062 1343 2082 ve-

772 2096 839 2125 niat
850 2096 952 2137 legere
962 2099 1030 2126 Aut
1041 2095 1188 2133 recidiva,
1205 2097 1256 2127 vel
1270 2108 1343 2128 curn

771 2142 878 2173 Burm.
890 2142 1025 2173 colerem
1039 2152 1098 2182 pro
1112 2142 1276 2174 coluissem
1289 2154 1344 2186 po-

771 2189 867 2220 situm
881 2196 1002 2230 putare.
1026 2189 1206 2221 Dicendum
1219 2191 1344 2232 potius,
