1433 2460
147 94 211 122 22¹,

650 88 841 119 AENEIDos

147 146 189 180 Et
210 144 406 179 volum-um
426 143 589 193 linguas,
609 153 645 181 ot
666 146 843 195 praeswtis
863 146 988 184 omina
1011 161 1161 197 pounae,

147 207 241 242 Fare
258 217 343 253 agc5
365 216 526 253 namque
542 217 690 242 omnem
707 201 858 243 cursum
879 208 968 244 mihi
991 221 1174 259 prospera
1195 208 1290 246 dixit

146 264 310 313 vaigio,
332 272 367 300 ct
388 263 514 301 cuncti
531 276 729 303 suaserunt
748 267 900 304 numine
921 267 999 304 «livi

145 324 290 361 Italiam
307 333 454 374 petere,
475 334 512 361 ct
530 333 648 362 terras
667 335 811 363 tentare
834 337 1014 377 repostas.

145 385 232 420 Sola
249 396 389 421 novum
411 384 590 435 dictuque
608 386 711 422 nefas
733 387 901 436 Harpyia
922 389 1069 425 Celaeno

1302 397 1348 421 3135

144 444 363 494 Prodigium
380 446 499 491 canit,
519 455 556 483 et
578 446 694 483 tristis
715 446 912 483 denuntiat
930 448 1022 495 iras,

145 504 435 554 Obsccnamque
454 505 601 541 fanwm.
630 508 724 551 Quae
742 506 864 554 prima
886 507 1054 555 pericula
1070 508 1175 545 vito?

146 564 296 612 Quidve
314 579 494 614 sequens,
512 574 634 602 tantos
657 566 795 615 possim
814 579 994 616 superare
1012 567 1183 605 labores?
1203 586 1216 599 »

198 625 269 661 Hic
290 625 474 671 Helenus,
492 625 596 662 caesis
617 625 780 675 primum
798 625 845 662 (lc
864 638 970 662 more
982 626 1174 676 juvencis,

145 688 286 723 Exorat
305 698 435 735 pacem
456 685 605 731 divum,
627 685 816 736 vittasque
837 686 991 723 resolvit
1303 697 1349 730 37.»

144 825 201 856 inf.
221 827 268 863 X,
294 826 354 864 175
373 836 418 866 sq.
443 824 513 855 add.
534 825 656 856 Gallim.
684 828 717 856 L.

145 883 176 913 p.
198 873 258 901 123
273 883 319 912 sq.
335 879 364 901 οι
378 872 422 901 ibi
438 873 545 912 Intpp.
561 883 587 902 c.
602 872 718 912 Spnnh.

194 919 272 949 362.
293 917 406 947 Omm's
421 929 447 948 c.
459 936 505 940 ——
515 918 654 959 Belligio
670 919 721 948 ali-

145 972 225 1006 quot
238 965 384 1001 Pieriaui,
395 976 456 995 sec.
468 965 621 995 Rottcnd.
634 965 719 996 Gud.

144 1023 160 1041 a
180 1023 220 1042 m.
246 1023 294 1052 pr.
315 1013 391 1041 item
415 1011 514 1041 Goth.
537 1022 606 1051 p1·.,
622 1022 665 1042 sc.
686 1019 722 1042 ut

143 1059 182 1088 sit
209 1069 216 1088 :
245 1069 340 1088 omne
367 1057 587 1094 vaticinium,
619 1058 722 1088 omnis

143 1105 274 1135 deorum
304 1104 441 1135 monitus
453 1128 462 1142 ,
492 1104 580 1145 quod
607 1106 721 1135 merito

144 1151 282 1182 arridere
303 1158 426 1192 potest,
445 1153 598 1192 quoniam
618 1152 720 1192 sequi-

144 1206 196 1229 tur
208 1209 214 1229 :
226 1199 334 1228 cuncti
340 1199 414 1229 divi.
429 1200 479 1230 Sic
493 1209 617 1228 cursum
629 1206 718 1235 esset,

142 1257 236 1287 quem
252 1253 344 1276 teneo
360 1246 610 1286 navigationem,
624 1256 720 1286 quam

142 1293 222 1323 facio
245 1303 354 1322 versus
380 1292 512 1323 Italiam.
527 1310 574 1315 -—
590 1294 654 1322 362
671 1310 719 1316 —

144 1340 220 1376 364.
255 1340 407 1379 IVamque
439 1350 567 1368 omnem
593 1350 718 1369 cursum

142 1386 222 1416 mihi
250 1396 406 1426 prospera
444 1385 531 1414 dixit
564 1386 689 1427 Religio
707 1397 717 1415 .·

140 1434 234 1463 etiam
256 1432 319 1462 hoc
341 1443 398 1473 per
411 1431 603 1473 hypallagen
620 1434 718 1473 expli-

140 1490 210 1510 care
226 1480 360 1516 volunt,
386 1489 461 1519 pro,
482 1480 585 1509 omm's
606 1480 716 1521 religio

138 1537 329 1568 prosperum
347 1525 430 1555 dixit
445 1536 583 1555 cursum.
602 1528 716 1567 Perpe-

140 1585 215 1604 ram.
241 1572 366 1614 Religio
387 1573 515 1613 proprie
541 1572 580 1602 de
602 1574 716 1603 ritibus

138 1621 291 1661 religiosis
315 1627 346 1649 et
373 1621 488 1655 sacris,
513 1629 589 1649 mox
613 1619 651 1650 de
679 1620 717 1649 iis

138 1667 282 1697 omnibus
305 1667 390 1697 dicta
416 1678 489 1707 quae
511 1676 581 1695 cum
617 1669 715 1699 sacris

127 1714 227 1757 fiunt,
233 1722 403 1754 parantur,
421 1713 611 1750 obtinentur,
623 1716 714 1747 adeo-

137 1772 198 1801 que
212 1762 305 1790 etiam
321 1761 360 1791 de
374 1760 561 1800 auspiciis,
578 1763 715 1793 oraculis

137 1809 288 1848 omnique
315 1806 547 1838 vaticiniorum
575 1820 688 1851 genere
704 1833 712 1848 ,

136 1854 321 1895 accipienda
342 1862 407 1893 est,
433 1854 466 1885 h.
483 1855 505 1885 1.
528 1855 567 1884 de
583 1857 714 1887 oraculo

136 1908 166 1930 et
194 1902 327 1931 omnino
356 1902 395 1931 de
429 1902 600 1940 vaticini03
634 1914 710 1944 pro-

135 1958 259 1987 sperum
274 1948 458 1978 vaticinium
469 1955 525 1985 est,
539 1949 627 1990 quod
640 1961 713 1991 pro-

135 2005 224 2033 spera
237 1996 375 2025 nuntiat.
390 1997 519 2032 Totum,
536 1998 592 2036 qui
602 2007 712 2037 super-

135 2047 196 2077 est,
218 2050 364 2079 cursum,
387 2052 453 2082 quo
472 2042 526 2071 ille
544 2044 712 2073 instituen-

136 2086 194 2116 dus
207 2088 247 2116 sit
262 2086 343 2127 (hoc
355 2100 384 2119 v,
405 2089 482 2126 363,
496 2089 561 2125 364
576 2090 710 2119 ulterius

135 2132 290 2173 declarat)
313 2135 376 2171 jam
399 2137 472 2164 satis
494 2135 711 2166 definiverunt

134 2180 366 2219 praedictiones,
384 2192 460 2221 quas
474 2182 578 2212 adhuc
589 2184 708 2224 accepi,

132 2226 212 2257 laetae
233 2226 294 2256 illze
319 2234 349 2256 ct
371 2227 527 2260 secunda-³.
549 2229 705 2267 Numine,

774 827 866 855 minui
894 825 955 855 hoc
978 836 1036 866 pro
1059 826 1154 856 effato
1178 827 1289 857 divino
1316 834 1345 857 vt

774 873 865 902 sorte.
883 874 1036 912 Iun-postas
1052 874 1240 914 exquisitius
1253 884 1348 914 quam

775 926 920 954 remotas,
939 926 969 948 et
985 926 1110 948 tentare
1124 930 1217 960 quau]
1233 927 1350 960 peiere.

825 966 888 996 365
900 983 946 988 —-
958 966 1033 1004 367.
1054 965 1147 996 Diem
1163 966 1273 1008 nefas,
1297 967 1350 996 ab·

775 1012 994 1042 ominandum.
1017 1012 1203 1053 Prodigium
1217 1036 1225 1051 ,
1256 1024 1350 1043 ‹evcn—

776 1066 845 1088 ium
856 1069 962 1088 rerum
974 1059 1112 1099 prodigii
1122 1060 1266 1090 similem.
1282 1062 1350 1089 [ras

775 1104 806 1135 h.
820 1116 845 1136 e.
862 1105 1080 1142 calamitatem,
1097 1105 1226 1143 malum,
1245 1117 1284 1136 ex
1301 1106 1350 1136 ira

775 1153 935 1193 Harpyiae,
948 1151 1046 1181 boum
1056 1151 1140 1182 caede
1154 1160 1184 1182 et
1200 1153 1351 1191 Trojano-

774 1210 845 1228 rum
874 1199 967 1229 armis
991 1198 1094 1236 laesae,
1119 1209 1292 1240 poenasque
1317 1208 1349 1231 et

773 1247 928 1277 ultionem
948 1247 1096 1287 parantis.
1121 1246 1160 1276 cf.
1184 1257 1254 1287 sup.
1282 1248 1347 1283 234

772 1305 818 1335 sq.
841 1293 907 1328 245
928 1304 974 1333 sq.
995 1293 1173 1322 obscenam
1187 1292 1318 1333 fiunem
1338 1305 1348 1323 .-

772 1347 927 1381 quatenus
944 1339 982 1370 ad
995 1339 1104 1370 ultima
1122 1340 1240 1370 redacti
1255 1341 1349 1370 etiam

772 1398 807 1416 ea
829 1385 1014 1424 comedent,
1032 1397 1104 1426 quae
1128 1397 1276 1417 nauseam
1303 1387 1348 1417 sa-

773 1435 872 1463 ciunt.
899 1434 969 1471 Sic,
999 1433 1151 1462 obscenus
1181 1433 1284 1469 cibus,
1317 1440 1349 1464 et

772 1480 906 1509 obscena
922 1486 1020 1519 pastu
1044 1479 1111 1509 avis
1130 1490 1239 1520 upupa
1262 1480 1348 1521 apud

771 1527 852 1557 Plin.
864 1528 895 1557 X
906 1549 914 1564 ,
933 1536 975 1567 29
989 1537 1013 1557 s,
1032 1532 1085 1562 44.
1101 1528 1172 1557 Hoc
1188 1528 1274 1557 SerV.
1293 1538 1348 1557 vo-

769 1573 854 1603 lebat
877 1582 884 1603 ε
911 1584 983 1613 qua?
1005 1572 1149 1603 homines
1179 1573 1276 1603 eciam
1304 1574 1350 1603 ad

771 1621 909 1650 obscena
923 1620 1096 1661 compellit.

818 1667 882 1707 369
899 1684 946 1690 —-
961 1668 1038 1706 373.
1055 1669 1192 1704 Pacem,
1208 1667 1346 1698 benevo-

767 1715 898 1745 lentiam
914 1713 980 1750 dei,
1008 1720 1044 1744 ut
1059 1714 1123 1753 jam
1146 1724 1240 1755 supra
1264 1714 1345 1744 vidi-

767 1772 856 1798 mus3
872 1761 950 1791 dnm
966 1761 1132 1791 oraculum
1146 1760 1345 1801 expetiturus

769 1815 825 1839 est.
843 1806 1096 1839 Sacrificantium
1115 1815 1146 1837 et
1167 1814 1276 1837 vatum
1291 1807 1345 1837 ha-

767 1854 854 1885 bitus
879 1854 966 1885 ‘vitta
993 1854 1043 1884 vel
1069 1853 1193 1895 infitla,·
1218 1853 1346 1883 solvitur

766 1900 799 1932 h.
825 1901 846 1932 l.
873 1902 945 1937 illa,
972 1901 1118 1942 religioso
1143 1911 1248 1936 more,
1277 1901 1343 1930 sive

767 1949 864 1978 animi
888 1953 1053 1988 respectu,
1084 1957 1179 1988 quem
1206 1947 1270 1985 jam
1303 1946 1342 1976 ab

766 1997 854 2025 omni
877 2001 999 2024 terrena
1024 1994 1100 2023 faece
1121 2003 1258 2022 vacuum
1281 1992 1341 2023 deo

764 2041 824 2071 soli
858 2051 968 2070 vacare
1003 2038 1246 2080 significabant,
1275 2049 1340 2080 quo

763 2087 828 2117 fere
847 2087 994 2119 Serviana
1009 2092 1169 2126 spectant,
1195 2086 1247 2116 vel
1265 2097 1340 2127 qua·

763 2140 856 2163 tenus
878 2134 968 2163 furor
992 2132 1121 2163 divinus
1143 2140 1174 2164 et
1197 2134 1340 2174 corporis

762 2182 889 2221 agitatio
908 2179 1036 2210 xincula
1049 2184 1114 2210 non
1130 2179 1259 2210 ferebat.
1276 2181 1347 2216 At‚.

762 2228 868 2268 inquit
884 2227 1000 2265 Cerda,
1026 2226 1058 2256 in
1074 2226 1140 2257 aliis
1157 2227 1235 2257 locis
1255 2232 1346 2256 vates.
