1433 2460
182 86 241 124 ιυῐὶ

683 86 877 115 ,vixillum

174 142 284 178 vinis
305 151 341 176 νι
361 154 467 177 saera
488 141 683 178 redimitus
705 152 876 192 tempora
899 142 1025 186 lam-o,

174 202 370 248 Occurrit3
392 209 557 238 veterem
578 202 768 239 Anchisen
789 203 984 252 adgnoscit
1005 203 1178 240 amicum.

173 262 372 311 ,lungimus
393 261 560 311 hospitio
581 262 755 308 dextras,
776 273 811 300 et
833 272 930 300 tecta
947 262 1129 300 subinms.

171 322 327 372 'l'cmpla
347 322 409 359 dci
428 335 520 359 saxo
540 323 753 360 venerabar
771 334 914 362 structa
934 334 1106 362 vetusto:

174 406 185 415 a
208 387 266 421 Da
288 384 502 434 propriam,
522 383 770 433 Thymbraee,
787 385 959 422 domum!
980 386 1026 423 da
1048 387 1185 423 moenia
1205 387 1329 433 sessis,
1354 396 1384 420 85

173 449 217 482 Et
237 458 373 494 genus,
395 452 432 481 et
451 457 669 482 mansuram
689 445 843 482 urbem!
865 448 984 483 Serva
1005 447 1122 483 altr-ra
1141 448 1264 497 Trojae

169 596 275 629 paret3
297 595 343 618 cst
363 589 447 618 euim
464 588 624 626 Μύκονοςς
640 596 747 619 ortum

171 636 266 673 forte,
282 643 315 665 ut
326 637 435 666 Heius.
448 648 460 665 x
471 636 528 666 idi(
539 660 546 673 ‚
560 648 599 666 ex
612 638 748 676 Mrcono

168 694 184 710 ι’
204 683 289 712 celsa
306 694 316 712 .·
337 682 376 713 cs.
393 682 490 713 eund.
512 682 551 712 ad
570 683 665 713 Ovid.
690 685 747 724 Ep.

167 731 247 760 XXI
257 753 265 766 ‚
282 730 299 758 8
310 740 337 767 1;
351 729 532 770 docentque
546 729 579 759 id
594 741 659 760 var.
674 730 747 761 lect.

168 788 184 804 e
202 777 312 807 Burm.
328 776 421 806 codd.

217 824 271 853 82.
288 825 337 854 Ex
351 824 479 864 antiqua
490 822 595 854 sabula
608 832 749 865 repeten-

167 869 262 907 dum,
280 872 372 908 cujus
388 871 517 910 vestigia
531 873 669 901 sei-vaxit
681 875 747 902 Ser-

168 916 239 945 vius
254 926 261 946 :
279 917 337 946 Ad
353 915 476 946 Anium
493 917 651 947 Anchises
669 925 747 948 ante

170 962 316 992 Troicum
330 963 446 993 bellum
457 964 635 994 consultum
649 975 748 995 ‘vene-

168 1018 234 1045 rac,
257 1022 301 1039 an
320 1010 490 1039 Salamina
499 1018 626 1050 peteret
641 1022 747 1041 comes

168 1057 302 1086 Priamo
312 1069 325 1093 ;
347 1057 432 1086 unde
451 1065 483 1086 et
500 1058 687 1098 agnoscitur
702 1069 745 1089 sc.

167 1113 255 1132 nune
281 1103 322 1133 ab
346 1104 445 1134 Anio.
466 1104 584 1133 Eadem
603 1106 748 1145 sequitur

165 1150 261 1180 ovid.
275 1151 355 1180 Met.
372 1151 471 1187 XIII,
494 1151 558 1187 641
575 1162 621 1192 sq.
638 1154 676 1181 In
685 1162 748 1181 car-

166 1197 251 1226 mine
266 1197 389 1238 Cyprio
404 1197 470 1237 ipse
480 1199 593 1227 AEneas
604 1198 748 1228 Paridem

167 1245 336 1273 comitatus
344 1266 352 1281 ‚
368 1254 442 1272 cum
452 1246 595 1283 Spartam
606 1244 748 1285 proficis-

166 1297 301 1326 ceretur,
318 1290 436 1319 Delum
452 1289 537 1319 adire
556 1293 675 1330 potuit.

214 1337 268 1366 83.
283 1336 451 1377 Iungimus
465 1335 601 1376 hospicio
611 1337 746 1367 dex-tras

164 1382 302 1413 illustrat
311 1384 419 1413 Burm.
430 1405 438 1419 ,
454 1383 514 1413 int.
524 1383 655 1423 hospitii
664 1385 745 1424 pris-

166 1431 225 1459 tini
233 1431 304 1468 jure
316 1452 323 1466 ‚
332 1437 464 1470 propter
475 1428 650 1470 hospitium
659 1430 747 1470 quod

164 1477 227 1513 jam
241 1477 324 1506 inter
335 1476 498 1506 Anchisen
509 1483 541 1506 et
549 1476 672 1506 Auium
682 1477 748 1507 fue-

166 1531 224 1553 rat.
243 1523 282 1553 cf.
299 1525 345 1554 XI
357 1546 365 1560 ‚
383 1523 438 1553 65.

215 1572 269 1605 84.
305 1572 507 1599 Venerantur
542 1570 664 1610 aliquot
695 1582 745 1611 ap.

166 1618 246 1646 Pier.
259 1624 289 1646 et
306 1618 416 1647 Heius.
434 1625 466 1647 et
481 1627 566 1646 unus
583 1618 691 1647 Burm.
707 1628 747 1647 ex

165 1663 369 1693 antecedente
397 1664 540 1694 oratione
550 1686 558 1700 ‚
585 1670 638 1693 aut
664 1663 746 1694 forte

165 1710 204 1739 ab
221 1711 345 1751 aliquo,
363 1721 459 1751 quem
478 1709 660 1740 offendebat
673 1718 746 1751 post

165 1768 195 1787 v.
210 1768 251 1797 79
262 1768 476 1795 veneramur,
492 1757 580 1797 qnod
588 1758 743 1798 sequitur,

166 1804 358 1834 venerabar.
373 1805 491 1834 Eadem
511 1804 550 1834 de
567 1814 674 1834 caussa
686 1827 694 1841 ‚
713 1811 745 1834 et

168 1853 240 1890 quia
260 1852 362 1881 oratio
378 1851 487 1892 paullo
503 1852 668 1882 molestius
690 1851 745 1881 de-

167 1900 279 1935 currit,
288 1900 307 1928 J
311 1909 356 1928 ac,
367 1899 498 1939 Bryant.
508 1906 599 1929 acute
609 1899 746 1938 suspica-

170 1943 278 1981 batur,
299 1955 410 1974 versus
431 1946 567 1982 80-84
587 1955 652 1975 esse
671 1946 747 1975 iusi-

168 1991 264 2021 titios.
281 1992 396 2021 Saltem
410 1992 472 2022 hoc
486 1991 744 2022 concedendum:

169 2047 277 2066 versus
294 2048 309 2066 a
328 2046 422 2078 poeta
437 2039 584 2069 nondum
599 2040 672 2069 satis
687 2049 746 2079 po-

167 2083 241 2113 litos
266 2091 296 2113 et
324 2085 454 2125 reliquis
481 2085 642 2126 adaptatos
670 2096 746 2116 esse.

167 2130 323 2169 Equidem
347 2132 531 2172 suspicabar
554 2143 680 2162 versum
705 2142 746 2172 79

169 2184 241 2218 post
270 2177 397 2217 Ace-“pit
427 2179 628 2219 inexpletum
655 2178 746 2208 relic-

171 2233 238 2255 tum
249 2248 256 2262 ,
290 2224 370 2254 male
402 2236 466 2255 esse
496 2226 535 2256 ab
567 2225 625 2256 alia
652 2235 748 2255 manu

802 590 996 630 suppletum.
1024 607 1070 612 ——
1101 592 1142 626 84
1164 609 1208 613 —
1231 591 1283 631 89.
1322 593 1386 622 No-

805 636 892 666 tabili
923 647 996 666 cum
1028 636 1181 667 brevitur<-
1194 661 1202 674 ‚
1229 637 1283 667 sed
1313 649 1385 678 qua·

803 684 952 723 exemplo
967 694 1032 713 non
1044 691 1127 714 caret
1138 683 1224 724 (vide
1234 695 1264 715 v.
1280 695 1307 715 c.
1325 686 1382 715 inf.

806 741 836 760 v.
855 731 940 766 265,
957 730 1015 759 ubi
1030 731 1123 760 etiam
1138 730 1219 760 desit
1242 730 1349 772 inquit
1360 731 1385 772 )‚

802 775 962 817 significat
981 784 1073 817 poeta
1094 780 1222 808 AEneam
1241 788 1307 808 esse
1336 779 1384 808 in-

801 833 943 863 gressum
955 823 1121 864 templum,
1133 823 1278 854 adorasse
1288 824 1384 854 deum

801 877 832 899 et
847 880 956 910 preces
979 869 1099 900 fecisse.
1115 872 1220 901 Latius
1237 871 1385 901 evolvere

801 917 930 956 Virgilii
943 916 1038 946 verba
1055 917 1181 947 videtur
1195 917 1292 948 Ovid.
1305 919 1383 948 Met.

802 964 901 1000 xm,
922 963 1119 1002 633—037.
1147 964 1281 1005 Templa
1301 975 1385 994 saxo

801 1016 919 1038 structa
933 1017 1060 1040 vetusto
1071 1033 1080 1047 ‚
1096 1012 1166 1051 quis
1180 1010 1307 1041 dubitet
1321 1022 1386 1041 esse

800 1063 961 1086 vetustum
987 1057 1140 1096 templum
1161 1061 1178 1087 ‚³
1209 1058 1386 1098 Argutatur

804 1109 910 1132 tamen
928 1104 962 1133 iu
976 1102 1039 1133 hoc
1049 1103 1193 1134 Macrob.
1213 1105 1259 1134 111
1277 1106 1339 1135 Sat.
1353 1104 1384 1141 6,

802 1155 834 1178 et
851 1157 980 1179 vetusta
1001 1160 1088 1179 saxa
1109 1161 1182 1180 cum
1209 1151 1240 1179 vi
1264 1160 1384 1180 memo-

802 1203 868 1225 rata
894 1207 959 1226 esse
984 1197 1074 1234 vult,
1100 1199 1175 1238 quia
1203 1207 1262 1227 nec
1295 1204 1386 1227 terrae

801 1250 891 1273 motu
920 1254 980 1273 nec
1007 1243 1159 1274 incendio
1193 1253 1266 1274 saxa
1297 1243 1386 1274 fuere

801 1296 920 1318 mutata
932 1311 941 1326 ‚
959 1290 1014 1319 sed
1032 1300 1158 1329 semper
1175 1290 1314 1319 insulam
1333 1300 1386 1319 eo-

804 1334 877 1364 dem
899 1336 1049 1365 mansisse
1075 1346 1162 1366 saxo.
1193 1335 1268 1366 Alio
1288 1336 1386 1366 modo

801 1388 966 1421 argutatur
978 1382 1164 1412 Macrobius
1179 1384 1210 1412 in
1227 1393 1282 1420 eo,
1298 1383 1386 1423 quod

801 1429 913 1457 AEueas
930 1439 1039 1468 preces
1061 1428 1151 1466 facit,
1170 1439 1237 1459 non
1255 1430 1385 1459 victima

801 1481 891 1504 antea
909 1485 986 1504 caesa
1002 1485 1010 1505 :
1030 1475 1126 1505 fuisse
1146 1475 1265 1506 scilicet
1284 1477 1316 1505 in
1337 1477 1385 1506 in-

801 1521 869 1551 sula
891 1522 1052 1562 Apollinis
1077 1519 1258 1565 γενντζτορῦς
1279 1532 1362 1552 aram
1375 1546 1383 1559 ,

800 1567 835 1597 in
860 1578 921 1608 qua
947 1568 1076 1598 nullum
1095 1570 1240 1599 animans
1263 1569 1384 1598 sacrifi-

801 1625 872 1644 care
886 1615 930 1645 fas
944 1622 1019 1645 erat.
1032 1617 1079 1645 De
1093 1626 1148 1646 ara
1163 1615 1222 1645 hac
1236 1615 1384 1646 dubitare

800 1661 887 1691 haud
904 1661 999 1699 licet3
1014 1672 1127 1692 verum
1145 1672 1204 1693 nec
1224 1663 1257 1692 in
1276 1673 1384 1692 escen-

798 1719 835 1737 su
862 1709 896 1738 in
920 1716 1036 1739 terram
1059 1710 1163 1739 statim
1188 1709 1228 1739 de
1246 1710 1385 1739 victimae

797 1754 1016 1785 immolatione
1027 1757 1164 1797 cogitare
1173 1766 1300 1786 necesse
1306 1762 1383 1786 erat.

798 1801 977 1833 Adscivisse
991 1803 1153 1833 Macrobii
1166 1809 1384 1834 commentum

799 1849 927 1879 videtur
943 1851 1071 1880 Servius
1091 1860 1166 1880 cum
1189 1850 1256 1880 aliis
1273 1850 1384 1879 Gram-

799 1897 932 1926 matteis.
957 1907 987 1926 v.
1014 1898 1103 1927 Serv.
1124 1896 1163 1926 ad
1180 1907 1210 1927 v.
1233 1896 1273 1926 83
1290 1918 1299 1933 ,
1327 1896 1381 1931 84.

800 1945 870 1980 Da,
887 1942 992 1972 indica
1003 1965 1012 1980 ,
1032 1950 1068 1973 ut
1086 1945 1191 1980 Serv.;
1207 1942 1288 1972 daca
1301 1942 1384 1984 saca

800 2000 872 2030 sup.
897 1991 928 2027 Ι,
957 1990 1033 2019 382.
1053 1988 1243 2030 Propriam,
1267 2000 1380 2030 perpe·

802 2042 886 2065 tuam
899 2058 907 2073 ‚
927 2035 1089 2073 stabilem,
1109 2035 1234 2065 firmam
1253 2037 1382 2067 Servius

801 2083 944 2123 exponit.
965 2082 1004 2112 cf.
1029 2082 1087 2112 inf.
1107 2084 1173 2120 VI,
1201 2083 1265 2121 872
1287 2090 1319 2113 et
1343 2082 1381 2112 arl

800 2130 866 2159 Ecl.
883 2131 964 2164 VII,
993 2130 1047 2160 31.
1067 2128 1289 2168 Thymbraeum
1308 2129 1341 2160 h.
1357 2129 1379 2159 l.

801 2176 937 2217 appellat
961 2176 1047 2205 nulla
1063 2176 1123 2206 alia
1146 2187 1241 2217 quam
1256 2177 1381 2217 poetica

802 2224 939 2260 ratione3
966 2224 1023 2253 etsi
1052 2224 1174 2264 patrius
1202 2230 1268 2253 erat
1291 2222 1380 2253 deus.
