1402 2460
614 65 736 95 mmm
761 64 817 92 lv,
1253 62 1315 98 233

119 122 220 169 Quid
243 121 401 159 delubra
413 122 570 171 juvant?
590 124 654 157 Est
672 120 791 156 mollis
813 119 960 154 ssauuna
980 118 1160 154 medullas

116 185 281 229 Interea,
300 191 336 218 et
356 182 511 219 tacitum
530 181 625 218 vivit
644 179 714 218 sub
735 188 889 229 pectore
909 179 1053 216 volnus.

115 243 250 279 Uritur
269 242 400 279 infelix
418 243 538 289 Dido,
559 249 714 291 totaque
733 248 893 290 vagatur

114 302 220 339 Urbe
242 303 368 340 furens
387 319 394 340 ;
416 303 536 353 qualis
557 303 726 352 conjecta
745 313 857 338 cerva
876 300 1028 350 sagitta,

114 365 237 408 Quam
257 364 389 413 procul
408 363 597 401 incautam
617 374 774 399 nemora
792 361 890 398 inter
910 361 1038 398 Cresia
1058 360 1138 397 fixit
1288 377 1317 400 το

111 425 243 460 Pastor
263 436 374 474 agens
395 424 496 470 telis,
516 423 703 473 liquitque
723 422 875 458 volatile
897 422 1040 458 serrum

111 485 280 522 Nescius.
303 486 371 521 Illa
392 485 479 534 suga
499 484 610 521 silvas
630 484 821 532 saltusque
842 492 1019 533 peragrat

111 545 293 592 Dictae033
314 545 433 582 liaeret
453 545 563 581 lateri
582 545 702 581 letalis
724 543 881 580 arundo.

111 608 145 642 N
150 619 222 642 unc
242 606 365 643 media
385 608 528 642 AEnean
549 618 676 642 secum
697 618 765 655 per
784 604 921 641 moenia
940 603 1062 649 ducit,

112 759 196 789 curis
228 768 262 788 ac
293 757 468 787 terroribus
500 755 685 796 placandis;

113 813 182 834 111111
207 803 245 833 de
265 803 471 833 consiliorum
489 809 685 842 coeptorum-

112 861 174 891 que
205 859 352 880 successu
383 855 414 878 et
441 854 567 878 eventu.
601 848 685 877 Con-

110 899 220 936 juncta
246 896 314 925 haec
340 905 414 924 cum
441 895 551 931 sacris,
568 893 687 934 quibus

112 943 146 973 id
161 944 266 983 ipsum
282 940 480 977 efficeretur,
502 946 538 969 ut
558 939 689 980 propitii

114 990 199 1019 curis
223 996 254 1019 et
278 988 417 1019 consiliis
440 993 542 1016 essent
558 986 612 1016 dii.
636 985 689 1016 Ad

112 1035 181 1065 haec
196 1036 277 1065 refer
302 1034 412 1064 eodem
435 1033 503 1064 Silii
523 1033 596 1062 loco
617 1043 689 1061 nar-

115 1089 181 1112 rata
203 1093 265 1113 vss.
286 1093 299 1111 1
310 1082 349 1111 16
363 1097 410 1103 —-
425 1080 499 1110 125.
525 1078 666 1108 Delubra
680 1100 688 1115 ‚

115 1128 219 1158 aditus
247 1127 456 1158 delubrorum
478 1136 548 1165 sup.
577 1136 608 1156 v.
635 1126 689 1156 56.

115 1175 386 1205 Exclamationem
411 1172 494 1201 hanc
519 1182 559 1200 ex
588 1178 691 1212 poetae

114 1231 250 1262 persona
275 1222 339 1259 jam
363 1220 439 1250 olim
463 1218 614 1248 nonnulli
641 1229 690 1248 re-

114 1266 364 1307 prehenderunt.
396 1264 493 1305 Quod
526 1270 631 1294 tamen
656 1265 692 1294 in

115 1314 207 1353 epioo
231 1319 325 1353 poeta
350 1309 539 1352 reprehendi
565 1310 665 1349 possit
682 1333 691 1348 ‚

115 1369 183 1389 non
213 1365 277 1388 tam
301 1357 383 1388 illud
416 1363 480 1393 est,
507 1357 533 1385 si
565 1365 606 1385 ez
633 1367 692 1386 sua

108 1415 253 1445 persona
290 1404 439 1433 affectum
481 1403 665 1443 interponat
680 1425 690 1440 ‚

115 1461 231 1492 quam,
250 1451 276 1480 si
300 1450 339 1480 de
363 1459 422 1479 sua
437 1458 581 1489 persona
602 1450 692 1489 quic-

117 1507 213 1538 quam
233 1498 423 1533 intertexat,
443 1495 562 1536 quippe
584 1505 656 1535 quae
675 1506 692 1525 a

119 1545 256 1574 carmine
279 1544 389 1584 epico,
410 1540 497 1582 quod
518 1541 692 1572 enthusias-

116 1601 206 1620 mum
220 1590 338 1630 spirare
353 1589 494 1628 adeoque
506 1589 542 1618 in
557 1599 621 1618 una
638 1599 670 1618 re
682 1611 690 1626 ‚

117 1647 189 1676 quae
205 1642 424 1677 argumentum
440 1634 524 1671 facit,
539 1641 692 1674 occupata

117 1692 182 1711 esse
196 1682 307 1719 debet,
325 1682 423 1710 aliena
437 1680 477 1709 sit
492 1691 616 1710 necesse
630 1688 690 1717 est3

117 1729 178 1758 nisi
197 1727 278 1758 forte
300 1733 402 1767 poetae
420 1737 555 1767 persona
575 1726 614 1755 ad
636 1737 691 1756 au-

117 1774 253 1816 gendam
282 1774 430 1804 carminis
462 1773 528 1801 vim
562 1778 592 1802 et
625 1773 693 1812 ipsa

117 1821 221 1851 valere
235 1822 333 1861 possit
343 1844 351 1858 ,
368 1827 422 1849 aut
434 1818 487 1848 ille
496 1829 580 1849 nova
589 1819 692 1848 Musae

116 1867 321 1898 invocatione
336 1868 476 1898 animum
499 1865 625 1895 lectoris
643 1864 693 1893 ad-

117 1921 244 1951 vertat3
275 1921 308 1943 ut
339 1913 504 1954 aliquoties
531 1912 625 1941 etiam
656 1911 691 1940 in

117 1960 275 1991 Messiade
300 1960 419 1990 factum
446 1957 571 1994 videas,
603 1967 633 1988 v,
661 1967 689 1987 0.

89 2023 92 2026 -
118 2007 140 2038 l.
163 2008 211 2037 III
226 2018 275 2048 pr.
295 2005 557 2048 Mollis-flamma
570 2027 578 2041 ‚
594 2004 691 2041 levis,

110 2054 262 2094 'adeoque
285 2053 413 2083 mobilis
436 2061 443 2081 :
473 2050 555 2080 vivit
578 2061 627 2092 pr.
655 2050 693 2080 de

120 2101 253 2132 vulnere
263 2099 373 2131 crudo.
391 2099 517 2130 Servius
529 2103 694 2138 acceptum

121 2148 183 2178 hoc
209 2147 251 2176 ait
273 2157 333 2186 pro
360 2145 515 2179 vescitur,
544 2144 632 2185 quod
658 2143 696 2175 ad

124 2194 215 2225 ulcus
229 2193 337 2235 potius
352 2197 516 2235 spectaret.

787 756 842 784 68.
863 772 908 778 —-
928 756 980 792 73.
1020 756 1150 795 Egregia
1191 754 1313 794 perdite

741 801 873 829 amantis
895 802 1087 840 comparatio
1100 823 1107 837 ‚
1127 802 1161 829 in
1186 811 1247 840 qua
1267 812 1318 829 or-

740 845 843 875 nanda
868 847 1059 876 recentiores
1081 847 1196 886 passim
1215 853 1317 886 poetae

739 892 938 923 laborarunt.
950 894 998 922 Ex
1012 892 1100 922 Iliad.
1115 895 1150 930 λ,
1167 893 1232 930 475
1248 904 1317 932 sqq.

742 938 870 968 ductam
900 949 964 968 esse
996 939 1111 968 volunt
1122 962 1130 976 ‚
1159 939 1319 968 Macrobii

743 985 824 1015 forte
843 985 1047 1022 auctoritate,
1066 987 1127 1015 Sat.
1144 986 1186 1022 V,
1204 985 1236 1015 6.
1257 985 1317 1015 Sed

743 1033 885 1061 Homero
900 1038 1026 1072 poetam
1038 1031 1091 1061 hic
1101 1030 1181 1061 nihil
1191 1030 1318 1068 dehere,

741 1078 805 1116 jam
822 1077 923 1108 Cerda
938 1078 1127 1107 monuit.--
1137 1087 1191 1116 70.
1212 1077 1320 1106 Cresia

744 1124 854 1154 Heius.
884 1134 957 1154 cum
988 1124 1174 1154 melioribus
1189 1146 1197 1159 ,
1225 1124 1319 1153 etiam

745 1170 912 1210 fragment.
929 1171 1048 1207 Vatic.;
1073 1172 1192 1210 quippe
1216 1168 1320 1212 Κρὴς,

745 1214 885 1259 Κρήσιος.
901 1216 1009 1257 Vulgo
1027 1215 1322 1257 Cressia.--Agens

745 1262 834 1299 telis,
861 1263 992 1303 agitans,
1022 1273 1138 1304 urgens
1151 1285 1159 1300 ‚
1186 1269 1296 1292 ornate
1311 1285 1319 1300 ‚

745 1316 782 1338 ut
797 1309 889 1346 alias,
908 1319 940 1339 v.
963 1320 989 1339 c.
1009 1309 1126 1350 Georg.
1146 1310 1215 1346 ΙΙΙ,
1241 1314 1320 1344 412.

745 1373 791 1377 —
804 1366 857 1394 72.
875 1354 1026 1392 Nescius,
1043 1366 1086 1386 50.
1112 1365 1179 1385 11011
1199 1354 1323 1384 viderat

745 1401 845 1431 telum
863 1411 936 1431 vere
951 1403 987 1431 in
1005 1411 1131 1431 cervam
1147 1400 1324 1431 descendis-

746 1458 789 1485 se;
802 1447 868 1484 sed,
885 1448 1001 1477 frustra
1016 1449 1165 1478 emissum
1179 1447 1322 1483 credens,

746 1494 935 1534 reliquerat:
952 1505 983 1524 ν.
997 1495 1106 1525 Burm.
1125 1495 1226 1535 Capra
1242 1494 1324 1524 forte

746 1540 860 1570 melius
875 1551 891 1570 a
910 1546 1005 1581 poeta
1017 1540 1126 1570 fuisset
1138 1546 1323 1576 memorata;

746 1586 1006 1628 quandoquidem
1032 1597 1073 1616 ex
1097 1587 1206 1617 Solino
1228 1598 1255 1616 c.
1284 1596 1320 1623 17

747 1639 889 1669 constat,
907 1642 1022 1674 agrum
1043 1632 1198 1662 Creticum
1220 1633 1325 1662 silves-

746 1678 841 1709 eriam
865 1689 1034 1718 caprarum
1063 1678 1224 1719 copiosum
1241 1677 1325 1719 fitis-

747 1736 780 1755 se
794 1747 803 1762 ,
833 1735 922 1754 cervo
953 1724 1086 1765 eguisse.
1116 1724 1209 1755 Adde
1240 1724 1322 1754 Plin.

747 1771 804 1801 lib.
822 1771 903 1801 VIII
915 1793 923 1808 ,
945 1771 1003 1807 58,
1021 1781 1046 1801 5.
1066 1771 1120 1801 83.
1136 1770 1324 1802 Exeusanda

747 1824 851 1847 tamen
879 1817 951 1846 talia
976 1817 1011 1845 in
1035 1823 1146 1857 poeta,
1176 1819 1234 1848 etsi
1257 1827 1324 1847 non

747 1861 1007 1894 commendanda.
1018 1879 1065 1885 —
1074 1865 1227 1894 Pererrac
1238 1865 1323 1905 Hug.

749 1917 779 1940 et
807 1920 856 1950 pr.
886 1909 1002 1939 Hamb.
1030 1919 1105 1939 cum
1127 1910 1226 1941 Goth.
1251 1917 1323 1940 tert.

746 1956 818 1986 vide
840 1965 935 1996 supra
950 1956 1070 1988 librum
1087 1960 1119 1994 Ι,
1141 1957 1181 1986 ad
1197 1967 1325 1988 versum

750 2003 827 2038 834.
863 2003 970 2032 Saltus
992 2004 1149 2045 silvasque
1168 2011 1326 2048 peragrat

749 2048 880 2079 Diceeas
894 2049 1015 2090 aliquot
1024 2052 1118 2082 Pierii
1127 2061 1200 2082 cum
1212 2053 1322 2095 fragm.

749 2096 854 2129 Vatic.

800 2148 853 2180 74.
868 2145 969 2174 Totus
983 2145 1074 2174 locus
1085 2168 1093 2183 ‚
1110 2146 1168 2186 qui
1180 2145 1325 2187 sequitur

753 2188 793 2220 ad
821 2199 851 2222 v.
878 2190 941 2232 89,
966 2201 1062 2234 super
1089 2193 1204 2223 amoris
1227 2200 1324 2230 aestu,
