1433 2460
86 82 144 110 ism

584 82 647 111 AEN
655 83 736 112 EID(
744 85 776 112 ›5-

77 139 343 187 Plemmyrium
366 136 576 174 undosum:
598 152 734 176 nomi-n
757 140 886 177 ‹lixi-ri·
909 142 1054 191 priores

79 200 287 248 Ortygiam.
311 198 500 247 Alpheum
522 199 618 237 sama
639 210 694 238 ost
715 202 789 238 huc
810 202 925 239 Elidis
946 216 1093 239 nimivm

79 260 256 296 occultas
277 259 396 308 egisse
415 260 495 296 vias
515 259 646 297 subter
667 275 770 298 mare
790 278 800 309 3
819 263 883 312 qui
907 276 1005 299 mmo
1234 269 1283 301 ⁶95

80 325 176 361 ()r‹·,
197 319 406 365 Arethusa,
427 329 493 356 tuo
513 320 648 358 Siculis
668 321 915 359 confunditur
935 323 1054 359 undis.

79 381 176 416 jussi
197 380 351 417 immina
372 393 507 430 magna
526 380 599 418 loci
618 393 868 430 vcueramur;
888 391 925 419 ct
945 382 1031 419 inde

81 445 276 491 l‘lxsupcro
297 442 520 493 praepingue
538 443 659 480 solum
681 444 889 493 stagnantis
908 443 1051 480 Helori.

80 502 176 538 llinc
196 501 288 538 altas
308 510 436 538 cautes
456 504 702 554 projectaque
722 517 812 540 saxa
831 503 995 552 Pachyni

81 562 278 609 Radimus;
297 572 333 600 ct
355 564 439 601 satis
460 577 653 614 nunquam
673 577 849 601 concessa
867 564 1012 600 moveri
1237 581 1284 603 ’,νυ

81 721 149 749 sous
166 719 344 757 Arethusa,
359 719 398 749 ‹le
420 731 485 761 quo
507 728 537 750 et
561 721 599 751 de
614 722 655 752 fa-

78 766 151 795 liula
165 776 261 806 super
277 767 345 804 ejus
362 777 434 796 cum
451 767 578 807 Alpheo
595 770 656 798 Eli-

77 812 126 842 dis
145 812 177 842 ss.
198 823 367 853 congressu
384 824 413 842 v.
431 824 501 853 sup.
522 814 586 844 licl.
603 817 652 852 X,

83 870 93 888 1
109 866 140 889 et
152 865 181 895 l..
200 859 360 888 lindosum
376 859 408 889 h.
425 860 446 889 l.
466 862 633 903 περικῦμον
645 884 653 898 ,

77 905 164 946 quod
196 907 357 935 aestuantis
388 907 481 935 maris
502 906 655 937 fluctibus

77 953 229 987 alluitur3
250 952 336 982 unde
361 959 392 982 et
414 953 519 993 ipsum
538 964 654 983 nomeu

78 996 284 1041 πλημμύραν.
304 999 453 1028 occultas
463 999 564 1040 egisse
578 1001 654 1030 vias

78 1046 185 1076 subter
209 1056 314 1082 mare,
343 1044 396 1078 τήν
427 1056 460 1076 τε
494 1043 652 1078 θάλασσαν

79 1092 190 1135 Νέρθεν
205 1090 397 1135 ὐποτροχοίει
416 1093 542 1124 Mos-ch.
557 1093 652 1136 Idyll.

77 1141 167 1170 5‘111.
186 1142 248 1170 Ore
258 1147 310 1169 tuo
321 1163 329 1176 ,
346 1140 455 1177 fonte;
475 1140 562 1171 unde
579 1143 652 1172 Pin-

75 1187 152 1233 daro
169 1186 326 1217 Arethusa
349 1184 521 1230 ἄμπνευμα.
545 1187 653 1231 σεμνὸν

76 1232 208 1274 Αλφείευ
232 1235 322 1264 Nem.
346 1235 378 1270 Ι,
405 1245 432 1264 1.
463 1246 492 1264 ν.
523 1235 656 1266 Cluver.

75 1281 160 1311 Sicil.
176 1288 240 1310 ant.
259 1292 290 1321 p.
314 1282 394 1316 163,
419 1281 494 1319 157.

123 1328 202 1368 697.
229 1327 333 1363 Iussi,
365 1327 541 1365 admoniti,
560 1327 614 1358 sed
636 1339 654 1358 a

76 1375 164 1414 quo?
190 1374 241 1404 vel
267 1374 306 1404 ab
333 1374 579 1412 Achaemenide,
603 1375 654 1405 vel

76 1421 115 1451 ab
132 1421 274 1458 Heleno,
296 1421 346 1450 vel
372 1421 410 1451 ab
431 1421 590 1459 Anchise,
611 1423 655 1452 ait

74 1471 162 1499 SerV.
180 1469 253 1498 Hoc
269 1467 418 1498 ultimum
436 1479 546 1498 verum
561 1476 651 1509 puto.

75 1517 155 1546 Nam
175 1525 232 1555 per
257 1521 361 1544 totum
378 1515 497 1545 librum
514 1526 558 1545 eae
578 1522 655 1545 sunt

76 1561 226 1592 Anchisae
240 1568 344 1602 partes
357 1585 366 1599 ,
383 1569 421 1592 ut
437 1562 606 1603 religiones
624 1570 655 1592 ct

76 1609 215 1649 auspicia
242 1615 352 1645 curet;
377 1616 408 1638 at
429 1609 570 1639 Helenus
586 1616 654 1639 tan-

78 1663 143 1684 tuin
160 1654 199 1684 de
209 1656 339 1685 Junone
353 1655 507 1695 placanda
525 1666 655 1685 monue-

77 1709 124 1731 rat
149 1712 194 1732 vs,
218 1701 295 1737 436.
324 1702 459 1732 Helorus
476 1702 596 1732 fluvius
619 1703 654 1732 in

76 1749 169 1778 litore
190 1748 336 1778 orientali
359 1749 469 1789 paullo
489 1760 584 1790 supra
599 1752 653 1780 Pa-

78 1795 222 1836 chynum
235 1797 492 1836 promontorium
505 1805 512 1826 :
532 1795 571 1825 de
587 1807 653 1836 quo

79 1850 222 1872 accurate
245 1843 309 1883 egit
326 1842 496 1874 Cluverius
515 1854 532 1872 e
548 1842 654 1873 Fazel-

78 1889 120 1918 lo.
147 1890 287 1919 Primum
314 1889 367 1919 ille
389 1890 473 1918 inter
495 1899 608 1930 specus
623 1896 655 1919 et

79 1945 185 1965 exesas
203 1946 297 1976 rupes
312 1936 492 1976 procurrit,
509 1935 594 1966 unde
607 1937 654 1967 Si-

79 1983 122 2011 lio
139 1982 298 2011 clamosus
313 1983 467 2019 Helorus;
482 1993 559 2012 mox
570 2005 578 2020 ‚
597 1982 656 2012 ubi

80 2028 118 2057 ad
135 2028 210 2058 litus
229 2031 374 2065 accessit,
392 2029 519 2070 placido
537 2040 572 2059 ac
590 2029 655 2059 leni

81 2084 177 2105 cursu
196 2074 334 2112 incedit,
355 2082 385 2106 et
407 2076 530 2115 hieme,
547 2077 655 2107 clauso

82 2122 176 2151 maris
201 2121 353 2151 fluctibus
380 2124 479 2161 ostio,
508 2123 655 2165 frequen-

81 2175 129 2197 ter
158 2169 313 2198 excrescit
342 2176 544 2210 stagnatque,
570 2169 656 2200 uude

83 2216 148 2255 agri
177 2215 276 2245 vicini
309 2215 522 2257 pinguescunt
555 2217 655 2258 pluri-

711 732 797 751 mum
815 722 924 763 (nunc
943 721 1092 751 Atellam
1109 729 1139 751 et
1159 723 1192 751 in
1209 721 1286 750 infe-

712 770 794 797 riori*
826 775 914 807 parte
939 767 1068 808 Abiso).
1100 770 1282 808 Exsupero,

709 813 742 844 h.
764 813 784 843 l.
803 813 1029 853 praetervehor.

758 860 835 899 699.
862 859 1070 899 Pachynum,
1099 867 1286 901 promonto-

710 908 794 936 rium
829 907 943 936 Sieiliae
976 907 1014 936 ab
1042 908 1170 937 australi
1198 914 1286 948 parte

710 954 721 995 (
735 954 823 993 Capo
842 955 979 983 Passaro
989 952 1012 995 ).
1038 953 1187 995 Projeclez
1201 964 1287 983 saxa

710 1001 865 1041 expressit
890 1000 947 1030 Gr.
972 997 1147 1043 προῧλῆτες
1173 998 1286 1030 σκόπε-

707 1050 765 1077 λοι.

758 1105 823 1132 700
836 1118 844 1132 ,
875 1104 951 1132 τοι.
989 1093 1167 1124 Camarina
1204 1104 1284 1123 mm-

708 1152 805 1182 quam
822 1151 971 1171 concessa
988 1139 1106 1170 moveri
1118 1151 1129 1169 .·
1143 1141 1266 1181 accipio
1277 1164 1285 1177 ‚

708 1189 798 1229 palus
810 1212 818 1226 ,
844 1199 938 1230 quam
955 1188 1033 1218 deus
1051 1188 1215 1217 consultus
1231 1198 1284 1217 ve-

708 1235 793 1266 tabat
806 1246 952 1273 movere,
965 1245 1039 1265 cum
1050 1235 1285 1265 Camarinenses

708 1283 810 1312 canali
825 1283 922 1312 ducto
948 1292 1016 1312 eam
1039 1282 1197 1311 exsiccare
1219 1281 1283 1310 vel-

707 1329 783 1360 lent.
814 1331 983 1359 i‘lsoventur
1019 1339 1053 1358 ea
1064 1351 1072 1366 ‚
1099 1329 1133 1357 in
1167 1327 1284 1368 quibus

708 1376 828 1416 aliquid
840 1376 991 1405 molimur
1003 1398 1010 1412 ,
1026 1385 1199 1412 novamus,
1215 1385 1285 1405 mu-

708 1430 821 1454 tamus.
852 1424 952 1453 Servii
981 1422 1078 1452 verba
1103 1432 1260 1463 apponam
1277 1433 1284 1453 ;

708 1470 828 1500 «Palus
844 1476 890 1500 est
910 1470 1002 1508 juxta
1018 1468 1159 1507 ejusdem
1180 1470 1284 1499 nomi-

708 1518 757 1546 nis
790 1516 965 1557 oppidum:
990 1515 1028 1545 dc
1056 1526 1120 1555 qua
1145 1515 1286 1556 quodam

709 1571 867 1604 tempore,
895 1573 968 1592 cum
997 1563 1113 1592 siccata
1135 1562 1284 1603 pestilen-

709 1611 785 1640 tiam
803 1616 958 1647 creasset,
969 1608 1136 1639 consultus
1152 1609 1284 1649 Apollo,

709 1667 748 1687 an
764 1668 833 1687 eam
848 1658 977 1698 penitus
1002 1655 1171 1686 exhaurire
1191 1655 1286 1685 debe-

708 1711 779 1733 rent
789 1727 797 1742 ,
814 1702 997 1745 respondit:
1012 1701 1066 1735 Μὴ
1083 1699 1159 1732 κίνει
1173 1705 1286 1744 Καμα-

709 1748 804 1793 ρίναν·
820 1748 963 1791 ἀκίνῃτος
979 1745 1042 1793 γὰρ
1055 1746 1199 1791 ἀμείνων.
1211 1751 1287 1790 Quo

709 1804 871 1827 contemto
908 1797 1151 1826 exsiccaverunt
1195 1795 1286 1837 palu-

708 1843 798 1880 dem,
837 1851 870 1874 et
907 1848 1048 1873 carentes
1087 1842 1266 1883 pestilentia
1277 1864 1286 1879 ‚

708 1900 765 1931 per
781 1900 849 1919 eam
873 1896 996 1930 partem
1019 1889 1168 1929 ingressis
1186 1888 1287 1918 hosti-

709 1938 785 1973 bus,
810 1946 920 1977 poeuas
943 1933 1139 1966 dederunt.»
1166 1934 1285 1966 Similia

709 1990 838 2014 narrant
847 1982 954 2023 Steph.
970 1983 1059 2022 Byz„
1071 1981 1160 2013 Suid.
1175 1987 1207 2011 et
1219 1983 1286 2012 An-

710 2029 788 2060 thol.
805 2030 861 2060 Gr.
880 2028 965 2069 apud
981 2028 1109 2060 Cluver.
1125 2027 1188 2058 Sed
1214 2037 1286 2068 quae

708 2077 762 2107 illa
776 2075 864 2106 urhis
878 2070 1073 2116 expugnatio
1084 2073 1180 2104 fuerit
1190 2097 1198 2111 ‚
1213 2085 1288 2104 nus-

709 2133 805 2165 quam
831 2121 1018 2152 declaratur.
1052 2122 1114 2151 Ter
1147 2121 1285 2153 Camari-

710 2180 782 2200 nam
796 2169 890 2199 fuisse
905 2168 1063 2199 conditam
1076 2189 1084 2205 ‚
1099 2178 1140 2198 cx
1154 2167 1285 2208 Thucy·

711 2216 784 2247 dide
800 2216 930 2258 aliisque
946 2215 1039 2246 docet
1053 2215 1137 2246 idem
1155 2214 1283 2245 Cluver.
