1402 2460
553 44 678 75 LIBER
701 44 760 73 111.
1195 53 1214 73 2
1223 54 1234 73 1
1243 54 1259 63 ¹·

1247 68 1255 82 κ

55 104 260 153 Litoraque
276 102 383 153 Epiri
402 102 580 153 legimus,
597 110 789 152 portuque
807 100 979 139 subimus

55 163 246 209 Chaonio,
266 171 302 200 et
322 163 459 200 celsam
478 161 656 199 Buthroti
675 159 893 198 adcedimus
913 159 1060 198 urbem.

106 223 178 260 Hic
198 222 430 260 incredibilis
447 235 576 260 rerum
592 221 691 258 fama
704 229 869 270 occupat
887 221 1010 267 auris,

52 283 266 321 Priamiden
284 283 470 321 Helenum
490 282 624 321 Graias
639 294 802 332 regnare
819 295 888 332 per
909 280 1034 328 urbis,

1210 289 1258 322 ²9⁵

52 345 237 395 Conjugio
258 344 422 382 AEacidae
437 343 575 394 Pyrrhi
590 343 827 393 sceptrisque
848 343 1013 392 potitum
1030 358 1042 389 ;

52 407 98 441 Et
118 405 242 455 patrio
258 403 553 442 Andromachen
572 404 711 441 iterum
728 403 881 440 cessisse
897 402 1046 440 marito.

53 457 244 514 Obstupui
261 480 271 512 3
289 465 464 514 miroque
480 465 672 524 incensum
691 473 822 513 pectus
840 476 968 500 amore

57 603 95 632 de
121 603 205 632 binis
232 603 372 643 scopulis
399 602 440 633 ad
466 603 634 633 introitum

56 657 168 690 portus
188 651 328 689 accipere
345 648 439 679 video
454 656 633 686 auctorem,

55 697 112 736 qui
138 696 204 725 haec
234 696 302 725 loca
328 694 423 732 adiit,
448 695 634 725 Saint-Sau-

55 753 145 777 vetar,
168 744 199 769 V
197 752 300 783 oyage
317 741 400 771 dans
418 741 465 771 les
476 741 554 770 Isles
572 741 634 770 Ve‘-

54 788 213 818 m'tiennes
230 789 272 817 du
290 791 420 824 Levant,
431 798 463 828 p.
486 797 536 827 19.
552 787 632 818 Sub-

55 835 141 864 tilius
168 845 263 874 quam
290 844 416 865 necesse
448 841 503 864 est.
534 836 631 864 Portu

57 880 210 911 Chaonio.
252 883 307 912 Est
346 888 457 921 portus
500 880 631 911 Pelodes

53 927 90 956 ad
107 926 300 958 Buthrotum
330 929 416 968 Epiri
446 926 630 957 Chaonibns

53 973 216 1014 quondam
243 974 402 1005 habitatae.
434 991 480 996 —
507 975 629 1004 Ascen-

54 1020 156 1050 dimus
172 1020 236 1051 duo
260 1022 433 1051 Burmann.
453 1031 527 1050 cum
542 1021 627 1058 aliis,

55 1078 160 1107 prave.
178 1067 274 1097 Urbes
287 1069 391 1108 Sprot.
403 1085 448 1090 --
462 1077 538 1107 292.
554 1070 629 1097 Por-

54 1122 148 1154 tuque
161 1125 186 1145 s.
208 1113 351 1145 Chaonio
364 1113 482 1144 Medic.
498 1124 566 1144 am.
577 1124 627 1154 pr.

54 1161 134 1190 Mox
151 1162 327 1191 correctrix
349 1170 461 1190 manus
477 1159 589 1198 adjecit
603 1171 626 1191 s.

51 1208 90 1236 Et
103 1217 176 1237 sane
186 1215 360 1248 portusque
379 1206 537 1237 Chaonios
553 1214 585 1236 et
597 1218 625 1237 c.

50 1253 143 1283 multi
159 1253 254 1285 codd.
283 1253 403 1283 habent
417 1276 425 1291 ,
440 1254 492 1283 vel
516 1260 627 1284 contra

50 1307 199 1338 metrum,
214 1307 245 1331 et
258 1301 335 1330 olim
347 1323 355 1338 ‚
373 1307 410 1330 ut
427 1300 479 1330 vel
493 1311 533 1330 ex
554 1302 624 1331 Ser-

48 1348 101 1377 vio
114 1354 199 1388 patet
208 1371 217 1385 ‚
226 1347 420 1377 habuerunt.
434 1347 518 1377 Hinc
527 1357 625 1389 gram-

50 1394 237 1424 maticorum
265 1395 371 1431 uicae,
393 1393 432 1423 de
458 1394 575 1434 quibus
591 1405 622 1424 V.

49 1440 129 1470 Pier.
150 1448 180 1470 et
201 1442 311 1472 Heius.
327 1439 388 1472 Sed
405 1440 496 1470 facile
517 1448 564 1470 est
585 1439 624 1470 ad

47 1487 290 1528 intelligendum
301 1511 310 1525 ‚
341 1487 482 1528 primum
500 1487 623 1517 librarii

48 1545 154 1564 errore
180 1534 316 1571 factum,
342 1541 379 1563 nt
401 1535 621 1564 communiore

46 1591 134 1610 more
147 1588 322 1621 portusque
344 1579 483 1610 subimus
508 1580 622 1610 scribe-

46 1634 150 1663 retur;
168 1627 244 1657 hinc
272 1626 555 1657 accommodarunt
580 1627 622 1656 al-

46 1680 160 1704 terum.
177 1675 285 1703 Burm.
313 1673 446 1714 putabat
464 1674 620 1713 scriptum

43 1721 151 1759 primo
166 1720 261 1750 fuisse
277 1728 465 1760 portumque
479 1730 504 1750 s.
520 1719 621 1749 Chao-

45 1767 144 1796 nium.
164 1765 309 1796 Chaonia
322 1765 443 1796 Zulich.
457 1767 483 1795 E
499 1765 620 1796 Gotha-

44 1815 93 1842 nis
114 1824 161 1853 pr.
185 1821 216 1844 et
233 1820 305 1844 tert.
325 1823 431 1842 veram
449 1812 618 1842 lectionem

44 1867 229 1900 agnoscunt.

92 1907 170 1946 296.
199 1906 381 1949 Regnisque
395 1917 429 1946 p,
449 1905 536 1936 Leid.
562 1916 617 1936 un.

45 1954 77 1982 si
99 1963 210 1983 versus
237 1953 323 1993 296,
352 1963 415 1992 297
449 1952 593 1981 abessent
608 1975 617 1989 ,

44 1999 193 2038 majorem
216 1999 344 2030 videtur
366 2005 461 2039 poeta
478 1999 619 2028 miratio-

43 2055 115 2076 nem
137 2053 282 2077 moturus
298 2046 408 2083 ἰώδεες
432 2046 525 2074 etiam
542 2055 619 2074 mox

44 2092 268 2123 Andromache
297 2103 329 2122 se
361 2092 528 2133 inopinato
559 2091 617 2121 ob-

46 2138 167 2168 tulisset
185 2141 302 2170 AEneae.
324 2141 447 2169 Verum
471 2139 526 2168 has
546 2149 618 2169 nos-

45 2191 170 2214 trorum
182 2184 350 2217 hominum
363 2193 444 2216 artes
454 2185 617 2226 adsperna-

201 2252 252 2288 II.

688 609 741 631 tur
759 604 862 632 Maro.
881 619 929 624 ——-
945 602 1139 641 296—305.
1158 603 1263 634 Audi-

688 654 738 684 to,
761 648 921 678 Helenum
942 648 997 678 has
1019 655 1117 679 terras
1136 655 1262 687 tenere,

688 694 726 723 ad
743 705 816 724 eum
832 693 999 724 visendum
1015 697 1119 736 pergit
1133 697 1266 734 AEneas;

686 740 801 770 incidit
823 742 859 770 in
868 740 1118 772 Andromachen
1137 742 1266 772 inferias

688 788 820 817 Hectori
833 797 892 817 suo
918 787 1090 824 ferentem3
1109 791 1266 828 comperit

686 844 726 863 ex
754 845 789 864 ea
811 834 946 864 fortunae
971 844 1076 870 casus,
1101 845 1183 874 qnos
1209 835 1264 865 illa

685 880 841 918 subierat,
861 887 893 910 et
911 892 952 911 ex
967 880 1091 911 Heleno
1117 887 1188 911 vate
1207 892 1263 912 na-

683 928 852 969 vigationis
866 938 930 957 suae
947 927 1091 958 ordinem
1105 937 1205 968 usqne
1223 929 1263 959 ad

684 985 783 1004 novas
797 973 885 1004 sedes
899 975 932 1004 in
950 974 1040 1004 Italia
1061 974 1261 1007 obtinendas,

683 1021 889 1050 Mirationem
906 1021 995 1057 facit,
1006 1020 1166 1051 Helenum
1185 1022 1262 1052 Tro-

681 1068 792 1106 janum
821 1067 944 1097 Graecas
973 1067 1069 1096 nrbes
1096 1073 1204 1096 tenere
1231 1076 1263 1098 et

682 1124 782 1154 regno
810 1124 846 1143 ac
879 1114 1014 1155 conjuge
1041 1113 1175 1154 Pyrrhi,
1204 1117 1261 1156 qui

681 1160 809 1198 'frojam
828 1167 1002 1197 everterat,
1018 1161 1160 1200 potitum
1181 1171 1257 1191 esse.

681 1207 737 1236 Est
753 1207 815 1237 hoc
829 1206 1016 1248 Episodium
1038 1208 1122 1236 inter
1145 1207 1258 1237 felicis—

680 1254 757 1283 sima
776 1260 807 1283 et
821 1252 1033 1294 pulcherrima
1051 1252 1091 1282 ad
1107 1252 1257 1284 affectum

680 1307 712 1329 et
725 1300 766 1330 ad
786 1307 946 1330 ornatum.
974 1300 1257 1344 TFQSE-chjlisi·

680 1353 747 1376 tum
781 1347 873 1391 facile
904 1357 1064 1388 agnoscas,
1098 1347 1257 1377 Converte

678 1386 893 1424 nai-raisi‘dfi'em
907 1395 941 1423 in
951 1393 1077 1430 drama;
1092 1392 1178 1434 finge
1191 1395 1257 1424 An-

678 1439 873 1470 dromachen
896 1440 1023 1470 inferias
1052 1440 1205 1470 ferentem
1225 1448 1256 1470 te

677 1486 785 1516 videre
796 1510 805 1524 ‚
819 1486 904 1528 finge
924 1487 1109 1527 loquentem
1132 1486 1252 1517 audire.

674 1534 706 1564 Si
723 1535 905 1574 perveneris
929 1533 968 1563 ad
989 1533 1042 1562 illa
1057 1543 1064 1564 :
1081 1540 1138 1562 aut
1151 1533 1181 1562 si
1193 1533 1253 1562 lux

674 1580 765 1610 alma
795 1580 937 1616 recessit,
961 1581 1082 1610 Hector
1103 1579 1158 1608 ubi
1178 1584 1253 1609 cst?

672 1626 827 1667 palpitare
839 1634 952 1667 pectus
969 1628 1005 1656 in
1026 1628 1098 1656 sinu
1112 1626 1228 1656 senties
1242 1636 1251 1656 ε

672 1673 702 1702 .ςὶ
727 1681 759 1703 eu
782 1673 894 1703 umbra
915 1684 966 1709 es,
995 1672 1050 1701 ubi
1066 1679 1114 1701 esc
1134 1673 1253 1701 Hector

674 1730 780 1756 meus,
806 1722 862 1760 qui
889 1721 973 1749 inter
1003 1718 1132 1747 umbras
1162 1727 1250 1746 nunc

672 1766 837 1795 versatur?
852 1765 962 1795 Patrio
970 1764 1096 1799 marito,
1107 1762 1249 1802 ejusdem

672 1813 821 1853 originis,
842 1822 884 1842 sc.
910 1812 1065 1850 Trojanae.
1093 1812 1168 1840 Erat
1188 1811 1250 1840 He-

671 1858 762 1887 lenus
777 1858 872 1887 frater
886 1858 1042 1888 Hectoris.
1065 1858 1104 1886 In
1121 1856 1250 1886 cessisse

672 1911 861 1945 argutantur
872 1905 1060 1945 interpretes
1071 1909 1145 1944 post
1158 1905 1246 1934 Serv.

673 1951 726 1982 Nil
741 1950 828 1980 aliud
851 1957 913 1988 est,
929 1960 1023 1992 quam
1041 1950 1246 1980 matrimonio

673 1998 790 2034 teneri,
803 1997 933 2034 haberi,
950 1996 1002 2026 vel
1023 1995 1180 2036 relinqui,
1194 2007 1247 2026 ve-

672 2045 741 2074 nire
762 2044 797 2073 in
819 2050 1006 2084 potestatem
1023 2042 1151 2072 alterius
1171 2043 1245 2074 viri.

670 2106 717 2113 —-
727 2091 805 2130 298.
822 2091 976 2121 Incensus
982 2095 1105 2131 pectus,
1120 2096 1160 2133 ut
1167 2099 1246 2132 grae-

669 2139 785 2168 cismus
809 2138 869 2176 sit,
892 2144 1031 2178 quatuor
1056 2146 1106 2177 ap.
1132 2137 1242 2166 Burm.

670 2186 791 2216 Amore
815 2192 863 2215 ese
877 2183 1018 2216 Parthas.
1030 2200 1076 2206 -
1086 2184 1241 2214 Amorem

1035 2261 1081 2296 19
