1433 2460
580 133 700 163 LIBER
726 133 767 162 11.

1215 135 1274 172 159

75 189 235 240 Adcepit
252 190 406 240 patrios.
427 189 537 227 Ultro
554 190 646 228 flens
664 191 744 241 ipse
762 192 922 229 videbar

74 252 307 302 Compellare
326 252 451 288 virtmi
464 281 474 299 ‚
492 262 529 289 et
545 261 694 290 moestas
711 250 936 304 expromere
952 265 1063 291 voces
1081 270 1088 290 :
1226 263 1273 285 2⁸0

73 330 88 346 «
110 314 144 350 O
166 313 229 349 lux
244 313 463 360 Dardaniae,
485 326 568 363 spes
589 327 612 350 o
633 314 812 352 fidissima
827 318 1038 360 Teucrum,

73 375 168 418 Quae
186 381 298 410 tantae
315 382 471 410 tenuere
488 375 626 410 morae?
640 373 790 419 Quibus
811 376 954 410 Hector
973 373 1021 411 ab
1037 373 1113 410 oris

72 435 295 482 Exspectate
311 434 442 471 venis?
464 436 516 471 Ut
532 443 568 470 te
588 443 673 483 post
689 434 807 471 inulta
828 444 983 471 tuorum

70 495 238 539 Funera,
254 503 339 543 post
356 495 480 531 varios
501 494 776 544 hominumque
794 493 975 544 urbisque
994 494 1142 532 labores

71 554 217 592 Defessi
233 555 480 604 adspicimus!
501 558 596 601 Quae
613 569 745 593 caussa
760 556 917 606 indigna
932 568 1084 593 serenos

1226 563 1272 586 285

70 615 240 652 Foedavit
257 616 404 652 voltus?
425 624 489 652 aut
505 629 574 652 cur
590 616 670 652 haec
687 617 844 652 volnera
861 617 1000 652 cerno?
1020 633 1033 647 υ

121 676 188 712 Ille
212 675 321 722 nihi13
339 689 408 712 nec
426 689 484 712 me
501 686 733 725 quaerentem
753 689 850 712 vana
867 684 1038 713 moratur
1053 691 1061 712 ε

70 737 144 774 Sed
160 737 325 787 graviter
341 737 500 786 gemitus
517 737 593 773 imo
611 736 657 772 de
673 745 827 785 pectore
844 736 985 773 ducens
1000 750 1007 771 :

71 816 84 830 ιι
105 800 191 834 Heu
211 797 317 846 suge,
334 804 419 833 nate
441 796 528 833 dea!
548 806 660 846 teque
678 796 754 842 his,
772 797 842 843 ait,
862 797 966 847 eripe
986 797 1155 834 flammis.

68 858 195 894 Hostis
210 857 326 894 habet
342 870 488 903 muros3
510 857 587 894 ruit
604 857 679 894 alto
698 871 719 894 a
737 858 902 895 culmine
919 858 1045 908 Troja.
1222 874 1268 897 290

66 920 132 955 Sat
148 918 299 968 patriae,
316 918 541 967 Priamoque
561 917 702 955 datum.
722 919 763 955 Si
779 921 960 968 Pergama
975 918 1109 955 dextra

66 978 227 1015 Desendi
248 988 416 1028 possent,
435 978 548 1015 etiam
569 978 640 1015 hae
659 979 812 1017 deFensa
829 978 996 1016 fuissent.

66 1158 125 1187 illa
142 1157 227 1187 Leid.
246 1157 384 1187 vulnera
406 1166 437 1188 et
459 1158 517 1188 illa
534 1160 635 1200 Bigot.

63 1204 266 1244 vulneraque
281 1204 349 1244 ipsa
365 1207 388 1234 F
391 1216 477 1236 rane.
497 1212 528 1235 et
543 1207 635 1236 Witt.

65 1252 180 1281 Statius
208 1253 256 1280 III
278 1251 378 1281 Theb.
411 1253 495 1287 364:
517 1253 636 1282 Vulne-

63 1308 162 1338 raque
186 1296 364 1339 isca-serens
376 1299 466 1339 putri
482 1298 636 1329 insiccata

63 1354 183 1375 cruore.

110 1392 187 1422 280.
204 1393 349 1421 lacertas
370 1402 446 1432 exp.
470 1392 635 1433 fragment.

62 1438 178 1468 Moret.
215 1445 342 1468 moestas
374 1450 524 1479 promere
555 1441 634 1470 Exc.

61 1485 168 1515 Burm.
183 1493 214 1515 et
227 1487 352 1527 Menag.
377 1486 464 1515 alter.
479 1496 496 1515 a
514 1497 556 1516 m.
571 1496 633 1517 see.

61 1532 129 1561 Has
145 1543 294 1572 proruere
323 1533 424 1573 Bigot.
454 1532 634 1574 Efficndere

60 1578 185 1619 Menag.
196 1590 245 1619 pr.
256 1581 373 1609 Moret.
385 1585 487 1619 quart.
498 1580 633 1620 Vulgata

61 1630 106 1653 est
127 1625 212 1665 apud
227 1627 369 1656 Nonium
383 1627 418 1655 in
434 1634 571 1657 moestas,
587 1644 633 1649 -—-

63 1671 255 1701 282—286.
270 1673 368 1712 Quasi
385 1673 552 1702 immemor
572 1683 631 1702 cae-

59 1716 107 1746 dis
120 1718 278 1754 Hectoris,
288 1728 362 1748 eum
372 1718 530 1759 objurgat,
544 1720 632 1759 quod

60 1770 122 1793 tam
138 1764 194 1794 diu
207 1763 343 1794 abfuerit
355 1771 387 1794 et
401 1775 488 1794 nunc
501 1764 631 1795 demum

59 1810 97 1839 ad
119 1811 274 1840 auxilium
297 1811 442 1849 Trojanis
465 1806 631 1841 fere'ndum

57 1856 214 1887 adveniat.
238 1857 340 1887 Etiam
363 1858 398 1887 in
421 1856 470 1886 his
490 1858 632 1887 Ennium

58 1910 129 1933 aute
145 1903 256 1934 oculos
269 1902 398 1938 habuit,
418 1904 508 1941 cujus
520 1913 629 1934 versus

57 1950 202 1980 Macrob.
226 1952 293 1987 VI,
325 1960 342 1979 2
367 1950 394 1979 Ο
417 1950 474 1978 lux
505 1949 625 1991 Trojae,

54 2007 212 2038 germane
232 1997 375 2026 Hector!
398 1996 485 2036 Quid
499 1996 544 2025 ica
557 2007 628 2026 cum

58 2051 111 2074 tuo
121 2044 264 2074 lacerato
273 2053 403 2083 corpore
415 2042 510 2072 miser
519 2045 535 2072 .³
550 2044 627 2080 Aut,

58 2090 114 2131 qui
131 2098 162 2121 te
183 2090 228 2120 sic
245 2088 492 2131 respectantibus
514 2097 629 2119 tracta-

59 2148 128 2167 vere
152 2137 267 2167 nobis?
293 2139 366 2167 Lux
383 2143 487 2166 autem
503 2147 570 2166 non
589 2136 628 2166 ad

57 2184 190 2225 gloriam
204 2182 406 2213 referendum
416 2205 425 2220 ‚
450 2182 505 2213 sed
525 2182 564 2212 de
579 2194 629 2212 sa-

57 2231 121 2261 lute
133 2230 372 2271 accipiendum,
391 2231 418 2260 si
438 2230 568 2270 quidem
587 2241 628 2260 ex

58 2279 227 2309 Homerico
240 2275 317 2320 φάος
337 2287 539 2318 expressum,
562 2287 626 2318 quo

691 1161 719 1189 si
740 1160 802 1190 hoc
822 1170 915 1189 sensu
938 1159 1127 1199 plerumque
1144 1161 1266 1197 utitur3

691 1213 826 1247 excepto
842 1207 923 1236 forte
938 1206 1010 1236 loco
1025 1205 1116 1236 Iliad.
1133 1206 1147 1235 θ
1159 1229 1168 1243 ,
1187 1207 1263 1237 282.

693 1255 734 1282 Ut
749 1261 778 1282 te
786 1264 820 1293 p.
840 1252 896 1290 ὡς;
912 1252 945 1282 h.
961 1263 987 1283 e.
1006 1252 1168 1292 quomodo
1186 1263 1192 1283 :
1210 1253 1263 1282 de-

682 1298 767 1341 fessi
780 1299 923 1329 cladibus
934 1321 942 1335 ‚
968 1305 1005 1328 ut
1019 1298 1178 1340 eleganter
1192 1310 1265 1340 poe-

691 1353 730 1375 1ae
745 1357 776 1377 v,
798 1357 824 1376 c.
840 1348 951 1376 Horat.
978 1347 1010 1375 II
1036 1346 1139 1376 Carm.
1156 1352 1175 1382 4
1187 1369 1195 1383 ,
1224 1357 1236 1376 1
1249 1358 1258 1375 ι

693 1392 842 1423 Tradidit
848 1392 948 1434 fessis
964 1391 1083 1422 leviora
1101 1392 1175 1422 tolli
1188 1395 1263 1422 Per-

686 1450 789 1480 gama
816 1439 933 1469 Graiis.
967 1440 1102 1468 Serenos
1123 1438 1265 1480 soedavit

687 1486 814 1524 vulcus,
838 1487 989 1527 quoniam
1016 1492 1047 1515 et
1059 1484 1157 1527 foeda
1183 1494 1261 1515 tem-

682 1541 792 1573 pestas
807 1534 938 1574 proprie
957 1532 1086 1563 dicitur.
1110 1533 1149 1562 cf.
1173 1535 1260 1564 Serv.

735 1581 813 1618 287.
836 1582 909 1620 Ipse
923 1579 1082 1610 Montalb.
1098 1580 1168 1609 Nec
1179 1590 1263 1620 qute-

686 1635 808 1657 rentem
831 1637 882 1656 me
904 1637 966 1656 sec.
988 1626 1104 1656 Hamb.
1130 1637 1189 1656 nec
1211 1637 1261 1656 me

685 1681 865 1703 remoratur
877 1684 972 1702 vana
993 1680 1174 1714 querentem
1191 1674 1261 1702 Me-

685 1730 756 1760 nag.
775 1731 824 1760 pr.
845 1722 928 1749 Fata
950 1722 1091 1749 moracu's
1113 1718 1162 1749 ed.
1178 1721 1259 1749 Veu.

684 1777 811 1805 —290.
826 1768 858 1795 A
876 1765 963 1795 deest
978 1765 1114 1796 Dorvill.
1132 1766 1258 1805 Menag.

684 1822 734 1851 pr.
756 1819 787 1841 et
810 1811 958 1841 Mediceo
982 1812 1137 1842 Pieriano.
1166 1810 1260 1841 Adde

686 1857 785 1888 Goth.
806 1864 876 1888 tert.
891 1859 929 1886 In
941 1855 1083 1887 secundo
1097 1857 1174 1887 Alte
1190 1868 1211 1886 α
1230 1869 1257 1888 e.

684 1904 762 1933 Alco
771 1903 911 1933 culmine
917 1904 1132 1944 superscripto
1145 1914 1166 1933 a
1177 1904 1258 1946 frag-

683 1957 781 1981 ment.
802 1952 905 1980 Vatic.
930 1950 981 1980 Ab
1005 1961 1032 1980 c.
1058 1949 1143 1980 Leid.
1160 1961 1255 1982 unuS.

683 1997 858 2027 Dorvillius
882 1997 963 2027 hene
991 1997 1075 2035 conj.
1101 1996 1164 2026 ruit
1185 1998 1256 2028 alta

682 2053 703 2072 a
719 2043 857 2073 culmine
884 2043 980 2085 Troja
991 2066 1000 2079 ,
1029 2043 1119 2084 quod
1136 2043 1254 2085 signifi-

682 2091 804 2120 cantius
827 2097 892 2127 est,
918 2097 949 2120 et
965 2092 1010 2121 sic
1031 2091 1192 2121 Acronem
1206 2091 1252 2121 le-

682 2138 779 2178 gisse,
808 2138 883 2168 Jauj
904 2137 986 2167 vidit
1007 2136 1046 2166 ad
1068 2139 1179 2168 Horat.
1207 2139 1253 2168 IV

682 2184 784 2214 Carm.
803 2184 824 2214 6
835 2207 844 2222 ‚
863 2185 881 2214 3
895 2194 904 2222 ;
918 2191 949 2215 et
961 2185 1091 2215 Homer.
1109 2184 1199 2216 Ih‘ad.
1215 2196 1230 2215 ν
1242 2207 1251 2221 ,

684 2241 747 2269 772
764 2227 859 2262 ὤλετο
877 2231 968 2262 πᾶσα
981 2228 1156 2274 κατ-’ἄκρης
1176 2224 1251 2266 Ϊλισς

682 2287 814 2310 ameum.
