1433 2460
585 135 706 164 LIBER
732 134 757 164 I.
1234 135 1275 169 45

74 196 196 231 Marte
213 191 336 243 gravis
357 191 544 242 geminam
565 199 677 241 partu
697 190 803 227 dabit
821 191 890 228 Ilia
909 193 1063 241 prolem.

74 253 166 290 Inde
182 253 281 302 lupae
303 251 406 288 fulvo
423 252 582 289 nutricis
599 252 762 302 tegmine
783 252 888 288 laetus
1229 261 1276 293 ²75

74 313 257 350 Romulus
279 313 441 362 excipiet
457 321 605 363 gentem
617 341 627 359 ‚
645 321 681 349 et
697 312 888 349 Mavortia
908 312 1044 350 condet

75 373 236 419 Moenia,
255 375 522 424 Romanosque
542 387 611 411 suo
629 373 675 410 dc
693 374 845 410 nomine
864 374 974 411 dicct.

76 432 145 470 His
161 445 232 482 ego
249 446 318 469 nec
333 443 449 470 metas
464 446 591 470 rerum
613 447 681 470 nec
702 442 873 483 tempora
894 446 1016 482 pono;

77 492 286 541 Imperium
304 493 384 529 sine
405 494 478 529 fine
499 493 598 529 dedi.
618 494 720 538 Quin
742 506 876 543 aspera
897 497 1016 538 Juno,

78 555 173 599 Quae
194 565 298 590 mare
314 567 413 590 nuuc
431 563 626 603 terrasque
644 563 747 591 metu
764 554 976 604 coelumque
997 554 1148 605 fatigat,

79 701 209 724 naturos
223 695 265 724 ait
283 694 321 724 nd
343 694 519 724 Romulum
541 704 651 734 usque.

82 742 168 770 Gens
176 742 334 770 Hectorea
343 747 389 769 est
398 741 533 777 Trojana
547 740 651 779 simpl.

81 794 117 816 ut
142 787 198 817 lib.
225 788 274 823 V,
299 798 329 816 v.
350 796 411 825 ¹90
430 785 579 815 Hectorei
607 796 653 814 so-

81 832 134 863 cii.
148 834 192 862 sic
207 840 238 862 et
254 833 305 863 alii
322 842 329 862 :
345 843 374 862 v.
390 833 496 862 Burin.
512 834 561 861 Ex
577 834 654 862 Tro-

78 880 151 918 jana
171 879 280 909 saltem
301 880 418 918 stirpe,
437 879 464 907 si
484 878 564 908 forte
587 889 654 908 non

82 935 192 955 omnes
206 937 246 955 ex
261 929 367 956 AEneae
382 926 537 965 prosapia,
549 925 656 954 oriun-

81 971 115 1002 di
130 972 260 1002 fuerunt
281 983 368 1013 reges
390 972 445 1011 qui
466 972 558 1002 Albae
576 974 657 1001 Lou-

82 1027 129 1060 gae
144 1019 349 1059 imperamm,
366 1019 508 1059 quamvis
524 1018 575 1047 illa
590 1028 658 1047 uon

82 1064 179 1095 modo
203 1066 357 1103 Trojanos
378 1064 434 1094 sed
457 1066 551 1094 etiam
579 1065 658 1094 Lati-

84 1121 143 1141 nos
169 1111 348 1152 aborigines
370 1111 501 1140 haberet
524 1111 656 1142 incolas.

83 1157 281 1198 Regnabitur
299 1157 353 1186 sub
365 1165 461 1197 gente
478 1159 635 1187 Hectorea
645 1179 656 1193 ,

83 1213 217 1243 regnum
253 1203 380 1233 durabit
421 1204 482 1233 sub
514 1204 659 1241 Trojanae

82 1250 189 1288 stirpis
199 1249 335 1291 regibus.
351 1253 421 1280 AEn.
432 1251 496 1280 XII
508 1272 516 1287 ,
530 1250 594 1278 826
612 1248 660 1278 Sit

84 1294 211 1324 Latium
221 1307 236 1332 ;
255 1295 320 1326 sint
331 1297 361 1325 A
364 1295 456 1325 lbani
461 1305 523 1337 per
539 1296 660 1326 saecula

87 1350 177 1382 reges
190 1349 250 1373 etc.

134 1393 210 1425 274.
241 1387 322 1425 Ilia,
340 1394 490 1428 tanquam
521 1388 659 1426 Trojana

84 1431 181 1472 stirpe
192 1456 200 1470 ‚
215 1434 349 1464 oriunda
359 1457 366 1471 ,
383 1435 485 1474 poetis
501 1434 583 1464 dicta
595 1457 602 1471 ‚
619 1435 658 1464 ab

84 1477 145 1508 Ilio
172 1481 293 1518 Trojae,
313 1481 400 1511 Rhea
420 1481 534 1517 Silvia,
556 1491 660 1510 succr-

84 1523 266 1567 d05‚virgo
289 1527 443 1563 Vestalis3
467 1526 595 1568 regina,
623 1526 657 1558 h.

85 1579 102 1599 e
117 1573 204 1613 regio
222 1574 376 1613 sanguine
403 1580 472 1603 orta
484 1596 492 1610 ‚
510 1580 547 1602 ut
569 1571 658 1611 βασί-

84 1617 199 1656 λισσα;
230 1621 336 1649 ΙΙΙαΓεε
362 1619 489 1660 gravis,
515 1629 531 1648 e
555 1621 658 1649 Marte

86 1664 232 1703 gravida,
274 1665 422 1707 gemellos
458 1675 525 1695 uno
566 1672 660 1706 partu

86 1706 168 1741 edet,

142 1757 335 1796 275—277.
351 1757 510 1787 Romulus
527 1760 660 1788 Romam

86 1803 213 1834 condet.
235 1805 337 1844 Quam
352 1810 462 1832 ornate
479 1810 510 1833 et
525 1803 661 1843 splendi-

87 1850 126 1881 de
148 1850 209 1879 hoc
226 1857 319 1890 poeta
342 1849 474 1878 extulit!
492 1851 534 1879 Ut
550 1849 659 1888 lupam

87 1896 241 1926 nutricem
264 1897 429 1936 attingeret
440 1918 448 1932 ,
465 1895 656 1930 Romulum,

87 1945 292 1984 antiquorum
315 1942 450 1971 heroum
474 1953 577 1978 more,
600 1952 660 1981 pro

88 1989 205 2020 casside
216 2011 224 2027 ‚
247 1989 317 2029 lupi
342 1989 471 2018 exuvias
482 2011 490 2025 ,
508 1999 564 2017 seu
578 1988 660 2028 lupi-

88 2036 162 2066 na‘m
174 2035 308 2077 pellem,
328 2035 455 2076 gessisse
481 2041 596 2064 narrat.
617 2035 663 2064 Ec

84 2083 184 2124 galea
212 2081 332 2111 hirsuta
356 2088 461 2110 comta
481 2080 594 2121 lupina
613 2091 663 2110 co-

88 2140 161 2165 ma,
180 2129 275 2159 etiam
296 2131 439 2168 Propert.
456 2129 501 2158 IV
513 2150 521 2164 ‚
542 2138 580 2157 10
593 2150 601 2165 ‚
620 2138 662 2157 20

89 2175 130 2205 de
156 2175 306 2206 Romulo.
337 2176 407 2205 Hoc
430 2175 528 2216 igitur
549 2174 662 2204 habitu

88 2231 256 2251 occurrere
271 2220 410 2251 debuere
422 2228 527 2250 vetera
543 2223 662 2251 Romu-

90 2267 113 2297 li
129 2268 228 2309 signa.
244 2270 349 2298 Laecus
368 2267 525 2310 tegmine,
539 2278 598 2308 pro
613 2277 664 2298 or-

1232 564 1279 587 280

706 700 798 724 natus
810 716 818 730 ‚
842 700 895 723 aut
907 716 916 729 ‚
934 695 988 734 qui
1015 693 1121 724 habet.
1141 694 1281 734 Tegmen

706 741 790 779 lupa»
802 750 862 779 pro
879 741 1002 769 exuviis
1016 740 1110 779 lupae.
1127 751 1157 770 v.
1172 741 1281 770 Burin.

707 788 775 817 Nee
807 796 883 815 vero
920 786 1140 826 accipiendum
1151 808 1159 822 ‚
1194 787 1282 826 quasi

706 832 790 873 lupoe
810 833 925 872 ipsius,
943 842 960 861 a
975 843 1037 872 qua
1060 833 1201 863 nutritus
1216 831 1284 861 sues

708 886 755 908 rat
766 901 774 915 ‚
789 878 904 919 pellem
924 878 1096 908 detractam
1109 879 1170 908 sibi
1184 879 1284 918 impo-

707 927 826 961 suerit3
850 925 905 954 sed
926 933 1019 955 ornat
1043 924 1208 965 epitheton
1229 935 1284 954 nu-

709 971 794 1002 tricis
815 972 920 1011 lupae,
948 973 1022 1012 quia
1041 983 1082 1001 ex
1107 982 1144 1001 eo
1171 981 1285 1012 genere

709 1018 770 1048 fuit
785 1018 839 1048 illa
850 1040 858 1055 ,
879 1027 895 1047 a
911 1028 974 1058 qua
997 1019 1063 1058 ipse
1079 1018 1221 1048 nutritus
1240 1028 1286 1046 es-

710 1072 775 1101 set3
790 1071 826 1094 ut
845 1064 927 1094 bene
949 1063 1098 1094 observat
1113 1065 1286 1102 Mejerotto

710 1112 752 1141 V.
770 1112 805 1142 C.
824 1110 975 1141 Romulus
989 1110 1128 1150 excl'pt'et
1143 1117 1286 1152 gentem,

711 1158 840 1198 proprie
871 1167 1003 1197 regnum
1027 1156 1154 1198 gentis,
1187 1157 1287 1196 irnpe-

711 1205 797 1233 rium
827 1204 928 1243 gentis
947 1205 1131 1239 Hectoreae,
1146 1212 1172 1232 s.
1203 1203 1285 1231 Tro-

708 1250 810 1288 janae3
825 1248 973 1279 succedet
989 1250 1022 1278 iu
1040 1259 1139 1289 regno
1155 1247 1286 1278 Albano

711 1295 878 1327 Romulus.
904 1296 953 1325 De
979 1305 1050 1325 voc.
1075 1293 1224 1334 excipere
1245 1292 1285 1323 de

710 1342 807 1372 rebus
821 1363 829 1378 ,
858 1351 936 1381 quas
967 1341 1182 1370 nanciscimur
1194 1361 1203 1377 ,
1231 1346 1287 1369 aut

710 1389 797 1418 nacti
811 1398 920 1417 sumus
930 1409 938 1424 ,
952 1398 984 1417 v.
996 1387 1035 1416 ad
1049 1388 1107 1417 Ge.
1125 1388 1172 1416 IV
1183 1408 1191 1423 ,
1208 1395 1286 1424 ²07·

711 1436 794 1465 Sunt
819 1434 887 1463 haec
911 1434 1018 1463 omnia
1028 1456 1036 1470 ‚
1061 1433 1286 1462 vaticiniorum

712 1487 743 1510 et
757 1480 960 1510 oraculorum
983 1490 1071 1509 more
1082 1501 1090 1517 ,
1109 1489 1166 1519 per
1181 1477 1287 1508 amba-

711 1537 765 1567 ges
794 1536 828 1556 ac
856 1526 1001 1566 pleniore
1033 1535 1088 1555 ore
1120 1525 1264 1564 exposita
1275 1547 1284 1560 ‚

712 1583 807 1613 quam
821 1573 856 1601 in
871 1572 1014 1601 oratione
1029 1573 1050 1602 J
1052 1572 1121 1601 ovis
1137 1570 1175 1600 ad
1189 1569 1287 1599 fih'am

712 1624 894 1659 exspectare
916 1625 1052 1658 poterat.
1072 1616 1197 1647 Maenia
1219 1618 1290 1646 Ma-

713 1664 823 1701 vortia,
841 1667 942 1695 Roma
958 1675 973 1693 a
989 1664 1102 1694 Martis
1121 1662 1191 1694 filio
1216 1673 1290 1693 con-

713 1710 796 1747 dita,
813 1718 850 1740 ut
867 1721 948 1751 saepe
967 1710 1007 1741 al.

762 1757 826 1794 278
839 1779 848 1793 ‚
868 1767 945 1796 279.
970 1759 1086 1786 Rerum
1112 1761 1233 1792 metas,
1253 1754 1286 1785 h.

713 1803 867 1832 e.limites
882 1802 1021 1842 imperii;
1033 1800 1187 1844 sz'nefine,
1201 1807 1289 1830 aeter-
1327 1802 1330 1805 '

713 1858 754 1877 na
778 1848 875 1885 urbs,
889 1855 925 1877 ut
945 1849 979 1877 in
996 1849 1103 1877 numis
1123 1854 1154 1876 et
1176 1857 1290 1877 monu-

713 1895 838 1924 mentis.
853 1895 883 1924 A
902 1895 1004 1934 poetis
1023 1894 1091 1923 haec
1115 1894 1290 1923 innumeris

712 1941 747 1970 in
760 1941 837 1970 locis
853 1947 963 1970 ornata
978 1947 1008 1970 et
1027 1941 1155 1970 variata.

762 1987 827 2017 280
839 2009 847 2024 ‚
866 1997 880 2016 1
891 2010 899 2023 ,
919 1997 949 2017 2.
964 1988 1034 2027 Ipsa
1047 1988 1136 2017 Juno
1149 1985 1290 2026 aliqnan-

714 2033 757 2063 do
770 2033 878 2063 studio
890 2036 1108 2065 Romanorum
1118 2032 1288 2062 tenebitur.

716 2081 790 2110 Fuit
809 2081 894 2109 euim
910 2091 983 2110 cum
1001 2082 1083 2111 Jove
1098 2087 1129 2109 et
1143 2080 1290 2109 Minerva

717 2128 935 2157 Romanarum
947 2137 1054 2156 rerum
1071 2136 1196 2166 praeses.
1212 2126 1290 2164 Quoe

717 2180 893 2204 m.—metu
908 2184 935 2203 c.
963 2173 1076 2214 cttigat.
1090 2174 1122 2203 Si
1139 2179 1240 2208 metu,
1256 2170 1290 2202 h.

716 2230 743 2251 e.
758 2231 823 2260 prae
837 2226 924 2249 metu
935 2242 944 2256 ‚
958 2221 1046 2250 Juno
1060 2220 1169 2260 fatigat
1184 2218 1292 2248 omnia

716 2277 760 2298 sc.
777 2266 936 2308 precibus,
946 2266 1076 2297 hortatu
1084 2289 1093 2305 ,
1106 2266 1201 2297 minis
1212 2275 1221 2303 ;
1234 2263 1289 2294 ha-
