1402 2460
598 88 721 119 LIBER
745 87 804 117 IV.

1240 83 1302 113 283

104 146 330 196 Speluncam
348 145 449 183 Dido
468 144 547 182 dux
565 154 602 182 et
620 145 806 196 Trojanus
822 142 992 180 eamdem
1259 149 1306 172 ¹6⁵

104 207 329 244 Deveniunt.
348 207 472 244 Prima
490 215 529 243 et
547 206 674 244 Tellus
693 215 730 243 et
748 204 925 255 pronuba
943 207 962 242 J
967 215 1043 240 uno

102 269 202 303 Dant
222 266 390 315 siguum3
411 266 548 304 fulsere
567 266 692 317 ignes,
713 273 750 302 et
770 264 942 302 conscius
960 262 1078 300 aether

103 326 329 373 Connubfis,
350 340 575 378 summoque
595 327 790 364 ulularunt
810 326 952 362 vertice
968 322 1166 374 Nymphae.

103 386 170 423 Ille
190 386 268 424 dies
288 387 433 437 primus
453 388 519 425 leti
538 388 762 439 primusque
782 387 968 423 malorum

104 449 242 485 Caussa
262 447 343 484 suit.
364 450 498 498 Neque
518 450 618 486 enim
637 448 763 500 specie
784 448 929 484 famave
950 453 1141 490 movetur,
1260 459 1307 483 ¹5⁰

105 593 188 622 minc
213 593 457 623 consuetudinis
476 604 550 623 cum
567 594 681 624 mulie-

104 649 137 668 re
165 639 335 679 descriptio
364 647 511 670 accurata
537 640 605 670 dari
631 640 682 670 de-

104 685 221 716 buerit.
240 685 338 726 Quod
349 688 384 716 in
400 688 511 716 ceteris
524 687 682 717 honestati

105 732 210 762 studet
228 739 322 773 poeta
334 755 342 769 ‚
361 732 401 762 ad
415 740 595 773 temporum
617 744 682 763 ma-

104 781 150 820 gis
163 789 259 819 qnam
271 778 311 807 ad
327 786 428 819 poetae
441 779 583 808 indolem
599 779 679 808 refe-

105 824 241 856 rendum
257 825 402 860 videtur,
419 824 575 854 diversam
593 824 679 853 scili-

105 877 155 902 cet
169 870 209 900 ab
234 872 406 901 Homerico
419 881 497 901 aevo.
509 870 605 910 Quod
624 870 680 900 de-

104 921 203 960 niqne
217 917 352 947 honesto
362 919 547 958 nuptiarum
557 927 592 946 ac
608 927 681 946 con-

103 967 186 1006 jugii
201 965 330 995 nomine
353 964 476 994 furtum
498 964 560 993 hoc
575 974 681 993 aman-

106 1013 188 1042 tium
204 1011 430 1051 praetenditur‚
445 1011 478 1041 id
498 1010 538 1040 ad
554 1020 681 1040 servan-

106 1058 178 1088 dam
203 1068 347 1098 personae
374 1056 559 1100 dignitatem
577 1058 612 1086 in
628 1059 680 1086 ΑΞ-

107 1115 166 1135 nea
190 1112 221 1135 et
246 1105 373 1135 Didone
400 1106 548 1145 pertinet.
567 1105 683 1134 Putant

108 1151 410 1193 Interpp.Calypsus
420 1151 604 1192 speluncam
611 1150 684 1179 Vir-

108 1198 184 1239 gilio
207 1198 414 1229 observatam.
439 1197 537 1238 Quod
558 1208 590 1227 v,
618 1196 681 1225 165

108 1245 168 1275 sub
197 1246 374 1286 ingressum
415 1244 576 1284 speluncae
615 1252 683 1272 non

102 1290 178 1332 pius
201 1292 342 1329 AEneas,
358 1290 413 1321 sed
435 1290 502 1320 dux
526 1289 682 1331 Trojanus

109 1337 301 1379 adpellatur‚
327 1339 445 1367 eximio
468 1344 571 1377 poetae
601 1334 682 1374 judi-

109 1387 160 1416 cio
174 1385 292 1415 factum
302 1407 311 1421 ‚
329 1385 463 1415 Steelius
478 1391 550 1424 post
568 1381 682 1414 Addis-

109 1442 224 1463 sonum
250 1431 431 1462 observasse
455 1431 572 1467 fertur3
587 1429 682 1459 nimis

111 1485 221 1520 argute
244 1480 367 1519 utique.
384 1479 465 1509 Nam
489 1478 586 1518 epicis
606 1486 682 1517 poe-

110 1527 149 1556 tis
176 1525 247 1555 talia
263 1536 322 1566 pro
347 1524 489 1565 simplici
506 1531 537 1554 et
552 1524 683 1564 proprio

112 1579 187 1602 sunt
212 1573 361 1609 nomine3
377 1572 496 1612 quippe
519 1581 590 1611 quae
615 1577 683 1599 tan-

112 1625 180 1649 tum
211 1618 250 1648 ad
275 1625 424 1648 ornatum
445 1624 476 1647 et
502 1618 684 1647 varietatem

113 1665 218 1695 valere
229 1665 358 1694 debent.

165 1712 240 1741 166.
256 1712 301 1740 Et
309 1716 380 1740 ante
399 1709 505 1739 Tellus
518 1708 627 1738 multis
636 1708 687 1737 ab·

114 1764 179 1793 est;
196 1759 302 1797 itaque
311 1756 470 1796 eleganter
479 1756 564 1793 conj.
575 1756 685 1785 Heius.

115 1803 234 1834 Primae
253 1803 359 1833 Tellus
373 1809 463 1841 etpr.
474 1803 504 1830 J.
517 1818 563 1823 -—-
578 1801 688 1829 166—-

121 1850 194 1880 168.
237 1849 322 1880 Mala
359 1849 544 1888 nuptiarum
582 1847 688 1876 omina

115 1907 259 1927 enarrare
312 1894 448 1925 debebat
494 1899 588 1934 poeta
604 1915 613 1930 ‚
659 1898 690 1922 et

116 1943 244 1974 videtur
277 1951 422 1973 enarrare
445 1949 453 1970 :
481 1947 605 1971 motum
631 1946 691 1969 ter-

81 2027 86 2032 ⁴
118 2000 176 2028 rae,
201 1990 280 2020 aeris
309 1989 464 2030 fragorem
494 1995 591 2017 vento
617 1997 691 2016 con-

117 2039 222 2074 citati,
242 2035 378 2066 suhnina
389 2059 397 2073 ,
413 2041 444 2064 et
457 2045 514 2075 per
532 2034 691 2065 montium

116 2085 191 2124 juga
210 2082 335 2113 auditos
353 2083 504 2113 clamores
519 2081 571 2111 vel
585 2080 690 2110 ulula-

119 2137 172 2160 tus
183 2152 191 2167 ,
210 2139 282 2170 quae
299 2131 425 2166 omnia,
457 2139 531 2159 cum
559 2135 693 2167 tempes-

119 2182 182 2206 tate
198 2183 230 2206 et
249 2176 388 2217 procella
403 2186 516 2217 magna
530 2174 692 2205 interdum

121 2224 290 2262 conjuncta
306 2246 314 2261 ‚
347 2233 434 2253 nunc
468 2222 618 2263 praeclare
652 2219 692 2249 ad

736 593 808 623 deas
826 592 988 633 pronubas
999 614 1008 627 ,
1025 593 1187 622 Tellurem
1204 597 1234 621 et
1251 592 1309 620 Ju—

736 650 872 676 nonem,
907 646 938 668 et
967 638 1006 668 ad
1028 637 1213 679 Nymphas,
1241 644 1308 667 tan-

735 696 831 726 quam
849 696 976 715 carmen
989 685 1132 725 nuptiale
1146 690 1293 713 canentes
1302 707 1309 720 ,

733 732 927 761 referuntur.
945 731 986 760 cf.
1001 731 1095 762 Ovid.
1111 731 1210 770 Epist.
1226 731 1288 760 VII
1301 754 1310 767 ‚

733 778 796 818 95,
820 778 875 816 96.
891 776 1003 805 Prima
1027 777 1136 806 malini
1162 787 1222 816 pro
1243 777 1310 816 pri-

734 832 819 853 mum
838 823 982 862 accipere
1003 822 1162 864 (argutari
1184 822 1313 853 videbe-

732 871 777 900 ris
787 893 795 907 ,
814 871 840 900 si
855 881 872 900 e
888 869 1116 899 vetustioribus
1133 869 1192 899 diis
1204 870 1311 899 Gaeam

734 927 799 947 esse
813 916 962 957 dixeris).
977 915 1139 945 Ululatum
1151 916 1313 957 Nympha-

733 973 806 993 rum
821 962 974 1003 Apollon.
990 963 1057 999 111,
1080 962 1179 999 1218,
1195 973 1312 993 memo-

734 1017 799 1040 rat:
819 1008 851 1039 αἱ
865 1005 895 1039 δ’
912 1005 1059 1045 ὀλόλυξαν
1074 1007 1205 1051 Νύμφαι
1222 1007 1311 1039 ἑλειε-

734 1055 822 1099 νόμοι
840 1050 1052 1097 notatu-nida,
1067 1055 1126 1085 uhi
1144 1065 1310 1095 praecesse-

735 1111 784 1134 rat
798 1114 805 1134 :
820 1101 916 1133 πίσεα.
930 1098 961 1131 δ’
975 1100 1084 1144 ἔτρεμε
1100 1100 1217 1132 πάντα.
1233 1103 1312 1132 [lu-

736 1150 802 1180 lant
821 1150 900 1180 adeo
922 1159 988 1189 prae
1015 1156 1136 1179 terrore
1158 1154 1189 1178 et
1216 1159 1311 1178 sensu

737 1197 842 1237 magni
868 1196 953 1226 mali.
979 1195 1114 1225 Alienus
1138 1196 1246 1235 itaque
1265 1203 1310 1225 est

735 1243 877 1273 ululatus
902 1243 936 1272 in
963 1243 1058 1271 sacris
1087 1240 1157 1271 fieri
1186 1242 1308 1272 solitus.

735 1290 844 1320 Tellus
857 1287 1019 1318 interdum
1039 1298 1113 1317 cum
1128 1290 1240 1324 Vesta,
1260 1290 1308 1317 in-

735 1343 784 1366 ter
798 1335 870 1365 deas
884 1336 1071 1375 nuptiarum
1086 1336 1230 1375 auspices
1240 1358 1248 1371 ,
1267 1342 1312 1364 est

734 1389 926 1419 memorata,
944 1392 985 1412 ex
1014 1381 1181 1422 disciplina
1202 1383 1312 1411 Etrus-

736 1440 771 1459 ca
789 1428 843 1470 (v.
863 1431 950 1460 Serv.
968 1427 1008 1458 ad
1031 1427 1063 1458 h.
1088 1428 1110 1458 l.
1136 1435 1168 1458 et
1191 1430 1310 1458 Passer.

738 1478 814 1506 Vas.
830 1477 955 1506 Etrusc.
974 1482 1052 1506 tom.
1069 1477 1102 1512 1,
1119 1486 1151 1516 p.
1174 1474 1235 1513 4);
1253 1486 1311 1505 nec

736 1524 870 1560 mirum,
891 1524 917 1552 si
931 1522 1093 1552 Tellurem
1121 1524 1312 1563 genetricem

737 1577 770 1600 et
784 1570 926 1599 altricem
944 1570 1090 1599 omnium
1106 1579 1213 1598 rerum
1231 1571 1315 1608 cogi-

738 1624 794 1647 tes.
826 1616 918 1646 Conf.
957 1615 1116 1655 Orphicos
1143 1617 1291 1656 Hymnos
1307 1639 1314 1647 .

739 1664 845 1693 XXV.
856 1679 903 1684 -
920 1661 995 1692 168.
1013 1661 1187 1692 Connubiis
1201 1662 1312 1691 Heius.

740 1719 757 1738 e
770 1708 957 1738 melioribus
965 1715 1038 1748 post
1047 1708 1186 1738 Pierium
1195 1730 1202 1743 ‚
1214 1717 1314 1737 assen-

740 1756 839 1784 tiente
871 1761 1037 1794 poetarum
1057 1764 1140 1790 usu;
1157 1753 1209 1783 alii
1234 1753 1315 1783 Con-

742 1799 841 1830 mtbt't'.
864 1800 1016 1830 Rottend.
1054 1799 1200 1841 conjugii
1223 1810 1239 1828 a
1270 1811 1312 1830 tn.

741 1857 791 1886 pr.
824 1845 964 1875 conubio
990 1857 1046 1876 un.
1075 1847 1156 1876 Pier.
1181 1846 1312 1876 Connu-

742 1892 802 1922 biis
817 1903 881 1922 esse
903 1892 1099 1923 metiendum
1110 1915 1118 1930 ,
1130 1893 1194 1931 jam
1210 1894 1313 1923 mom'-

742 1946 811 1969 tum
826 1939 899 1969 fuit.

796 1986 871 2024 169.
887 1987 962 2015 Dies
977 1984 1154 2029 ἀρχέκακος
1168 1987 1315 2016 Homeri-

745 2044 784 2064 co
798 2043 870 2063 voc.
888 2031 977 2064 Iliad.
1000 2043 1033 2069 ε,
1055 2033 1110 2063 63.
1139 2034 1224 2064 Mox
1250 2044 1317 2073 spe-

743 2080 822 2115 cies,
843 2089 903 2120 pro
924 2079 1041 2111 decoro
1064 2080 1204 2120 positum
1227 2079 1315 2109 vide·

744 2134 798 2158 tur
814 2136 822 2157 :
838 2127 903 2156 fere
921 2133 974 2164 ut,
990 2126 1135 2168 speciosa
1156 2137 1225 2164 res,
1244 2137 1314 2167 spe-

744 2174 864 2204 ciosum
885 2184 1012 2204 nomen.
1039 2175 1115 2205 Non
1134 2173 1199 2212 jam
1220 2172 1316 2203 dede-

745 2222 828 2252 coris
842 2220 893 2251 vel
903 2221 1040 2253 infamiae
1053 2227 1142 2251 metu
1160 2226 1318 2250 movetur.
