1433 2460
183 161 245 180 100

682 147 877 178 AEx‘Emos

176 208 407 254 pallamque,
426 211 459 239 ct
479 204 621 253 pictum
639 216 776 241 crocco
793 205 962 242 velamen
982 207 1155 244 acantho.

176 267 367 315 l'raecipuu
388 265 536 312 infelix,
554 266 649 316 pesti
667 266 804 304 devota
828 268 986 313 sumrae,

174 327 324 376 lzxplvri
345 335 505 363 menti-ni
525 327 675 376 nequit,
697 327 934 377 ardescitque
953 329 1093 365 tuendo

174 388 381 432 Plnrnizsa,
398 397 433 424 ct
455 388 598 436 pariter
617 401 737 437 puero
751 417 760 434 ‚
784 389 970 439 ‹lonis-quc
992 399 1179 427 movetur.

225 447 309 492 11¹0,
327 446 391 483 ubi
415 447 614 496 complexu
639 449 786 494 ΛΞΜ-33,
808 450 982 499 colloque
1002 451 1202 500 pepi-iniit,

171 511 215 544 lit
236 521 412 557 inagnum
436 508 514 544 salsi
537 508 705 557 implevit
725 509 906 557 genitoris
923 524 1112 558 amorem,

175 570 350 617 Rvginain
371 569 474 618 petit.
494 572 583 605 llice
605 570 742 614 oculis,
764 570 844 622 haec
864 580 1017 619 pectore
1036 581 1115 607 toto

171 633 318 675 Haeret,
336 639 372 665 ct
392 629 580 666 interdum
599 630 744 679 gremio
768 630 887 677 sovct;
909 631 1025 667 inscia
1046 631 1146 668 Dido

171 691 312 728 insidat
329 699 491 740 quantus
510 691 655 728 miscrae
674 692 786 727 dous!
806 694 854 727 At
876 704 1022 727 memor
1040 692 1100 727 illc

168 807 247 835 Mox
262 804 383 844 pictum
401 804 500 834 intell.
524 804 556 834 h.
580 804 599 834 l.
616 805 744 833 circum-

166 859 287 881 textum
299 874 307 887 ,
323 862 363 880 cx
379 852 457 890 (3⁴29.

217 909 231 935 ’ς
244 909 254 927 1
264 909 348 936 2—3·
361 908 371 926 1
381 904 410 933 4.
429 896 517 926 Posti
529 897 641 926 devota
655 896 743 938 fittn-

166 956 210 974 ra·
229 941 354 982 δεινῶς,
373 954 432 984 pro
459 944 558 972 amori
587 944 742 973 exitiabili

164 990 335 1028 destinata,
363 1001 400 1019 co
432 1000 537 1019 amore
568 990 631 1027 jain
665 1000 740 1019 con-

164 1045 255 1067 tacta.
273 1039 328 1066 vis
338 1037 463 1077 poetica
473 1046 550 1065 mox
563 1036 596 1064 in
606 1047 643 1065 eo
652 1036 741 1076 quod

164 1091 303 1114 mentem
323 1083 427 1116 addit,
449 1089 479 1112 ct
494 1081 582 1122 quod
604 1082 744 1112 ardescit

165 1137 196 1159 vt
224 1129 312 1170 quod
340 1129 456 1158 luendo
485 1139 544 1169 pro
570 1128 738 1159 intuendo.

164 1177 246 1206 Mox
272 1183 412 1205 movetur
426 1185 500 1204 cuiu
525 1174 644 1204 dilectu
666 1175 738 1215 plus

163 1232 260 1262 quam
271 1245 279 1259 ,
308 1222 506 1257 delectatur,
541 1229 675 1251 tenetur.
692 1239 738 1244 —-

166 1275 243 1306 714.
267 1268 403 1309 Vulgata
428 1274 493 1297 erat
510 1277 632 1307 :puero
651 1267 739 1307 pari-

163 1321 212 1344 ter
223 1314 390 1354 donisque.
411 1313 539 1344 Pariter
550 1325 649 1354 puero
668 1324 736 1344 om-

162 1361 254 1389 nium
276 1360 434 1390 librorum
450 1361 562 1397 Pierii,
578 1361 687 1389 Heius.
706 1368 738 1389 et

162 1407 271 1437 Burm.
286 1406 381 1436 lectio
391 1412 447 1443 est,
462 1416 557 1446 quam
568 1407 663 1435 etiam
677 1406 736 1436 Ca-

161 1452 255 1481 risius
280 1453 436 1492 agnoscit,
461 1458 497 1481 ut
524 1453 646 1480 miren's
669 1462 737 1481 eam

159 1508 228 1527 non
243 1508 307 1527 esse
322 1504 481 1538 receptam
496 1507 503 1528 :
520 1497 555 1526 id
567 1498 737 1537 quodcum

159 1543 363 1574 Brunckiov.
377 1544 509 1574 C.nuuc
520 1544 649 1573 fecimus
663 1554 670 1574 :
686 1545 735 1574 in-

158 1591 270 1631 primis
281 1601 354 1619 cuin
365 1590 567 1620 observatum
581 1589 674 1620 nobis
683 1592 734 1627 sit,

159 1637 245 1667 illam
264 1638 347 1666 inter
369 1636 446 1667 duas
463 1648 556 1667 voces
570 1637 733 1677 copulatas

159 1690 214 1713 aut
226 1684 310 1712 inter
326 1694 443 1713 nomen
460 1690 491 1713 et
506 1683 671 1723 epitheton
686 1684 733 1713 in-

158 1729 365 1770 terponendae
386 1730 472 1760 vocis
488 1730 645 1759 rationem
667 1740 733 1759 esse

158 1776 375 1816 exquisitioris
405 1777 516 1816 utique
549 1776 728 1817 elegantiae,

157 1823 335 1853 naturalem
361 1829 468 1852 autem
483 1823 571 1852 hunc
592 1823 731 1863 positum

157 1869 268 1909 priscae
282 1869 490 1909 simplicitatis
505 1875 536 1898 et
551 1870 732 1907 majestatis.

206 1926 221 1953 7
234 1915 283 1945 16.
301 1914 503 1945 Desiderium
518 1926 558 1945 ex
572 1915 712 1945 absentia
722 1938 731 1954 ‚

157 1972 221 2001 quo
239 1968 328 2002 pater
343 1962 512 1991 tenebatur
522 1984 530 1998 ‚
546 1962 630 1991 dixit
646 1972 734 1991 amo-

158 2017 224 2036 rem
240 2019 413 2048 magnum,
427 2019 522 2049 quem
543 2019 624 2049 puer
644 2018 732 2037 nunc

157 2054 298 2094 explevit
309 2077 317 2091 ,
351 2056 475 2084 satiavit
486 2077 494 2091 ‚
516 2055 674 2095 amplexu.
684 2072 731 2076 —

161 2110 176 2136 7
188 2110 223 2137 17
242 2107 273 2129 et
286 2110 351 2141 seq.
376 2102 485 2131 Hoeret
509 2102 544 2131 in
567 2111 668 2141 puero
682 2118 729 2123 ——

154 2146 396 2186 gremiofovec,
415 2155 516 2183 tenet,
536 2154 573 2177 ut
587 2147 645 2177 inf.
669 2146 726 2177 lib.

157 2192 215 2227 IV,
230 2203 260 2222 v.
283 2193 342 2230 84,
371 2194 425 2225 85.
444 2194 519 2225 Noli
549 2205 589 2224 ex
615 2199 727 2223 nostro

156 2237 287 2268 sedendi
326 2250 413 2270 more
450 2241 601 2270 aestimare
618 2239 727 2282 (quod

154 2285 248 2314 etiam
263 2285 424 2316 Valesium
447 2287 558 2318 fefellit
579 2289 613 2318 in
629 2286 726 2317 Vale-

797 805 892 833 sianis
910 816 940 844 p.
958 806 999 834 03
1013 805 1023 844 )
1035 805 1105 841 ;se‹l
1117 805 1375 837 accumbentium

796 851 874 879 situs
887 852 993 880 auium
1010 859 1056 881 cst
1077 853 1349 891 repraesentandus
1364 864 1371 884 Ζ

796 897 850 936 qui
868 897 955 926 alteri
972 898 1117 937 proxime
1127 898 1306 936 accumbit,
1325 910 1374 940 ap-

795 943 893 982 plicat
925 954 957 973 sc
983 945 1049 981 ejus
1076 945 1159 973 sinui
1187 954 1222 972 ac
1239 947 1369 985 gremio.

795 989 884 1019 Iulus
897 990 961 1026 jani
980 996 1045 1019 tum
1058 989 1231 1030 pubescere
1241 991 1351 1021 debuit
1362 1016 1370 1030 ‚

794 1036 819 1064 si
836 1035 965 1075 quidem
983 1043 1053 1065 ante
1070 1043 1189 1076 septeni
1206 1047 1305 1067 anuos
1321 1049 1371 1078 pa-

796 1082 850 1111 tris
874 1081 974 1111 ductu
999 1093 1015 1111 e
1038 1083 1133 1120 Troja
1156 1094 1296 1124 egressus
1311 1092 1367 1115 est.

795 1127 883 1157 Idem
904 1129 968 1165 IV,
988 1128 1029 1158 56
1050 1129 1190 1159 exsultat
1215 1131 1299 1159 inter
1315 1142 1367 1161 ve-

793 1181 921 1211 nantes;
937 1181 967 1204 et
983 1175 1038 1206 lib.
1054 1177 1100 1206 IX
1112 1198 1120 1211 ‚
1137 1177 1166 1205 ei
1182 1186 1303 1206 summa
1318 1188 1366 1207 re-

792 1231 863 1250 rum
879 1221 1022 1250 creditur
1044 1222 1078 1252 in
1096 1222 1203 1251 castris
1214 1245 1222 1259 ‚
1237 1222 1367 1254 absente

792 1274 891 1307 patre.
917 1267 1044 1297 Illiseroe
1068 1279 1128 1308 pro
1150 1267 1226 1304 sibi,
1250 1276 1368 1308 quanta

793 1323 865 1342 cum
882 1315 931 1344 vi!
949 1320 979 1344 et
999 1325 1039 1343 ex
1054 1321 1158 1354 poetae
1175 1315 1367 1355 cogitatione

793 1366 823 1389 et
846 1370 941 1390 sensu
969 1360 1091 1401 egregie
1120 1366 1166 1390 est
1187 1362 1366 1391 insertum:

791 1404 893 1434 inscia
911 1406 996 1435 Dido
1010 1406 1139 1435 Insidat
1154 1414 1292 1446 quantus
1308 1407 1367 1437 mi-

790 1462 870 1480 sera»
888 1451 976 1482 deus.
1001 1451 1156 1482 Acidalia
1179 1454 1289 1482 Venus
1300 1475 1309 1490 ‚
1326 1453 1367 1483 ab

791 1497 938 1526 Acidalio
952 1497 1040 1527 fonte
1049 1520 1056 1534 ‚
1067 1499 1125 1538 qui
1139 1505 1185 1527 est
1196 1499 1231 1528 in
1244 1498 1367 1530 Orcho-

790 1554 885 1573 meno
901 1544 1032 1573 Boeotiae
1047 1545 1174 1574 civitate
1184 1566 1192 1581 ,
1209 1545 1244 1574 in
1257 1555 1321 1585 quo
1334 1556 1367 1575 se

791 1590 909 1619 Gratiae
924 1589 1046 1626 lavant,
1068 1601 1144 1630 quas
1158 1592 1278 1620 Veneri
1293 1601 1367 1621 con-

789 1642 849 1664 stat
873 1646 938 1665 esse
955 1642 1105 1666 sacratas:
1121 1638 1208 1666 Serv.
1226 1636 1365 1667 Abolere

788 1681 946 1711 Siclzaeum
957 1705 966 1718 ,
994 1681 1026 1712 h.
1058 1693 1085 1712 e.
1112 1682 1225 1712 Sichaei
1245 1693 1363 1713 memo—

786 1728 865 1757 riam
874 1751 883 1764 ,
897 1728 1087 1757 desiderium
1096 1751 1104 1765 ‚
1114 1738 1264 1759 amorem.
1274 1731 1362 1759 Proe-

786 1783 904 1804 vertere
935 1775 1091 1814 exquisite
1122 1785 1182 1815 pro
1202 1775 1362 1815 simplici,

787 1831 943 1861 occupare
961 1831 1077 1852 amore.
1091 1822 1173 1852 Nam
1183 1844 1192 1859 ‚
1207 1820 1296 1862 quod
1311 1833 1365 1852 oc-

788 1877 940 1908 cupamus
951 1890 959 1905 ,
976 1869 1011 1897 in
1036 1878 1074 1898 eo
1089 1867 1184 1897 simul
1199 1870 1362 1908 praeverti-

786 1924 857 1943 mus
876 1914 970 1951 alios,
992 1925 1033 1944 ne
1056 1920 1224 1954 occupent.
1242 1915 1362 1944 Amore

785 1960 876 1997 vivo,
895 1968 931 1990 ut
934 1961 1082 2003 flamma
1101 1960 1179 1990 viva
1191 1970 1204 1989 .·
1223 1970 1298 2000 opp.
1315 1971 1363 1990 re-

785 2006 869 2036 sides
894 2007 1015 2044 animi,
1043 2007 1164 2036 animus
1192 2005 1231 2035 ad
1255 2016 1363 2036 aman-

785 2052 881 2090 dum,
902 2060 938 2082 ut
959 2053 1040 2082 bene
1062 2053 1209 2088 Servius,
1230 2053 1316 2082 iners
1330 2060 1362 2083 et

783 2100 839 2139 qui
855 2098 1000 2128 desuevit
1016 2109 1128 2128 amare.
1143 2099 1360 2129 Amorautem

779 2145 879 2185 puber
907 2144 939 2174 h.
965 2144 987 2174 l.
1000 2167 1008 2181 ‚
1041 2151 1077 2174 ut
1109 2145 1143 2173 in
1173 2151 1236 2176 vet.
1262 2146 1360 2187 sig-nis

781 2191 867 2232 apud
876 2190 1070 2222 Winckelm.
1087 2190 1167 2235 Οἷά.
1180 2193 1222 2222 K.
1234 2202 1266 2232 p.
1279 2193 1357 2222 233.

780 2255 826 2261 —
839 2248 853 2275 7
864 2248 915 2278 19.
927 2237 1056 2267 Insidat
1071 2238 1211 2268 Medicei
1227 2244 1259 2268 et
1274 2239 1357 2278 opti-

779 2295 906 2315 morum
923 2283 1017 2315 codd.
1035 2295 1084 2326 ap.
1101 2285 1212 2316 Heius.
1228 2291 1275 2315 est
1291 2284 1355 2314 lec-
