1402 2460
389 224 938 294 EXCURSUS
989 223 1019 289 I

492 384 574 426 AD
595 384 830 426 LIBRUM
851 384 909 425 II.

434 531 508 572 De
564 543 681 590 equo
743 528 957 586 Trojano.

143 663 173 692 11
187 685 194 699 ,
215 662 252 692 15
263 684 271 699 ‚
295 661 347 691 16.
370 662 420 691 De
447 671 526 701 equo
550 660 687 701 Trojano
711 660 889 700 epis-odium
919 672 959 690 ex
985 661 1138 690 Pisandro
1161 663 1294 702 petitum

95 728 159 747 esse
172 741 179 755 ,
197 724 227 748 et
241 717 318 747 falso
341 727 357 746 a
380 716 548 747 Macrobio
574 716 742 752 traditum,
758 717 821 755 jam
838 715 1016 746 notandum
1035 718 1225 748 curavimus.
1242 719 1297 747 Vi-

93 771 223 801 deamus
241 772 356 812 igitur,
373 781 413 801 an
443 770 602 811 probabili
624 771 726 810 aliqua
749 771 873 800 ratione
898 770 1043 810 expediri
1061 771 1181 810 possit,
1202 781 1296 812 quem

93 826 189 855 alium
205 833 365 856 auctorem
381 832 534 865 sequutus
549 826 589 854 sit
604 831 708 865 poeta.

139 884 300 912 Homerus
319 883 383 920 jam
410 880 500 911 Iliad.
519 892 542 911 ω
557 904 565 919 ,
587 891 625 919 71
647 880 842 910 mentionem
867 880 912 909 rei
933 879 1103 910 obscuram
1121 880 1291 918 injecerat,

95 933 188 966 εἰσόν]
198 927 312 976 Ᾱχαιοὶ
323 928 398 966 Ϊλιον
412 933 489 966 αἰπὺ
501 933 607 974 ἕλοιεν,
618 926 767 970 Ᾰθηναὶης
781 932 836 966 διὰ
850 933 974 974 βουλαῖς.
986 935 1090 976 (Quos
1103 946 1119 965 a
1133 935 1293 976 rhapsodo

87 991 222 1020 insertos
241 1001 306 1021 esse
323 991 447 1021 videbis
465 991 500 1020 iu
519 990 611 1021 Obss.
627 990 665 1020 ad
685 1001 711 1021 e.
730 988 773 1031 l.)
789 990 849 1020 Sed
878 990 1026 1020 disertius
1044 990 1130 1020 idem
1145 990 1183 1019 de
1208 1000 1292 1029 equo

87 1045 151 1085 egit
165 1044 281 1085 Odyss.
299 1044 334 1083 θ,
353 1050 417 1085 492
430 1055 438 1082 ;
450 1040 487 1082 ὃ,
506 1055 544 1082 27
556 1055 568 1074 1
591 1055 659 1085 sqq.
680 1045 766 1074 Huic
785 1051 935 1084 tanquam
958 1043 1166 1074 fundamento
1187 1054 1293 1084 super-

87 1105 207 1129 structa
220 1098 281 1128 fuit
290 1100 492 1129 communior
505 1099 611 1139 aliqua
623 1100 774 1136 narratio,
787 1109 883 1139 quam
897 1099 1012 1139 partim
1029 1109 1045 1128 a
1057 1097 1208 1134 Leseheo,
1225 1108 1293 1138 par-

87 1152 147 1182 tim
166 1151 207 1182 ab
226 1154 362 1184 Arctino
390 1155 425 1183 in
445 1147 525 1184 Ῐλίου
548 1150 687 1196 πέρσιδι,
707 1154 767 1183 nisi
783 1154 950 1193 utriusque
971 1152 1055 1182 idem
1075 1153 1137 1182 fuit
1162 1159 1291 1189 auctor,

87 1208 263 1247 expositam
278 1218 343 1238 esse
353 1231 361 1247 ,
375 1219 415 1238 ex
432 1208 538 1238 Procli
560 1207 737 1248 fragmento
753 1207 904 1237 discimus
920 1216 927 1237 :
944 1213 1119 1247 utrumque
1137 1205 1292 1246 Virgilius

85 1268 238 1302 sequutus
253 1273 318 1292 esse
333 1262 460 1293 videtur
470 1287 478 1300 ‚
502 1269 539 1292 ut
552 1274 593 1293 ex
605 1264 841 1303 comparatione
853 1261 1052 1302 intelligitur.
1067 1261 1209 1301 Quintus
1225 1260 1290 1290 Cal.

86 1317 164 1353 XII,
187 1317 249 1352 134
265 1327 334 1357 sqq.
347 1317 495 1356 copiosus
506 1323 553 1346 est
567 1316 625 1346 hac
634 1318 668 1346 in
686 1327 740 1354 re3
757 1324 787 1346 et
809 1316 949 1346 occurrit
963 1325 1063 1355 equus
1077 1314 1235 1352 Trojanus
1252 1315 1291 1343 si-

84 1368 152 1398 mili
168 1369 232 1399 fere
248 1369 350 1400 forma
371 1380 407 1400 ac
430 1376 513 1399 statu
531 1370 566 1399 in
585 1369 707 1400 Tabula
722 1369 834 1406 Iliaca,
851 1379 923 1408 quae
935 1370 969 1398 in
984 1368 1040 1398 hac
1056 1375 1145 1408 parte
1158 1368 1288 1398 Iliadem

83 1432 211 1463 parvam
226 1425 316 1464 sequi
330 1422 509 1464 profitetur.
524 1424 656 1453 Diverse
668 1430 773 1452 tamen
789 1423 955 1460 nonnulla,
975 1433 1049 1452 cum
1059 1433 1075 1451 a
1085 1428 1206 1459 nostro,
1222 1429 1289 1451 tum

84 1486 100 1506 a
113 1478 225 1507 ceteris
240 1478 342 1518 poetis
355 1485 386 1508 et
397 1478 605 1519 grammaticis
617 1479 739 1507 narrari
750 1476 874 1513 videas3
887 1476 929 1507 cf.
944 1478 1065 1518 Hygia.
1079 1477 1101 1507 f.
1123 1478 1185 1507 108
1196 1499 1204 1514 ‚
1218 1486 1290 1517 quae

83 1532 149 1572 ipsa
165 1543 214 1562 res
230 1539 416 1574 argumento
431 1540 492 1571 est,
507 1533 625 1563 multos
646 1544 687 1563 ex
703 1533 940 1573 antiquioribus
952 1535 1054 1576 poetis
1068 1535 1106 1564 in
1129 1544 1164 1564 ea
1183 1544 1288 1563 narra-

84 1589 171 1618 tione
190 1587 330 1619 ornanda
340 1598 469 1629 operam
486 1589 667 1620 collocasse.
681 1589 797 1619 Heleni
811 1589 944 1619 consilio
956 1600 1075 1630 equum
1087 1595 1286 1618 exstructum

80 1654 162 1681 esse,
183 1643 335 1674 traditum
348 1644 388 1674 ab
405 1643 472 1673 aliis
489 1653 496 1673 :
515 1655 545 1674 v.
561 1644 686 1674 Conon.
705 1644 758 1678 34.
769 1644 813 1673 At
822 1644 978 1673 Minervae
994 1644 1120 1672 monitu
1131 1664 1140 1679 ‚
1154 1642 1286 1672 Proclus

81 1710 97 1729 e
113 1697 250 1729 Lescheo
266 1708 273 1729 :
291 1696 345 1729 zati
360 1692 470 1733 Επειὸς
488 1700 560 1728 κατ’
572 1690 690 1733 Ᾰθηνᾶς
703 1695 880 1740 προοίιρεσιν
891 1695 942 1727 τὸν
958 1696 1097 1739 Ampe-{ov
1118 1694 1212 1727 ἵππον
1230 1707 1285 1727 κα-

81 1751 274 1788 τασκευάζει.
292 1755 431 1793 Panopei
453 1754 506 1783 ille
516 1752 602 1783 filius
612 1775 620 1790 ,
633 1752 805 1783 Phocensis
815 1775 823 1790 ‚
838 1748 937 1794 genus
956 1751 997 1781 ah
1012 1753 1108 1781 AEaco
1124 1750 1261 1781 ducebat
1276 1760 1283 1780 :

80 1819 110 1838 V.
129 1810 262 1839 Pausan.
280 1810 329 1846 ΙΙ,
345 1819 387 1848 29
399 1832 407 1845 ,
422 1820 454 1849 p.
480 1810 554 1848 178.
578 1808 671 1839 Unde
697 1807 841 1849 intelligo
853 1830 861 1845 ‚
881 1806 1044 1848 quomodo
1063 1807 1116 1837 ille
1132 1802 1283 1841 Αἰακίδης

80 1864 256 1904 appellatus
270 1864 311 1893 sit
327 1863 412 1905 apud
433 1866 580 1894 Tzetzam
598 1865 633 1894 in
647 1862 808 1894 Posthom.
824 1863 865 1892 63
873 1873 903 1893 2.
920 1862 974 1892 Ad
990 1872 1085 1902 quem
1098 1861 1208 1892 locum
1225 1861 1283 1891 alia

81 1920 120 1950 de
135 1930 173 1950 eo
187 1920 310 1950 notavit
324 1919 452 1950 Jacobs.
465 1917 581 1961 (Nunc
596 1931 627 1950 v.
645 1919 737 1950 obss.
754 1918 792 1948 ad
808 1918 897 1948 Iliad.
912 1915 950 1959 ψ,
969 1918 1035 1953 654
1045 1941 1053 1955 ,
1067 1917 1125 1947 ubi
1138 1917 1192 1947 ille
1207 1927 1283 1958 pro-

81 1973 127 2003 'dit
150 1973 296 2015 pugilatu
325 1980 524 2004 certaturus:
544 1980 581 2003 ut
605 1984 655 2014 ap.
677 1974 836 2014 Quintum
849 1974 914 2009 IV,
934 1973 1000 2008 324
1022 1982 1069 2011 sq.
1087 1970 1188 2012 Apud
1204 1973 1283 2001 Lan-

81 2030 165 2058 zium
178 2036 200 2059 t.
218 2031 248 2059 II
263 2040 294 2070 p.
312 2031 376 2059 223
397 2036 502 2070 patera
518 2036 564 2059 est
579 2030 726 2066 Etrusca,
745 2029 779 2058 in
797 2039 858 2068 qua
872 2030 958 2069 Epeo
982 2027 1082 2058 adstat
1095 2027 1261 2057 Vulcanus
1272 2049 1280 2063 ‚

81 2082 144 2113 tab.
157 2083 221 2113 XII
231 2080 305 2123 ,'3.)
320 2085 356 2113 In
372 2083 599 2125 Tryphiodoro
610 2094 639 2113 V.
653 2084 693 2113 61
716 2089 747 2112 et
762 2084 796 2112 in
810 2083 951 2112 Petronii
968 2081 1069 2112 halosi
1084 2082 1188 2120 Trojae
1208 2080 1279 2110 rhe-

79 2139 210 2167 toricam
233 2137 437 2168 ambitionem
463 2138 553 2168 facile
567 2148 725 2179 agnoscas.
745 2138 888 2178 Ineptior
906 2143 1010 2166 tamen
1022 2135 1277 2177 Tryphiodorus.

79 2195 221 2232 Operum
234 2192 465 2223 nonnullorum
481 2193 595 2223 veteris
610 2194 683 2223 artis
698 2198 920 2233 argumentum
934 2191 994 2222 fuit
1015 2190 1068 2222 hic
1081 2191 1166 2221 idem
1180 2201 1278 2232 equus
