1433 2460
93 105 102 123 1
116 95 154 122 'lo

607 94 796 124 n-:wzlnos

87 154 278 203 objicitur
300 151 434 199 magis,
453 160 566 201 atque
583 152 796 202 improvida
819 159 971 201 pectora
995 151 1132 188 turbat.
1235 167 1284 183 rm

88 218 283 257 Lam-oon,
301 212 436 248 (luctus
453 214 630 262 Neptuno
651 222 752 249 sorte
775 213 971 258 sacerdos,

89 274 274 310 soth-nnis
295 281 445 308 taurum
464 272 651 322 ingentem
673 272 861 309 mactabat
881 273 926 310 ad
947 285 1041 308 aras.

89 335 184 370 Ecce
200 341 324 368 autem
341 331 480 381 gemini
496 344 515 367 a
535 332 689 368 Tenedo
711 333 911 382 tranquilla
935 346 1001 381 per
1021 333 1093 367 alta

89 394 302 442 (Horresco
323 390 512 440 reserens)
535 390 724 427 immensis
741 391 900 428 orbibus
918 404 1058 440 angues

89 451 316 490 Ineumbunt
334 452 486 501 pelago,
507 451 727 500 pariterque
750 451 796 488 ad
817 452 927 488 litora
948 450 1105 487 tendunt
1123 467 1130 487 :

1241 460 1290 484 205

90 516 246 550 Pectora
262 523 424 562 quorum
443 511 541 547 inter
561 511 697 548 fluctus
714 509 885 555 adrem,
897 509 1077 560 jubaequc

92 651 130 691 β,
160 663 239 684 vers.
268 654 332 683 305
355 663 444 693 sqq.‚
465 664 529 693 quo
551 654 665 684 Nestor

91 707 250 730 ostentum
274 700 405 730 Achivis
424 700 541 730 Aulide
555 701 663 730 occlu-

92 747 133 776 sis
153 746 314 785 objectum
334 753 504 782 memorat,
525 747 663 787 Virgilio

93 800 164 822 aute
189 793 299 823 oculos
333 792 446 827 fuisse,
480 794 662 831 conjectura

93 847 138 869 est
178 840 334 880 ingeniosi
379 840 439 868 xiri
458 861 466 875 ‚
506 839 658 875 Ilercleri,

92 892 172 926 part.
188 887 221 922 1,
259 897 329 927 pag.
349 885 391 925 98
418 896 503 925 seqq.
523 889 584 917 Res
616 887 663 926 ip-

93 942 134 961 sae
152 933 234 961 inter
247 943 278 961 se
298 933 369 961 satis
385 931 524 972 dispares
542 943 607 962 esse
621 933 665 961 vi-

93 977 228 1015 dentur;
244 978 389 1008 formulae
405 985 519 1014 tamen,
536 988 596 1018 qua
612 989 664 1007 or-

93 1023 180 1054 ditur
202 1031 335 1063 uterque
360 1025 591 1060 narrationem,
620 1032 666 1054 est

93 1071 197 1111 aliqua
212 1070 397 1100 similitudo.
427 1070 582 1111 Objicitar
606 1070 666 1100 ele-

95 1123 226 1157 ganter,
250 1124 286 1145 ut
309 1116 348 1145 de
364 1117 495 1146 ostentis
519 1123 550 1146 et
571 1116 666 1146 rebus

93 1163 181 1191 miris
199 1162 248 1191 vel
273 1163 462 1203 inopinatis,
491 1173 570 1203 pro,
597 1173 665 1192 eve-

53 1204 59 1207 *
94 1208 151 1238 nit.
181 1209 364 1249 Improvida
394 1217 526 1249 peccora
538 1231 546 1246 ,
578 1209 610 1239 h.
637 1219 664 1239 e.

92 1254 258 1293 Trojanos,
270 1256 325 1295 qui
340 1255 399 1285 tale
413 1255 492 1296 quid
506 1266 572 1285 non
587 1266 666 1295 prae-

92 1300 248 1331 viderant.
268 1303 484 1341 Repentinum
511 1308 541 1330 et
564 1303 667 1342 inopi-

92 1354 203 1377 natum
216 1347 397 1388 prodigium
411 1347 499 1388 quod
508 1347 586 1377 adeo
602 1354 666 1377 tan-

93 1399 126 1423 to
143 1394 240 1434 magis
262 1395 383 1423 animos
406 1394 513 1423 turbat
535 1405 569 1424 ac
592 1405 664 1435 per-

93 1439 189 1469 cellit.
213 1439 297 1470 conf.
320 1440 430 1471 Cerda.
447 1458 492 1463 ——-
508 1451 584 1471 200.
608 1440 666 1470 Ob-

88 1485 200 1527 jicilur
228 1494 403 1516 monstrum
423 1488 524 1528 Bigot.
545 1486 605 1517 Sed
631 1486 665 1516 id

90 1533 153 1570 jam
167 1534 232 1573 peti
248 1540 373 1572 poterat
387 1544 427 1563 ex
446 1544 458 1562 1
468 1544 482 1571 7
494 1543 505 1562 1
527 1535 596 1563 Nec
611 1533 664 1562 du-

93 1578 150 1608 biis
160 1589 199 1608 ea
208 1579 300 1619 signa
310 1579 399 1609 dedic
409 1579 553 1609 Tritonia
564 1589 666 1609 mons-

92 1623 159 1655 tris.
177 1625 237 1655 Sed
252 1625 346 1655 aliud
357 1633 403 1655 est
417 1626 474 1655 alia
488 1637 547 1656 res.

141 1680 203 1700 201
219 1693 227 1708 ‚
250 1681 327 1702 202.
347 1673 467 1701 Ductus
483 1680 574 1702 sorte.
594 1673 666 1702 Sive

92 1728 134 1747 ex
146 1717 286 1747 historiis
298 1717 360 1748 hoc
373 1718 502 1754 habuit,
521 1720 666 1747 interem-

93 1770 126 1793 to
150 1764 234 1794 enisu
253 1765 395 1805 Neptuni
419 1765 598 1800 sacerdote,
625 1775 666 1794 ex

92 1810 177 1847 aliis,
204 1817 241 1840 ut
254 1821 324 1840 mos
339 1818 424 1847 erat,
448 1810 666 1841 sacerdotibus

91 1857 240 1886 Laocoon
251 1879 260 1892 ‚
293 1858 348 1897 qui
370 1857 530 1897 Apollinis
544 1857 665 1897 Thym-

93 1902 171 1932 braei
183 1910 262 1940 erat,
276 1911 360 1933 sorte
372 1903 568 1945 obtingente,
584 1905 613 1934 N
616 1914 667 1943 ep-

93 1950 163 1978 tuni
179 1959 264 1978 sacra
280 1950 430 1987 curabat,
455 1950 495 1980 cf.
518 1953 604 1981 Serv.
626 1960 667 1979 ex

93 1994 320 2034 Euphorione;
344 1998 411 2026 sive
435 2007 538 2025 unum
565 2006 666 2025 sacer-

93 2039 174 2069 dotii
199 2041 394 2081 adipiscendi
413 2042 544 2072 modum
563 2052 579 2072 e
594 2042 665 2082 plu-

93 2086 183 2115 ribus
195 2089 301 2127 posuit
312 2111 320 2125 ‚
338 2096 373 2118 ut
390 2096 492 2129 poeta.
503 2088 598 2129 Quod
613 2098 666 2117 au-

93 2139 157 2162 tem
179 2133 213 2162 in
233 2133 281 2162 his
305 2134 459 2172 adjunctis
480 2135 588 2175 paullo
612 2144 664 2164 co-

94 2180 214 2218 piosior
235 2186 299 2215 est,
327 2181 359 2209 in
384 2192 421 2211 eo
447 2189 544 2211 artem
563 2188 664 2221 poetae

94 2235 244 2266 agnosee3
270 2225 343 2255 facit
356 2228 438 2258 enim
456 2228 663 2269 exspectatio-

718 663 802 684 nem.
819 654 904 683 Aras
918 652 1077 683 sollennes
1091 651 1171 682 dixit
1186 651 1289 689 docte,

718 700 755 729 ad
773 711 850 740 quas
865 701 1008 730 sollenne
1029 698 1219 729 sacrificium
1236 710 1289 739 pa-

718 747 865 781 rabatur3
890 754 925 776 ut
941 745 1094 775 sollemnis
1115 745 1232 781 circus,
1257 746 1289 774 iu

718 804 782 832 quo
798 793 955 822 sollennes
971 792 1037 821 ludi
1052 792 1227 827 habentur,
1250 794 1291 821 0-

717 839 782 869 wid.
794 841 821 867 V
833 839 913 869 Fast.
928 840 989 878 597
1004 837 1180 869 :sollennia
1204 837 1290 867 ellea-

717 892 784 922 tra,
812 886 825 914 1
859 887 929 915 Art.
961 886 1049 915 133:
1079 894 1210 924 campas
1233 884 1292 913 sol-

718 931 842 967 lenuis,
865 931 1030 962 Claudian.
1054 931 1093 961 de
1124 932 1171 960 VI
1187 930 1287 974 ⁵Cous.

719 978 805 1008 lion.
824 979 853 1007 5.
883 979 1048 1013 Ceterum,
1070 977 1157 1018 quod
1175 977 1209 1005 in
1226 977 1290 1016 pri-

719 1035 772 1053 mo
796 1025 901 1053 statim
927 1024 1043 1054 laetitiae
1077 1023 1216 1064 publica?
1240 1029 1290 1051 tu-

720 1070 823 1099 multu
837 1069 876 1098 de
889 1080 978 1100 sacro
988 1093 996 1107 ,
1012 1072 1164 1110 Neptuno
1178 1069 1292 1098 facien-

721 1115 764 1145 do
774 1138 782 1153 ‚
801 1117 959 1156 cogitatur
969 1139 977 1153 ,
994 1117 1110 1146 mirum
1126 1115 1225 1145 videri
1238 1124 1293 1155 po-

721 1168 791 1192 test.
807 1162 942 1192 Videtur
965 1162 1027 1191 hoc
1052 1163 1162 1192 Servio
1184 1160 1291 1191 ohser-

719 1215 829 1238 vatnm
844 1209 851 1238 ἐ
869 1208 1050 1245 mactabat,
1066 1209 1171 1248 inquit
1182 1230 1190 1245 ‚
1209 1207 1293 1237 scili-

721 1262 787 1290 cet,
814 1262 847 1285 ιιι
869 1254 990 1284 Gra’cis
1006 1254 1096 1283 mala
1119 1253 1294 1295 naufragio

713 1300 929 1341 provenirent.
955 1303 1061 1331 Potest
1090 1307 1195 1330 tamen
1219 1301 1293 1329 sim-

719 1347 834 1387 plicior
847 1349 926 1377 ratio
942 1346 1050 1384 reddi,
1068 1354 1104 1376 ut
1119 1346 1222 1377 soluta
1236 1346 1293 1376 ol)-

718 1393 842 1423 sidione
862 1396 945 1424 inter
969 1401 1089 1423 ceteros
1116 1393 1192 1423 deos
1215 1394 1296 1433 Nep-

719 1445 799 1470 tuno
832 1450 916 1470 sacra
958 1447 1065 1481 parata
1102 1440 1166 1469 sint
1205 1449 1294 1482 χαρι-

718 1486 829 1529 σττζρισ.
840 1509 848 1522 ,
859 1493 890 1516 et
906 1487 1035 1526 quidem
1051 1486 1085 1515 iu
1103 1486 1173 1526 ipso
1190 1485 1295 1523 litore,

719 1539 755 1562 ut
773 1539 804 1562 et
822 1543 870 1572 ap.
888 1534 1008 1572 Hygia.
1036 1532 1098 1562 135
1120 1539 1156 1561 ue
1168 1542 1293 1562 sacrum

709 1578 843 1619 facet-ec
854 1580 1005 1618 Neptuno
1022 1578 1070 1607 ad
1082 1577 1157 1607 licus
1165 1589 1179 1614 ,·
1205 1585 1236 1608 et
1250 1579 1295 1608 sic

720 1624 796 1654 alibi
819 1624 904 1664 apud
926 1626 1056 1654 Homer.
1081 1625 1234 1664 Neptuno
1251 1634 1296 1654 sa-

722 1681 774 1700 cra
793 1670 887 1700 finnt.
903 1688 949 1693 —
969 1682 1047 1701 202.
1076 1672 1214 1700 Taurum
1239 1670 1295 1700 im-

721 1727 864 1747 mensum
901 1727 962 1747 sec.
998 1716 1113 1747 Hamh.
1143 1718 1295 1758 Ingentes

721 1774 763 1793 m.
781 1763 827 1792 acl
840 1774 915 1792 aras
937 1764 1012 1794 Got.
1041 1775 1089 1804 pr.
1111 1765 1211 1794 Porro
1235 1763 1295 1793 sol-

721 1810 827 1839 lenuis
841 1810 990 1839 sacerdos
1004 1810 1081 1840 olim
1095 1810 1232 1848 junxere
1250 1811 1294 1840 vi-

720 1857 748 1886 ri
764 1856 861 1886 docti.
878 1868 908 1886 v,
922 1859 1077 1897 Pompon.
1093 1856 1199 1887 Sabin.

769 1904 963 1943 203-209,
990 1903 1216 1933 ornatissimus
1244 1901 1291 1932 lo-

719 1960 786 1980 cus.
801 1949 993 1979 Incumbtmc
1001 1948 1140 1989 pelago,
1163 1948 1293 1988 praecla-

720 2007 754 2025 re
765 2018 774 2032 ‚
787 2006 847 2036 pro
860 1997 1004 2025 innatant
1014 2017 1022 2031 ,
1036 1994 1090 2023 sed
1110 2004 1182 2023 cum
1200 1995 1292 2035 signi-

719 2040 870 2071 ficatione
890 2039 1127 2081 magnitudinis.
1149 2057 1195 2063 —
1213 2041 1289 2083 2306.

719 2088 810 2117 Jabae
821 2087 1026 2128 sanguinea»,
1041 2084 1142 2127 φόνιαι
1151 2109 1160 2123 ,
1174 2086 1291 2127 hydro-

718 2144 792 2163 rnm
803 2156 811 2172 ,
836 2144 910 2163 nam
923 2133 984 2163 hoc
999 2143 1099 2174 genus
1111 2133 1290 2174 intelligen-

719 2179 796 2209 dum
806 2203 814 2217 ‚
831 2180 927 2209 fnlvae
940 2179 1046 2209 barbae
1059 2189 1114 2209 seu
1128 2190 1236 2210 comae.
1248 2179 1288 2210 cf.

719 2226 820 2258 Cei-da
831 2226 870 2257 ad
885 2226 917 2257 h.
936 2227 957 2257 l.
974 2228 1036 2267 Ap.
1053 2227 1184 2257 Homer.
1200 2224 1290 2256 Iliad.
