1402 2460
0 2124 35 2283 ἱ.

597 70 719 100 LIBER
744 69 785 98 11.

1229 66 1290 92 155

96 128 332 176 congeritur.
353 128 464 165 Pueri
483 137 521 165 et
541 127 688 178 pavidae
707 127 822 176 longo
838 125 971 162 ordine
991 133 1129 162 matres

95 189 203 225 Stant
219 188 373 226 circum.

93 251 218 285 Ausus
235 248 327 298 quin
344 250 457 286 etiam
472 263 584 287 voces
597 251 741 301 jactare
758 257 826 298 per
842 248 1015 284 umbram
1026 275 1035 291 ‚

92 307 251 357 Implevi
270 309 434 347 clamore
450 311 548 356 vias,
565 319 795 359 moestusque
811 311 992 346 Creusam

92 367 358 418 Nequidquam
372 370 618 421 ingeminans,
629 371 844 419 iterumque
858 370 1074 417 iterumque
1083 366 1227 403 vocavi.
1241 381 1288 405 πο

93 430 308 475 Quaerenti,
327 439 364 466 et
383 432 491 468 tectis
516 430 619 468 urbis
637 431 716 467 sine
733 430 806 466 fine
823 429 984 475 furenti,

91 487 226 524 Infelix
244 489 485 527 simulacrum
505 501 618 541 atque
635 491 754 541 ipsius
774 489 911 526 umbra
931 489 1082 525 Creiisae

90 548 180 584 Visa
197 548 290 585 mihi
308 558 394 586 ante
414 551 563 596 oculos,
579 560 616 587 ct
635 558 726 587 nota
742 551 862 600 major
881 549 1019 597 imago.

92 605 305 656 Obstupui,
321 617 581 658 steteruntque
601 622 738 654 comae,
755 599 792 665 {t
809 620 884 643 vox
902 605 1075 643 faucibus
1094 603 1212 639 haesit.

92 669 188 703 Tum
207 667 259 703 sic
281 667 419 715 adfari,
436 678 473 706 et
489 682 598 707 curas
617 670 674 706 his
694 669 846 705 demere
867 666 976 703 dictis
995 680 1002 700 :
1247 670 1293 701 775

93 743 106 757 «
125 726 229 772 Quid
248 736 394 764 tantum
413 729 544 766 insano
562 729 670 778 juvat
687 727 884 776 indulgere
905 725 1048 769 dolori,

94 788 127 824 Ο
145 786 265 823 dulcis
287 787 447 836 conjux?
463 800 540 824 non
559 787 640 824 haec
656 787 736 824 sine
755 787 910 823 numine
927 786 1059 823 divum

95 846 294 883 Eveniunt.
312 849 392 883 Nec
407 857 443 884 te
460 848 548 885 hinc
565 848 742 885 comitem
760 856 955 898 asportare
973 846 1155 883 Creusam

94 909 183 952 Fas,
203 916 267 943 aut
284 907 344 944 ille
361 908 448 945 sinit
465 909 594 959 superi
609 919 787 961 regnator
804 907 970 958 Olympi.

95 1033 134 1063 ad
153 1034 228 1072 567.
246 1036 356 1075 Emip.
372 1037 488 1066 Troad.
507 1038 545 1067 32
562 1037 666 1077 simpl.

95 1078 154 1110 ὑπὸ
170 1079 295 1124 cri-7223
313 1079 556 1120 ταῖσδ’.-766.
574 1083 671 1112 Pueri

95 1134 127 1154 ee
157 1134 274 1156 matres
302 1129 434 1167 captivae
463 1128 668 1159 abducendae.

94 1173 287 1211 Expressum
303 1175 478 1206 miserabile
494 1176 558 1205 hoc
573 1177 669 1215 capti-

96 1227 210 1247 vorum
225 1228 336 1259 agmen
348 1221 382 1250 in
395 1222 519 1252 Tabula
531 1222 624 1250 Iliaca
635 1232 667 1250 n.

100 1273 113 1293 1
124 1273 136 1292 1
147 1273 160 1292 1
181 1270 212 1293 et
229 1265 263 1293 in
282 1266 454 1307 Polygnoti
475 1269 600 1307 pictura
617 1276 668 1306 ap.

95 1311 227 1340 Pausan.
246 1313 286 1347 X,
304 1313 366 1348 25,
391 1314 444 1343 26.
465 1314 505 1343 cf.
523 1314 580 1342 inf.
601 1314 666 1347 111,

98 1356 181 1406 3333
197 1357 292 1387 Ovid.
308 1359 387 1389 Met.
403 1361 500 1397 XIII,
519 1365 583 1395 412
600 1369 668 1399 sqq.

96 1403 248 1453 }NJotatum
267 1410 371 1434 autem
386 1406 421 1435 in
437 1405 470 1436 h.
487 1406 508 1436 l.
525 1406 670 1444 Trojanis

94 1457 157 1485 Jam
173 1450 370 1489 temporibus
385 1452 523 1492 praedam
545 1462 612 1481 non
626 1458 671 1481 te-

96 1503 181 1524 mere
192 1496 308 1536 cnique
321 1508 380 1537 pro
392 1509 424 1528 se
437 1509 545 1539 parare
563 1499 672 1528 licuis-

96 1550 145 1577 se,
171 1541 226 1571 sed
252 1552 354 1573 unum
380 1546 416 1575 in
445 1545 550 1576 locum
578 1546 673 1575 fuisse

99 1588 350 1628 congerendam,
374 1602 452 1622 mox
477 1594 569 1623 certis
597 1593 674 1634 legi-

100 1632 161 1662 bus
186 1633 410 1675 dividendam,
432 1639 519 1668 unde
543 1650 675 1669 munera

101 1675 247 1722 ἐξαίρετα.
283 1682 392 1712 locum
428 1685 598 1717 habehant.
638 1686 676 1716 Id

100 1726 189 1764 quod
201 1727 286 1756 inter
300 1728 443 1760 cultioris
455 1732 528 1761 vine
542 1733 677 1761 elemen-

100 1777 131 1824 ta
146 1772 257 1803 referri
274 1775 364 1805 solet.
383 1777 484 1807 Porro
495 1800 503 1814 ‚
531 1778 677 1807 nondum

102 1817 156 1848 illa
175 1826 265 1849 aetate
283 1821 431 1861 religioni
447 1823 595 1854 habuisse
613 1825 678 1853 vic-

104 1871 187 1940 ἔοι-ες
198 1888 206 1903 ,
236 1866 308 1896 fana
339 1869 479 1909 expilare
507 1877 539 1900 et
572 1871 679 1900 ineen-

127 1921 189 1941 ere.

153 1968 231 1998 771.
255 1959 332 1989 Sine
353 1972 440 1991 more
463 1969 534 1993 tert.
562 1965 679 1994 Moret.

87 2031 93 2035 .
107 2010 138 2034 et
149 2004 292 2036 Leidens.
309 2017 410 2045 unus;
424 2009 512 2048 quod
525 2010 600 2039 alias
614 2011 683 2040 xTir-

108 2050 202 2092 gilius
217 2058 298 2081 amat
321 2063 328 2084 ι
353 2055 408 2084 sed
422 2054 455 2086 h.
472 2055 493 2086 1.
517 2067 584 2086 non
606 2067 683 2087 con-

108 2097 207 2128 venit.
231 2099 348 2129 [tuenti
366 2101 488 2143 aliquot
508 2102 587 2133 boni
610 2103 686 2133 libri

111 2143 221 2175 Heius.
244 2151 276 2174 et
304 2147 414 2180 Burm.
444 2150 550 2179 minus
576 2149 684 2180 bene:

112 2200 184 2220 nam
197 2190 309 2234 fiaerere
330 2197 427 2238 magis
446 2194 573 2239 ἐναργὲς
589 2206 685 2238 quam

722 1046 821 1065 ruere.
830 1051 876 1057 —-
886 1044 900 1071 7
909 1044 924 1071 7
936 1044 964 1070 ι,
981 1043 995 1069 7
1004 1042 1018 1069 7
1028 1042 1057 1061 2.
1077 1028 1178 1060 Tectis
1194 1028 1275 1057 urbis
1288 1049 1295 1063 ,

722 1084 805 1112 intra
823 1081 913 1110 urbis
926 1079 1054 1109 moenja.
1073 1075 1296 1108 Simulacrum,

725 1124 868 1164 εἴδωλα-ι,
883 1125 998 1167 infelix
1008 1146 1016 1161 ,
1030 1121 1200 1153 infeliciter
1212 1120 1299 1148 ami&

723 1186 764 1204 sae
781 1175 917 1205 Creusae.
931 1189 978 1194 ——
994 1170 1071 1209 773.
1088 1168 1178 1198 Nota
1195 1164 1302 1205 major

723 1222 744 1251 i.
758 1243 766 1257 ‚
782 1221 814 1249 h.
833 1230 860 1249 e.
879 1218 1031 1258 pristina3
1055 1216 1153 1255 igitur
1166 1213 1229 1250 jam
1243 1210 1300 1239 dea

723 1268 815 1296 facta.
830 1266 914 1296 Nota
927 1269 1071 1292 veterum
1085 1259 1207 1299 opinio.
1217 1259 1302 1286 Loca

725 1311 883 1351 congessit
901 1308 1012 1340 Cerda.
1030 1306 1212 1337 Imitatione
1227 1313 1301 1332 nos-

724 1361 766 1388 tri
791 1357 891 1397 Hylas
917 1353 1051 1385 Herculi
1073 1362 1131 1393 per
1153 1358 1302 1379 somnum

725 1405 871 1443 objectus
888 1401 973 1442 apud
990 1399 1097 1429 Valer.
1117 1397 1219 1427 Flacc.
1237 1396 1301 1430 IV,

730 1452 769 1482 18
786 1460 855 1490 sqq.
873 1449 985 1484 43.-
997 1451 1074 1485 774.
1087 1445 1137 1475 Ex
1150 1439 1240 1473 Iliad.
1259 1452 1282 1468 ω
1294 1461 1302 1476 ,

729 1497 792 1528 358
803 1495 936 1525 -360,

777 1544 853 1582 776.
877 1540 993 1571 Dolori
1011 1539 1121 1569 Heius.
1145 1534 1305 1565 librorum

729 1590 916 1622 aucton'tate
929 1587 1078 1623 restituit3
1092 1582 1179 1623 vulg.
1191 1578 1305 1614 labori,

729 1645 766 1668 ut
791 1634 943 1667 nonnulli
963 1633 1059 1669 libri;
1083 1631 1179 1659 etiam
1207 1624 1306 1655 Goth.

730 1685 808 1714 alter
819 1707 827 1721 ,
853 1683 933 1712 forte
952 1690 993 1710 ex
1008 1678 1066 1708 lib.
1082 1677 1130 1705 VI
1140 1697 1148 1711 ‚
1167 1684 1200 1702 v.
1223 1671 1285 1700 135
1298 1691 1306 1704 ‚

731 1739 923 1771 quamquam
940 1737 976 1756 ea
989 1721 1181 1765 permutatio
1197 1717 1310 1747 sollen-

732 1777 791 1806 nis.
825 1776 887 1805 Hie
920 1780 1027 1802 tamen
1057 1768 1151 1798 dolor
1175 1764 1283 1805 potius
1298 1784 1306 1795 ‚

732 1832 827 1862 quam
846 1820 955 1855 labor,
971 1819 1081 1848 locum
1092 1813 1209 1844 habere
1222 1808 1310 1839 vide-

733 1876 787 1898 tur
801 1879 809 1905 ;
837 1868 899 1897 uisi
926 1864 1015 1906 quod
1040 1861 1132 1892 labor
1156 1856 1312 1896 exquisite

734 1925 793 1955 pro
821 1913 932 1944 dolore
961 1910 1104 1951 ponitur.
1134 1904 1313 1935 Arusianus

735 1962 871 1992 Messius
891 1957 1022 1988 laudat:
1056 1951 1144 1994 Quid
1155 1950 1246 1991 juvat
1265 1947 1314 1976 in-

737 2017 818 2038 sano
848 2013 971 2036 tantum
1001 2000 1168 2040 indulgere
1196 1993 1313 2024 dolori.

741 2065 818 2093 777.
836 2051 925 2083 Iliad.
941 2061 954 2080 ε
975 2048 1036 2079 185
1051 2045 1122 2085 Οὐχ
1142 2041 1191 2087 ὅγ’
1208 2038 1312 2071 ἄνευθε

739 2102 807 2132 6εεῦ
820 2095 899 2130 τάδε
914 2094 1069 2141 μαίνεται.
1083 2095 1124 2124 Et
1135 2089 1249 2121 similia
1265 2086 1316 2117 ali-

740 2149 784 2178 bi.
807 2147 949 2177 Omnino
962 2143 1031 2173 haec
1045 2139 1146 2171 oratio
1160 2143 1207 2167 est
1223 2133 1315 2164 affec-

740 2201 791 2225 tus
812 2193 915 2234 plena.
930 2208 976 2215 -
990 2198 1068 2229 779.
1091 2188 1173 2222 Fas,
1196 2182 1315 2214 fatum,
