1402 2460
593 103 713 134 LIBER
739 104 795 133 lv.

1230 101 1293 130 335

100 163 146 199 Et
165 162 328 212 pecudes
347 173 474 200 seeum
492 171 529 199 et
549 169 755 198 monstrata
777 158 923 208 piacula
940 161 1063 197 ducat.

98 222 160 259 Sic
179 223 321 268 veniat3
343 230 459 272 tuque
478 221 558 271 ipsa
575 222 639 271 pia
660 229 742 270 tege
762 229 933 269 tempora
953 220 1057 256 vitta.

97 286 212 320 Sacra
228 282 314 320 Jovi
330 283 462 332 Stygio
473 310 483 328 ,
500 294 584 331 quae
601 281 672 318 rite
691 281 840 330 incepta
856 279 1005 330 paravi,

99 341 282 379 Perficere
302 350 358 379 est
378 341 542 387 animus,
562 340 751 390 finemque
772 340 967 389 imponere
987 338 1106 385 curis;

98 401 355 451 Dardaniique
373 414 508 451 rogum
528 401 660 451 capitis
678 400 896 450 permittere
919 400 1088 436 ssainmae.
1108 415 1124 430 »

98 462 161 499 Sic
180 462 242 499 ait.
259 463 325 499 Illa
344 462 503 513 gradum
522 462 648 499 studio
669 460 857 498 celerabat
878 461 978 497 anili.

150 526 199 560 At
216 523 363 573 trepida
376 552 386 570 ,
403 532 440 561 et
461 523 592 573 coeptis
609 522 837 559 immanibus
855 522 972 558 effera
991 520 1111 566 Dido,

97 583 349 634 Sanguineam
368 584 523 620 volvens
544 583 679 629 aciem,
697 582 928 631 maculisque
945 580 1138 619 trementis

96 642 286 680 Intersusa
304 656 436 693 genas,
456 652 493 679 et
512 642 651 692 pallida
670 650 792 679 morte
810 642 937 678 sutura
949 670 959 687 ,

96 703 285 739 Interiora
306 703 440 740 domus
460 703 644 752 inrumpit
662 702 809 748 limina,
829 710 865 738 et
886 702 980 738 altos

1246 706 1295 734 64⁵

96 762 323 799 Conscendit
344 762 551 799 furibunda
571 774 702 812 rogos,
722 774 924 811 ensemque
943 758 1104 796 recludit

95 821 345 867 Dardanium,
360 834 437 858 non
458 822 526 859 hos
545 823 746 871 quaesitum
766 833 903 858 munus
922 821 960 856 in
979 822 1082 856 usus!

97 881 186 929 Hie,
202 891 403 931 postquam
421 882 554 918 Iliacas
568 882 682 918 vestis
700 888 909 930 notumque
927 878 1052 916 cubile

95 1068 234 1104 cumulo,
245 1068 387 1108 sepulcro
397 1091 406 1105 ,
421 1064 520 1105 urna',
539 1066 665 1104 haberi,

93 1114 196 1144 teneri
235 1114 388 1145 dicuntur
415 1114 558 1144 defuncti
583 1124 590 1144 :
623 1115 667 1143 sic

94 1171 181 1190 nunc
194 1159 274 1191 cinis
278 1160 389 1201 patria
403 1160 512 1201 (terra)
521 1160 667 1191 habetur.

141 1206 219 1237 636.
246 1209 428 1237 Monstrata
450 1217 466 1235 a
486 1206 666 1244 sacerdote,

93 1259 194 1293 puto,
215 1252 369 1293 piacula,
405 1254 561 1293 piamina,
587 1252 619 1283 h.
643 1253 666 1283 l.

93 1300 295 1340 purgamina,
312 1298 428 1340 quibus
441 1300 476 1328 in
494 1299 589 1328 sacris
601 1309 666 1328 ma-

92 1345 169 1385 gieis
194 1345 343 1375 utebatur
363 1345 567 1385 superstitio,
592 1344 624 1374 h.
643 1345 664 1375 l.

93 1390 133 1420 ad
148 1398 287 1421 mentem
305 1401 411 1421 amore
429 1389 665 1421 exsolvendam.

93 1437 177 1467 conf.
203 1437 270 1468 Eel.
299 1438 400 1473 V111,
434 1438 474 1474 73
496 1443 527 1466 et
549 1437 592 1466 80
616 1448 664 1477 sq.

93 1483 289 1519 638-640,
324 1484 458 1522 Incepta
487 1482 562 1513 inde
594 1493 611 1513 a
632 1494 663 1514 v.

95 1530 160 1565 504
179 1541 247 1570 sqq.
276 1528 342 1559 vid.
365 1535 474 1559 notam
491 1528 530 1558 ad
544 1540 575 1560 V.
598 1529 664 1565 480

92 1586 138 1616 sq.
156 1575 196 1607 ef.
211 1576 250 1606 ad
265 1587 296 1607 v.
308 1585 354 1616 sq.
372 1575 482 1606 Silium
492 1577 584 1613 VIII,
601 1586 614 1605 1
624 1576 664 1606 16

92 1632 159 1662 sqq.
171 1644 179 1659 ‚
199 1624 255 1664 qni
267 1632 322 1652 sua
339 1633 380 1653 ex
394 1622 427 1653 h.
437 1622 460 1652 l.
471 1622 565 1652 duxit
579 1633 587 1653 ;
606 1622 666 1652 Νί-

89 1679 149 1709 gro
161 1667 251 1710 jbrce
274 1668 347 1699 Iovi
368 1675 428 1699 etc.
453 1679 497 1699 se.
522 1668 663 1699 Plutoni.

93 1733 140 1737 —
153 1715 230 1751 640.
247 1717 369 1756 Regum
377 1714 562 1755 permittere
564 1714 665 1756 flam-

95 1772 155 1791 mae
166 1783 174 1798 ,
189 1761 351 1802 lignorum
367 1768 488 1791 struem
498 1783 507 1797 ,
529 1771 643 1800 pyram
654 1783 662 1798 ,

93 1807 262 1837 incendere
279 1817 286 1837 ε
301 1807 363 1837 hoc
382 1808 512 1847 quidem
534 1806 664 1846 expedi·

93 1860 161 1883 tum
183 1861 238 1884 est.
257 1855 379 1883 Verum
396 1853 580 1894 ambiguum
600 1863 665 1883 esse

93 1907 215 1940 potest,
243 1900 324 1929 sitne
335 1899 481 1942 flamma
504 1898 668 1929 Dardanii

92 1946 206 1987 capitis
229 1957 268 1976 au
290 1956 385 1988 rogus
400 1944 562 1976 Dardanii
577 1945 664 1985 capi-

84 1991 140 2029 fis.
160 1991 264 2023 Video
286 2003 373 2022 nunc
396 1992 458 2022 hoe
475 1991 602 2023 mollius
618 2002 663 2021 es-

93 2049 124 2068 se
139 2049 146 2069 :
163 2049 277 2081 rogum
288 2061 296 2076 ,
319 2039 372 2069 eni
386 2039 579 2079 imposuerat
594 2036 663 2067 effi-

93 2086 175 2126 giem
199 2087 304 2115 AEneae
326 2085 418 2127 (sup.
446 2085 553 2126 508),
575 2084 664 2125 quasi

94 2137 189 2171 caput
203 2141 238 2161 ae
251 2132 348 2161 vitam
363 2133 430 2170 ejus
440 2131 603 2161 devomsa.

141 2177 220 2212 641.
246 2177 492 2219 Dixerac,-illa
521 2176 664 2208 Parrhas.

97 2222 285 2255 Celebrabae
297 2234 313 2254 a
329 2235 378 2265 pr.
394 2235 436 2255 m.
454 2223 571 2255 Medic.
592 2234 664 2254 cum

721 1067 799 1104 auis,
810 1066 970 1107 frequenti
984 1067 1085 1108 lapsu.
1095 1067 1297 1098 accelerabat

723 1114 819 1144 Goth.
835 1124 896 1143 see.
909 1113 1040 1143 Anilem
1051 1115 1237 1144 Burmanno
1249 1115 1296 1144 in-

722 1161 789 1189 vito
827 1161 860 1189 in
884 1166 1075 1189 contextum
1099 1161 1221 1190 venisse
1243 1171 1296 1190 su-

722 1207 838 1246 spicor.
861 1207 942 1236 Nam
965 1207 1075 1237 Heius.
1110 1206 1182 1237 edd.
1214 1206 1298 1236 anili

722 1253 878 1289 retinent,
904 1259 935 1282 et
950 1254 1150 1282 Burmannus
1165 1253 1209 1282 ita
1227 1263 1296 1283 rec-

723 1299 784 1327 tius
813 1298 875 1339 legi
901 1300 1099 1338 pronuntiat.
1124 1300 1232 1338 Atque
1252 1300 1297 1329 ita

720 1343 885 1374 Mediceus
926 1355 1001 1374 cum
1030 1346 1296 1384 praestantissimis

720 1390 806 1427 aliis3
825 1391 901 1420 item
915 1390 1012 1420 Goth.
1027 1401 1076 1431 pr.
1094 1397 1125 1420 et
1142 1401 1203 1421 see.
1221 1401 1238 1420 a
1252 1403 1294 1422 m.

719 1447 781 1467 sec.
798 1438 872 1467 Non
891 1436 970 1466 male
987 1447 1061 1467 sane
1081 1436 1201 1467 dictum
1220 1437 1294 1468 alte-

718 1492 790 1512 rum
807 1492 960 1522 quoque:
979 1483 1090 1524 expuli
1114 1490 1221 1514 tamen
1241 1494 1294 1514 00-

718 1528 825 1558 dicum
837 1529 936 1567 jussu,
956 1529 1045 1569 quod
1055 1529 1119 1560 fors
1131 1530 1293 1561 intulerat.

765 1575 960 1613 642—647.
979 1577 1077 1606 Notas
1097 1577 1231 1606 extremi
1246 1576 1295 1606 fu-

717 1622 798 1651 roris
811 1621 955 1652 observa.
966 1623 1068 1652 Morte
1071 1621 1198 1663 fittara,
1216 1623 1293 1661 jam-

715 1668 778 1705 jam
799 1669 1011 1698 cummaxime
1025 1670 1197 1698 constit-uta
1209 1680 1218 1706 ;
1232 1679 1293 1698 ma·

716 1713 746 1742 le
770 1715 856 1743 enim
882 1715 1008 1744 Servius
1037 1715 1136 1744 aliter.
1154 1714 1293 1755 Sangui-

719 1770 814 1789 neam
831 1759 934 1788 aciem
945 1783 953 1797 ,
974 1760 1062 1802 ὄμμα.
1079 1758 1224 1802 ὕφαιμον.
1241 1762 1294 1790 In-

717 1805 835 1835 teriora
851 1805 963 1835 domus
978 1806 1111 1842 limina,
1129 1807 1227 1837 limen
1241 1807 1293 1836 in-

717 1853 842 1882 terioris
866 1851 980 1882 aedium
995 1854 1113 1894 partis;
1128 1853 1295 1893 penetrali

718 1897 752 1927 in
768 1898 842 1928 sede
861 1909 932 1940 sup.
960 1900 1026 1934 504
1046 1910 1094 1939 sq.
1119 1906 1200 1930 tecto
1216 1900 1292 1929 inte-

718 1944 801 1974 riore
827 1950 891 1984 494
915 1956 960 1986 sq.
982 1945 1172 1986 Quaest'tum,
1202 1956 1292 1987 para-

717 1997 804 2029 tum,
825 1998 1010 2032 acceptum,
1030 1991 1172 2032 adeoque
1197 1994 1290 2023 etiam

716 2036 844 2074 darum3
868 2048 938 2078 sup.
958 2039 1020 2076 507
1039 2038 1163 2068 dixerat
1182 2049 1290 2069 ensem

716 2083 859 2114 relictum
885 2084 952 2114 scil.
979 2084 1066 2115 dono
1087 2095 1124 2114 ac
1144 2095 1288 2116 munere.

718 2132 822 2159 Arma
845 2129 925 2167 viri,
955 2129 1099 2161 thalamo
1124 2142 1196 2172 quoe
1210 2131 1290 2174 fixa

717 2175 846 2216 reliquit
862 2187 932 2217 sup.
950 2178 1027 2218 495.

765 2222 958 2258 648-650.
984 2223 1104 2255 Iliacas
1116 2231 1221 2254 vescet
1236 2234 1288 2253 no-
