1433 2460
171 156 232 183 333

670 153 822 181 Immo(
833 155 863 182 λς

165 218 431 262 Spumantem,
451 220 674 257 sparsasque
692 222 834 245 manus.
854 213 883 245 lt
905 210 1047 246 clainor
1064 211 1110 246 ad
1132 211 1206 247 alta
1314 219 1365 244 665

164 273 288 317 Atriu3
311 281 532 306 concussam
551 268 758 305 bacchatur
777 271 872 306 fania
891 284 958 319 pvr
980 270 1125 308 urbi-in.

163 331 371 375 Lanu-nris,
389 329 625 379 gemituque,
643 339 679 365 vt
702 329 864 365 feminco
887 331 1031 367 ululatu

161 396 276 429 Tecta
295 392 477 435 fri-nuum
499 399 648 426 resonat
671 390 815 438 magnis
833 391 1078 439 plangoribus
1099 392 1229 428 aetbcr.

161 456 245 490 Non
265 453 374 488 aliter
395 463 507 499 quain
529 449 560 485 si
581 449 755 485 immissis
778 458 863 485 ruat
883 450 1056 487 hostibus
1077 452 1198 488 omnis

160 514 372 562 Carthago,
390 521 454 548 aut
473 512 628 560 antiqua
645 513 785 559 Tyros,
807 510 1042 560 ssaminaeque
1065 511 1230 549 furt-ntes
1312 521 1362 553 ⁶7⁰

161 574 332 612 Cultnina
356 585 499 621 perque
521 571 717 607 hominum
736 571 941 607 volvantur
960 584 1103 620 perque
1125 571 1294 608 deorum.

213 633 348 670 Audiit
368 632 568 676 exanimis,
591 630 817 680 trepidoque
835 631 1017 668 exterrita
1039 645 1173 679 cui-sn,

160 694 362 745 Unguibus
383 706 451 729 ora
468 704 578 729 soror
596 690 758 736 foedans,
778 700 814 728 ct
837 701 991 740 pectora
1010 693 1165 742 pugnis,

159 760 230 793 Per
251 755 394 792 modios
412 754 506 797 ruit,
527 766 569 790 ac
587 752 812 788 morit-ntem
833 752 985 788 nomine
1006 752 1140 789 clamat
1159 766 1168 787 ε

159 836 173 849 ιι
194 819 277 853 Hoc
296 814 407 859 illud,
424 826 621 862 germana,
642 813 734 849 suit?
753 825 812 848 me
830 813 962 849 fraude
985 813 1164 862 petebas?
1311 823 1361 856 ⁶75

158 881 240 914 Hoc
259 888 372 924 rogus
392 875 460 911 iste
479 874 591 918 milii,
613 873 685 909 hoc
704 873 806 922 ignes
826 887 976 922 araeque
998 873 1207 923 parabant?

159 936 261 983 Quid
281 936 446 985 primum
465 933 611 970 deserta
633 935 795 982 querar?
815 933 1041 969 comitemne
1057 946 1228 971 sororem

159 995 345 1045 Sprevisti
365 993 553 1033 moriens?
571 992 713 1029 Eadem
731 1006 790 1029 mc
811 993 858 1029 ad
876 993 950 1029 sata
971 1005 1142 1030 vocasses
1160 1008 1167 1028 :

153 1171 262 1199 Burin.
278 1168 425 1197 eruorem
436 1165 573 1196 Dorvill.
590 1175 664 1195 cum
680 1166 732 1195 ali-

154 1221 234 1254 quot
250 1215 330 1244 l’ier.
342 1231 389 1236 ——
402 1211 537 1242 Comites
552 1219 629 1241 sunt
644 1212 732 1241 fami-

152 1262 255 1297 liares,
267 1260 401 1296 famulae,
416 1269 488 1299 quae
497 1259 531 1288 in
540 1258 732 1298 impluvium

152 1308 347 1347 irrumpunt.
369 1306 473 1336 Etiam
495 1305 556 1334 hoc
572 1304 732 1342 judicium

153 1360 255 1394 poetae
284 1352 421 1382 declarat
432 1374 440 1387 ‚
469 1351 558 1391 quod
586 1350 625 1380 de
652 1361 731 1391 rogo

152 1401 284 1429 incenso
307 1398 354 1427 nil
379 1404 553 1433 memorat3
573 1407 667 1436 quem
688 1404 733 1426 ta-

152 1456 227 1475 men
248 1445 415 1473 incensum
432 1454 496 1472 esse
519 1454 536 1472 e
553 1442 609 1472 lib.
631 1444 661 1472 V
681 1454 729 1483 pr.

153 1497 291 1532 apparet.
325 1490 452 1519 Scilicet
482 1489 538 1518 vix
561 1489 731 1519 commodo

150 1539 224 1567 loco
244 1536 277 1566 id
295 1537 378 1565 inter
402 1542 505 1565 cetera
527 1535 646 1564 narrari
673 1545 730 1574 po-

152 1591 242 1614 terat.
482 1610 486 1615 .

199 1630 277 1659 666.
307 1628 491 1659 Bacchatur
511 1628 731 1669 gravissimum

151 1688 211 1718 pro
231 1676 399 1712 discurrit,
420 1674 577 1703 differtur.
593 1673 728 1704 —668.

155 1725 308 1752 Tremnnt
323 1722 431 1762 fragm.
450 1721 552 1750 Vatic.
570 1719 730 1761 clangori-

151 1769 205 1798 bus
221 1780 270 1809 pr.
296 1769 423 1808 Menag.
440 1773 471 1797 et
486 1766 645 1796 Montalb.
664 1766 730 1795 cla-

151 1815 288 1844 moribus
296 1816 388 1844 Witt.
404 1820 435 1843 et
447 1813 543 1843 wall.
557 1819 727 1853 camparte

150 1861 242 1892 codd.
267 1862 504 1895 Pierianorum‚
528 1859 627 1889 Goth.
651 1858 728 1888 duo-

151 1908 221 1943 bus,
236 1907 301 1938 Erf.
316 1907 544 1937 Aberrationes
558 1906 726 1935 sollennes.

151 1972 196 1977 ,-
214 1956 310 1983 Tecta
325 1952 493 1994 fremunt,
523 1958 559 1981 ut
573 1953 636 1990 jam
652 1951 727 1980 alias

151 2001 310 2029 monitum
322 2023 330 2037 ,
353 2010 412 2039 pro
432 1999 573 2039 vulgari,
590 1998 727 2027 lamenta

150 2046 289 2075 fremunt
302 2047 336 2074 in
353 2047 451 2075 tectis.

197 2092 263 2130 669
274 2109 319 2113 —
331 2092 371 2128 67
382 2102 409 2121 1.
430 2091 632 2131 Comparatio
660 2089 728 2120 haec

151 2145 181 2167 et
197 2137 271 2166 alibi
295 2138 389 2166 obvia
401 2161 408 2174 ‚
435 2137 668 2167 accommodata
684 2143 728 2165 ta-

148 2194 238 2220 men,
255 2189 285 2212 et
300 2183 331 2212 h.
347 2183 368 2213 1.
384 2184 466 2213 bene
481 2191 591 2213 ornata
603 2206 611 2218 ,
626 2184 728 2223 primo

148 2230 221 2259 loco
254 2229 336 2269 apud
374 2231 548 2259 Homerum
584 2231 725 2259 occurrit

148 2275 228 2306 Iliad
243 2287 281 2315 χ,
308 2281 391 2312 410,
413 2282 450 2311 41
464 2286 475 2305 1
489 2298 496 2312 ‚
518 2283 554 2305 ut
573 2276 638 2314 jam
653 2277 722 2305 Ma-

786 1164 898 1195 crobio
914 1171 1058 1195 notatum
1075 1167 1119 1195 IV
1143 1168 1204 1197 Sat.
1223 1167 1255 1197 6.
1275 1168 1363 1197 Euri-

785 1211 891 1252 pidem
922 1211 1031 1241 laudat
1059 1211 1159 1242 Cerda
1181 1211 1361 1252 (Phoeniss.

791 1258 1019 1297 1046-1049
1031 1256 1053 1298 ).
1071 1258 1123 1288 Ad
1140 1269 1170 1288 V.
1187 1255 1250 1297 671
1264 1281 1272 1296 ‚
1294 1269 1362 1300 quo

787 1305 907 1334 civium
920 1303 1000 1334 aedes
1014 1305 1144 1344 privatae
1155 1328 1163 1341 ‚
1180 1315 1215 1334 ac
1225 1305 1363 1346 publicae

786 1350 918 1380 deorum
930 1373 938 1386 ‚
955 1350 1104 1380 incendio
1121 1358 1273 1391 correptae
1290 1362 1361 1381 nar-

786 1403 907 1434 rantur,
925 1398 1099 1427 Burmann.
1117 1397 1239 1427 confert
1253 1398 1360 1428 Valer.

786 1443 832 1473 Fl.
852 1445 902 1480 11,
924 1442 1043 1481 176——
1060 1444 1139 1481 180,
1163 1454 1204 1473 ex
1219 1443 1251 1473 h.
1269 1444 1290 1474 l.
1307 1455 1361 1474 ex-

785 1499 949 1529 pressum,
973 1488 1056 1529 apud
1081 1500 1177 1530 quem
1193 1490 1273 1520 ordo
1296 1501 1362 1520 ver-

786 1535 902 1565 borum
932 1535 984 1564 hic
1015 1542 1061 1564 est
1089 1544 1096 1565 2
1127 1536 1186 1566 vel
1218 1535 1357 1573 vidisse,

778 1580 899 1621 patria·
911 1592 971 1621 per
981 1581 1107 1610 culmen
1128 1582 1218 1623 ignes
1232 1583 1298 1623 agi.
1314 1601 1361 1606 —

786 1628 864 1665 670.
884 1629 982 1666 Tyrus
996 1627 1089 1657 multi
1104 1629 1184 1658 Pier.
1202 1635 1233 1658 et
1248 1629 1358 1662 Heins.

786 1681 817 1703 et
855 1680 936 1703 amat
973 1674 1086 1703 latinas
1123 1676 1359 1706 enuntiationes

783 1721 885 1750 Maro.
904 1720 979 1750 Vid.
1003 1720 1113 1751 Heius.
1134 1722 1190 1761 qui
1216 1727 1262 1751 tot
1284 1722 1357 1752 alias

782 1767 849 1795 aliis
872 1766 949 1795 locis
972 1766 1111 1798 reduxit.
1137 1767 1358 1808 Flammoeque

780 1820 906 1842 ruentes
924 1813 1048 1844 Zulich.

828 1860 893 1897 672
910 1870 976 1899 sqq.
1012 1859 1142 1900 Egregie
1155 1860 1288 1890 affectus
1305 1872 1357 1891 ve-

780 1906 855 1934 ritas
878 1913 997 1934 servata
1020 1907 1055 1935 in
1082 1907 1185 1935 Annae
1212 1907 1300 1936 luctu
1327 1915 1358 1937 et

780 1952 897 1982 verbis.
916 1953 1076 1981 Praeivisse
1089 1951 1229 1981 creditur
1242 1953 1356 1983 Briseis

781 1998 913 2028 Homeri
935 1999 970 2027 in
986 1998 1122 2028 Patrocli
1137 1997 1248 2027 funere
1263 1998 1353 2029 Iliad.

781 2056 816 2081 τ,
835 2044 899 2073 282
924 2054 992 2084 sqq.
1010 2046 1086 2074 Haec
1104 2049 1209 2072 autem
1228 2046 1353 2082 omnia,

781 2101 851 2130 quae
866 2090 990 2126 effatur,
1001 2100 1041 2119 ne
1056 2099 1072 2118 a
1087 2096 1226 2128 tempore
1239 2097 1270 2119 et
1282 2091 1354 2121 loco

783 2137 881 2165 aliena
918 2136 981 2165 sint
995 2158 1004 2172 ,
1042 2135 1119 2164 dum
1148 2135 1201 2164 illa
1234 2137 1354 2167 incedit

781 2182 902 2222 prolata
919 2192 983 2211 esse
1000 2183 1119 2222 cogita,
1142 2192 1214 2211 nam
1230 2183 1352 2222 trepido

777 2239 867 2257 cursu
891 2228 953 2257 ruit
969 2238 1028 2267 per
1047 2227 1178 2257 medios.
1204 2227 1296 2258 Unde
1318 2241 1348 2260 v.

778 2275 844 2304 685
875 2274 920 2304 sic
938 2274 1017 2315 fata
1053 2274 1173 2314 gradus
1208 2282 1351 2304 evaserat
