1402 2460
553 103 675 134 LIBER
700 104 743 134 11.

50 163 214 202 Plurima
234 175 378 212 perque
393 162 474 199 vias
494 171 715 199 sternuntur
734 161 869 199 inertia
890 161 1028 212 passim

0 231 1 234 ’
48 226 237 273 Corpora,
255 236 399 272 perque
417 222 568 268 domos,
584 231 622 259 et
638 223 831 273 relligiosa.
843 222 1002 259 deorum

48 283 208 320 Limina.
226 285 305 320 Nec
321 283 391 320 soli
410 296 539 334 poenas
556 283 646 320 dant
664 283 846 333 sanguine
864 282 1004 319 Teucri
1022 297 1030 318 .·

50 344 253 390 Quondam
273 345 387 382 etiam
403 344 512 382 victis
529 343 629 381 redit
643 345 682 381 in
702 344 914 394 praecordia
929 343 1057 380 virtus
1074 370 1084 388 ‚

48 404 298 454 Victoresque
315 405 454 442 cadunt
470 405 604 442 Danai.
622 404 794 442 Crudelis
811 403 955 453 ubique

50 466 212 512 Luctus,
228 465 372 516 ubique
390 479 530 517 pavor,
546 476 582 502 et
599 465 762 516 plurima
783 466 915 502 mortis
936 465 1070 514 imago.

98 526 245 563 Primus
265 540 322 572 se,
341 530 515 564 Danaum
535 539 670 576 magna
687 526 890 563 comitante
908 534 1078 569 caterva,

47 586 272 636 Androgeus
288 586 415 623 obfert
433 587 543 623 nobis
554 614 563 631 ‚
579 587 682 623 socia
699 587 850 634 agmina
867 585 1025 621 credens

47 647 212 692 Inscius,
234 656 346 697 atque
367 647 466 683 ultro
484 646 612 683 verbis
633 646 833 695 compellat
853 644 981 681 amicis
1001 658 1008 679 :

50 725 64 741 α
81 708 288 754 Festinate‚
305 708 398 753 viri3
416 721 501 744 nam
521 720 605 756 quae
630 716 704 743 tam
721 719 806 742 sera
821 712 996 741 moratur

49 768 264 818 segnities?
285 767 363 804 Alii
381 767 535 816 rapiunt
554 766 706 802 incensa
727 766 931 814 feruntque

48 830 231 878 Pergama
247 843 255 865 :
272 841 340 865 vos
357 828 463 864 celsis
479 840 580 863 nunc
598 827 765 877 primurn
781 839 802 863 a
822 825 984 862 navibus
1004 825 1085 862 itis!
1103 842 1117 857 υ

1205 832 1254 857 3-5

1227 854 1233 867 A

102 888 228 936 Dixit,
243 897 281 925 et
295 887 485 938 extemplo
500 915 511 934 ‚
528 900 653 938 neque
670 887 770 925 enim
788 898 971 937 responsa
989 884 1179 922 dabantur

54 1081 191 1123 antiqua
204 1080 281 1119 ruit,
295 1081 377 1112 belle
393 1081 541 1111 translata
553 1088 628 1111 sunt

54 1128 134 1158 ibid.
151 1139 182 1158 V.
199 1128 265 1164 654
279 1139 346 1168 sqq.

106 1175 183 1210 364.
215 1174 338 1204 Inertia
368 1184 501 1215 corpora
512 1196 520 1209 ,
555 1183 628 1214 pos-

56 1228 133 1252 sunt
159 1231 224 1251 esse
248 1222 315 1250 sine
336 1222 399 1250 vita
418 1227 448 1250 et
470 1227 578 1257 motu,
603 1220 630 1249 si

55 1264 153 1297 modo
166 1273 350 1296 sternuntur
357 1274 412 1303 est,
431 1274 532 1296 serata
545 1274 628 1302 sunt,

52 1313 166 1353 jacent
173 1325 187 1349 ,·
203 1323 316 1343 verum
327 1320 510 1343 sternuntur
522 1323 631 1353 corpo-

55 1370 94 1389 ra
109 1359 225 1389 inertia
235 1383 243 1396 ,
274 1360 426 1390 inertium
441 1360 609 1389 hominum
620 1382 629 1396 ‚

55 1405 163 1436 malim
193 1407 334 1447 accipere
365 1406 404 1436 de
427 1406 630 1442 imbellibus,

56 1463 187 1490 senum,
214 1454 393 1492 infantum,
430 1453 629 1482 feminarum.

56 1500 141 1529 Bene
155 1499 309 1530 hactenus
322 1498 455 1530 Servs&
470 1501 628 1540 Pompon.

57 1553 228 1586 exponunt
244 1556 252 1577 :
269 1561 286 1572 κ
302 1557 369 1576 non
392 1547 599 1587 repugnantia
614 1560 630 1572 n

58 1598 96 1621 ut
121 1591 240 1621 inertia
255 1603 376 1634 pecora
399 1594 457 1623 inf.
477 1594 536 1629 IV,
555 1593 629 1623 158.

59 1639 140 1667 Mox
151 1649 268 1678 poenas
281 1639 364 1668 dant
376 1650 435 1680 pro
452 1639 631 1676 caeduntur,

60 1685 262 1722 moriuntur,
295 1692 332 1714 ut
355 1687 442 1716 Serv.
470 1686 562 1715 bene.
585 1703 633 1708 —-

64 1730 140 1768 367.
155 1732 315 1761 Sententia
330 1731 438 1760 eadem
448 1754 457 1766 ‚
483 1732 572 1760 aliter
587 1739 633 1761 ta-

60 1787 134 1806 men
148 1787 305 1816 expressa,
320 1776 408 1806 Iliad.
420 1774 446 1813 ξ,
466 1778 542 1814 480,
556 1777 595 1812 48
605 1787 632 1807 1.

61 1823 154 1853 Petiit
170 1822 246 1853 hinc
259 1824 389 1853 Tacitus
406 1824 438 1852 in
453 1824 561 1862 Agric.
580 1823 633 1860 37,

62 1868 100 1898 de
113 1870 271 1898 Britannis
295 1868 492 1910 fugientibus
507 1879 514 1899 ε
532 1877 563 1898 et
575 1869 636 1898 ali-

62 1915 195 1956 quando
221 1915 319 1944 etiam
339 1915 435 1944 'm'ctis
454 1915 502 1944 ira
521 1915 638 1944 ‘virtus-

63 1972 193 2003 que.—
204 1962 267 1991 368
279 1984 287 1998 ‚
314 1962 390 2002 369.
411 1961 556 1992 Crudelis
576 1962 639 1992 luc-

64 2015 113 2038 tus
124 2031 133 2045 ,
157 2015 195 2038 ut
212 2019 310 2038 saevus
323 2008 433 2045 dolor,
456 2009 511 2048 qui
529 2009 563 2037 in
580 2019 638 2039 nos

64 2055 162 2085 saevit.
193 2054 340 2084 Plurima
368 2054 477 2084 mortis
506 2054 614 2096 imago
625 2078 633 2091 ‚

64 2100 98 2131 h.
123 2111 151 2132 e.
177 2100 290 2142 ubique
311 2101 411 2131 caedes
434 2101 514 2130 facta
534 2103 637 2131 cerni-

66 2153 139 2183 tur;
173 2149 287 2188 passim
308 2158 462 2178 caesorum
487 2147 638 2178 cadavera

65 2193 214 2233 projecta.
225 2195 326 2235 Magis
343 2195 405 2225 hoc
423 2194 639 2225 accommoda-

67 2245 136 2269 tum
156 2239 413 2272 antecedentibus
425 2264 433 2280 ,
467 2251 563 2282 quam
586 2251 640 2271 va-

682 1082 744 1110 rias
765 1080 860 1110 caedis
881 1080 996 1111 formas
1023 1085 1055 1109 et
1076 1088 1191 1120 genera
1212 1080 1259 1108 in-

683 1127 836 1167 telligere.

747 1175 786 1212 37
797 1184 823 1204 1.
871 1173 1061 1213 Androgeus
1098 1171 1259 1211 rescripsit

683 1221 793 1251 Heius.
813 1227 886 1261 post
910 1221 1050 1250 Pieriam
1073 1229 1147 1248 cum
1168 1218 1260 1247 libris

683 1267 874 1307 potioribus.
908 1266 1016 1305 Vulgo
1053 1265 1257 1304 Androgeos.

684 1323 715 1343 V.
732 1314 842 1343 Heius.
868 1314 907 1342 Se
930 1312 1026 1353 offen
1038 1311 1090 1340 alii
1106 1321 1155 1350 ap.
1176 1310 1259 1340 Pier.

685 1359 779 1401 effert
790 1361 916 1401 Hagen.
925 1376 972 1380 —
982 1359 998 1388 3
1006 1369 1020 1396 3·
1029 1359 1058 1387 3.
1074 1358 1162 1387 Nam
1173 1367 1256 1396 quoe,

685 1417 756 1446 quae
774 1406 901 1436 tandem
917 1417 947 1435 V.
965 1404 1003 1434 ad
1023 1405 1081 1434 Ge.
1101 1405 1159 1440 IV,
1180 1403 1258 1438 445.

685 1454 811 1491 -374,
824 1451 1152 1494 Rapiuntsemntque,
1168 1447 1262 1493 ἄγευ-

684 1510 714 1529 σι
728 1497 783 1529 καὶ
798 1498 922 1542 φέρουσι
933 1522 941 1536 ,
956 1506 992 1529 ut
1007 1504 1122 1528 uotum
1139 1506 1147 1526 :
1164 1507 1194 1526 V.
1209 1495 1262 1525 vel

685 1546 797 1576 cerda.
829 1549 985 1586 Quaenam
1020 1544 1167 1585 segnities
1197 1549 1262 1571 tam

685 1603 777 1629 sera,
809 1603 879 1633 quae
903 1603 988 1622 seros
1013 1590 1110 1627 facit,
1139 1589 1171 1618 id
1196 1596 1261 1625 est,

686 1639 802 1670 tardos.
830 1641 917 1669 Serv.
933 1656 979 1661 -—
992 1637 1068 1675 375.
1086 1637 1183 1665 ss'unc
1193 1635 1262 1675 pri-

687 1696 772 1715 mum
788 1686 879 1715 celsis
897 1696 918 1714 a
933 1684 1064 1715 navibus
1079 1684 1157 1712 Exc.
1185 1683 1263 1711 Bur-

688 1742 795 1762 mann.
818 1735 881 1761 Vos
905 1743 990 1761 nunc
1012 1741 1032 1759 a
1057 1728 1186 1758 navibus
1205 1729 1265 1757 Lu-

688 1784 742 1808 tat.
767 1778 805 1807 ad
829 1782 904 1808 Stat.
922 1781 985 1808 VH
999 1775 1101 1806 Theb.
1127 1784 1204 1813 229.
1232 1774 1264 1803 A

683 1824 841 1864 puppibus
857 1824 972 1854 Hamb.
986 1832 1048 1853 sec.
1066 1823 1104 1850 In
1117 1819 1182 1850 fine
1195 1830 1265 1849 ver-

688 1881 741 1899 sus
762 1871 1041 1911 interrogationem
1059 1866 1181 1896 addunt
1199 1865 1266 1896 duo

692 1917 867 1946 Heinsiani.

740 1964 817 2001 376.
830 1965 994 2002 Responsa
1009 1973 1073 1992 non
1076 1960 1153 2004 fida
1166 1959 1245 1989 satis
1255 1982 1265 1996 ‚

691 2010 809 2051 quibus
832 2008 911 2039 fides
927 2009 1038 2039 haberi
1055 2018 1122 2039 non
1140 2013 1265 2047 potest,

691 2067 762 2097 quae
778 2055 875 2086 fidem
890 2067 958 2086 non
969 2055 1109 2093 faciunt,
1123 2053 1268 2094 adeoque

691 2110 846 2143 suspecta.
870 2103 1021 2143 Respexit
1044 2111 1171 2132 versum
1199 2102 1266 2131 sta-

691 2150 755 2179 tius
772 2151 803 2179 11
820 2149 921 2180 Theb.
945 2150 1138 2187 535—537.
1161 2146 1269 2178 Sensit

692 2196 852 2236 delapsus,
869 2194 970 2229 ᾔσθετ’
979 2194 1120 2238 ἐμπεσὼν
1133 2217 1141 2232 ,
1157 2200 1195 2223 ut
1210 2204 1269 2224 no-

693 2248 762 2272 tum
773 2265 781 2281 ,
799 2242 838 2273 ad
853 2241 986 2273 formam
1003 2253 1135 2285 graecam
1145 2265 1154 2278 ,
1174 2241 1268 2271 intel-
