1433 2460
129 156 138 174 1
149 152 189 181 ,30

626 144 818 175 mxl-linos

125 206 238 239 saci-a
255 214 418 249 suosque
441 199 509 236 tibi
529 202 767 238 commendat
783 202 895 251 Troja
914 204 1068 238 Penates
1087 216 1095 238 :

125 265 202 299 llus·
219 275 310 309 cape
329 261 490 297 fatorum
511 262 685 309 comites3
706 262 762 298 liis
783 263 917 299 moenia
935 276 1081 311 quaere,

124 326 259 371 Magna
277 331 472 371 pererrato
488 331 628 360 statues
647 337 731 373 quae
748 325 911 373 <leuique
930 332 1056 373 ponto.
1080 339 1094 353 u
1279 329 1325 361 ²9⁵

124 385 185 421 Si(-
203 383 270 429 ait,
292 391 328 418 et
348 382 521 419 manibus
541 383 652 420 vittas
665 412 674 429 ,
693 387 921 434 Vestamque
943 392 1153 433 potentem,

124 446 396 492 AEternumqne
416 442 538 492 adytis
556 443 667 479 essert
684 444 940 492 penetralibus
964 444 1099 493 iguem.

175 504 337 541 Diverso
357 504 498 540 interea
516 505 721 541 miscentur
744 505 880 541 moenia
901 506 1023 551 luctu3

124 567 169 600 Et
186 564 303 614 magis
321 572 434 613 atque
455 565 591 613 magis,
612 577 842 614 quamquam
861 574 1006 601 secreta
1025 564 1190 613 parentis

124 625 298 663 Anchisae
318 626 452 662 doinus
473 625 753 675 arboribusque
774 626 925 662 obtecta
945 625 1116 672 recessit,
1280 633 1327 657 300

124 685 341 723 Clarescnnt
358 685 521 731 sonitus,
538 698 807 735 armorumque
826 685 968 736 ingruit
984 685 1133 721 horror.

172 845 367 883 293—297.
384 845 521 873 Penates
534 849 608 872 sunt
623 845 701 873 Tro-

119 890 160 928 jae
174 890 316 930 publici,
339 891 430 930 patrii
453 890 517 927 dii,
544 890 632 919 urbis
653 897 699 919 tu-

124 937 194 967 tela.
224 939 323 966 Sacra
350 944 381 966 ec
406 939 545 966 Penates
568 944 702 976 possunt

124 994 183 1024 pro
211 983 317 1013 eadem
344 995 376 1013 re
401 983 510 1012 haberi
522 1006 530 1018 ,
561 990 597 1012 ut
629 983 679 1012 illa
690 1006 698 1021 ,

126 1030 244 1070 quibus
272 1031 395 1071 generis
411 1031 501 1059 notio
522 1030 620 1065 inest,
650 1029 700 1059 de-

126 1077 286 1106 clarentur
311 1088 367 1116 per
391 1076 460 1106 hos.
492 1077 542 1105 Sic
567 1086 644 1105 mox
668 1088 698 1106 v.

127 1124 191 1153 320
211 1125 311 1152 Sacra
329 1134 429 1152 marm
441 1121 609 1162 victosque
625 1122 700 1152 deos

124 1188 170 1192 ——-
183 1169 291 1200 trahit.
312 1171 351 1200 Et
364 1171 408 1199 sic
421 1180 502 1209 saepe
518 1179 612 1198 sacra
630 1170 699 1199 uni-

125 1228 211 1246 verse
223 1239 231 1254 ,
265 1216 304 1246 de
338 1217 471 1247 deorum
501 1216 677 1245 simulacris
688 1239 696 1254 ,

123 1265 216 1294 etiam
241 1263 279 1293 de
301 1263 351 1293 his
370 1263 445 1304 ipsis
468 1262 650 1293 Penatibus,
665 1275 695 1293 V.

123 1321 150 1340 c.
165 1310 262 1341 Ovid.
277 1312 358 1340 Fast.
376 1312 390 1339 I
401 1332 409 1347 ‚
430 1310 506 1340 526.
520 1311 563 1339 Ut
580 1310 620 1339 sit
638 1320 696 1349 pro

122 1357 246 1396 vulgari
266 1367 273 1387 :
295 1359 444 1393 Penates,
472 1363 503 1386 et
526 1366 601 1385 cnm
626 1355 694 1393 his,

120 1413 206 1433 sacra
219 1413 275 1432 sua
290 1403 349 1432 tibi
364 1403 468 1433 tradit.
481 1404 561 1433 Mox
574 1413 604 1433 v.
619 1404 695 1442 296,

123 1460 184 1490 297
201 1451 329 1479 Vestam
344 1458 376 1480 ec
385 1450 491 1491 ignem
507 1459 631 1479 sacrum
650 1451 696 1478 vi-

120 1507 174 1526 sus
195 1503 241 1526 est
259 1499 365 1526 AEneae
381 1497 552 1527 somnianti
576 1498 696 1526 Hector

121 1543 232 1572 efferre
257 1554 273 1572 e
299 1544 416 1584 templo
437 1554 444 1574 :
467 1543 506 1572 ad
531 1543 693 1572 declaran-

121 1589 197 1618 dum
209 1612 217 1626 ,
248 1590 362 1619 urbem
386 1591 449 1628 jam
475 1601 540 1620 esse
565 1589 692 1619 excidio

121 1636 309 1666 damnatam.
323 1639 453 1677 Quaeras
464 1647 471 1667 ε
481 1647 521 1666 an
535 1636 602 1665 haec
615 1647 694 1676 quo-

120 1693 182 1723 que
192 1694 248 1723 per
259 1694 352 1712 sacra
362 1683 520 1713 declarare
530 1690 623 1723 poeta
640 1694 694 1713 vo-

120 1730 203 1759 luit?
228 1731 337 1760 Potuit
348 1732 439 1760 sane!
461 1731 579 1770 quippe
592 1731 693 1770 poetis

120 1776 281 1812 sollenne,
305 1784 341 1806 ut
362 1778 466 1817 primo
493 1783 615 1816 ponant
640 1787 692 1816 ge-

120 1833 200 1859 nus,
224 1830 294 1852 tum
311 1823 484 1863 adjungant
506 1823 625 1863 species
645 1833 696 1863 sy-

120 1870 291 1909 nonymice
305 1879 312 1899 :
328 1870 370 1899 ita
386 1870 487 1899 oratio
502 1870 569 1909 ipsa
586 1867 623 1898 fit
641 1879 693 1898 or-

120 1916 234 1946 natior.
245 1917 289 1946 At
302 1918 387 1945 enim
400 1916 522 1945 diversa
535 1922 610 1945 sunt
623 1925 694 1955 quae

121 1969 225 1991 narrat
255 1970 348 2002 poeta
372 1972 379 1993 ε
404 1965 533 1992 Penates
566 1961 696 1991 mandat

121 2009 227 2038 AEneae
242 2020 350 2038 secum
361 2009 540 2038 efferendos
550 2008 648 2045 urbe;
664 2015 695 2038 at

122 2054 249 2083 Vestam
264 2062 294 2084 et
309 2057 416 2096 ignem
427 2079 435 2093 ,
453 2062 490 2085 ut
507 2056 608 2084 visum
628 2061 695 2084 erat

120 2110 177 2140 per
191 2102 330 2139 quietem
347 2105 452 2132 AEneae
463 2125 471 2139 ,
495 2102 562 2142 ipsa
575 2103 693 2131 Hecto—

120 2147 162 2175 ris
184 2147 296 2176 umbra
315 2149 415 2179 effert.
435 2148 538 2178 Viccas
549 2147 692 2189 religiose

119 2193 248 2233 posuit,
269 2205 343 2223 cum
360 2197 455 2225 Vesta
468 2195 590 2225 victam
603 2193 614 2235 (
625 2205 692 2224 non

121 2240 206 2268 enim
229 2239 267 2269 ad
291 2241 448 2270 Palladem
472 2243 558 2271 vittae
582 2241 693 2271 referri

120 2293 255 2326 possunt
265 2309 273 2325 ,
292 2287 379 2327 qnod
394 2289 502 2319 Burm.
520 2288 594 2319 fecit
609 2287 622 2329 )
638 2295 693 2318 aut

755 853 824 872 eum
853 841 945 872 viteis
972 841 1107 871 (licenda
1132 848 1220 872 esset.
1247 842 1328 872 Vide

755 901 825 929 sup.
852 889 891 918 ad
916 900 944 919 v.
976 890 1048 925 108,
1067 889 1238 929 Virgineus
1257 889 1329 918 ausi

756 936 837 966 (Ιιίἰι-
854 935 1038 976 concingere
1052 935 1163 966 victas.
1177 937 1327 965 Fatorum

754 983 884 1012 comites
899 990 1018 1023 quanto
1044 983 1206 1022 potentins
1231 993 1328 1022 quam

754 1040 912 1064 errorum,
932 1029 1017 1065 vim,
1037 1039 1167 1058 casuum
1178 1030 1191 1057 !
1206 1029 1329 1058 IlIoem'a

754 1077 843 1106 intel.
875 1076 988 1105 urbem
1005 1077 1182 1106 Lavinium.
1204 1077 1329 1116 Magna

754 1122 836 1152 dixit
852 1129 996 1162 respectu
1012 1125 1122 1153 Romae
1137 1121 1210 1151 inde
1223 1123 1329 1152 oriun-

754 1169 821 1206 dae;
836 1177 873 1199 ut
887 1176 917 1198 et
930 1171 989 1206 111,
1012 1169 1085 1209 159.
1101 1168 1242 1198 Tandem
1261 1179 1324 1209 297

753 1216 857 1255 adytis
872 1216 1091 1256 penetralibus
1104 1214 1199 1257 effirc
1212 1226 1222 1245 :
1242 1217 1328 1246 visus

751 1271 797 1293 est
813 1265 934 1293 Hector
943 1274 983 1292 ex
993 1264 1058 1303 ipsa
1068 1264 1173 1292 Vestae
1183 1261 1248 1292 aede
1259 1262 1325 1293 deae

751 1310 956 1339 simulacrum
971 1320 1043 1338 cum
1054 1311 1126 1350 igne
1134 1319 1223 1339 sacro
1234 1309 1326 1339 effer-

751 1367 794 1387 re.
815 1359 890 1397 Quo
908 1367 983 1386 vero
997 1356 1069 1386 loco
1087 1358 1216 1386 Penates
1228 1357 1325 1396 positi

750 1404 885 1439 fuerint,
902 1410 996 1443 poeta
1008 1413 1075 1432 non
1090 1401 1219 1433 docuit:
1235 1403 1324 1433 intel-

750 1450 859 1491 ligitur
875 1457 979 1479 tamen
994 1460 1034 1479 ex
1046 1450 1113 1489 ipsa
1126 1459 1175 1486 re,
1189 1449 1223 1478 in
1238 1459 1324 1480 acro-

750 1497 817 1536 poli
842 1508 895 1527 eos
919 1497 1043 1526 habitos
1062 1496 1167 1526 fuisse.
1182 1513 1230 1519 —-
1245 1502 1322 1536 294.

750 1545 859 1574 Heius.
883 1543 1076 1584 distinguere
1095 1542 1222 1572 volebat
1241 1553 1250 1580 ;
1275 1542 1323 1572 llis

749 1590 869 1619 moem'a
889 1600 996 1630 quaere
1012 1599 1152 1629 magna,
1176 1599 1211 1629 p.
1232 1595 1263 1618 et
1280 1590 1324 1619 ita

749 1637 782 1665 in
804 1638 896 1667 Witt.
915 1643 990 1666 erat.
1014 1637 1133 1667 Contra
1148 1637 1322 1666 Burmann.

747 1682 887 1723 disputat
917 1683 1014 1723 magis
1044 1681 1204 1712 subtiliter
1227 1692 1322 1722 quam

747 1741 831 1759 vere.
848 1728 1042 1759 Declaranda
1056 1739 1104 1758 res
1117 1740 1158 1758 ex
1171 1739 1219 1766 eo,
1235 1729 1322 1769 quod

748 1777 920 1817 elegantior
949 1774 1103 1815 loquendi
1133 1774 1246 1805 modus
1257 1798 1265 1814 ,
1296 1777 1323 1806 si

749 1823 913 1863 epitheton
926 1822 977 1852 vel
989 1822 1180 1860 adjectivum
1194 1829 1266 1862 post
1277 1832 1323 1852 re-

747 1869 880 1899 lativum
903 1870 1037 1909 ponitur
1060 1878 1067 1899 :
1090 1867 1230 1905 moenia,
1250 1879 1322 1908 quoe

749 1926 884 1957 magna,
902 1926 962 1955 pro
977 1914 1064 1956 vulg.
1076 1936 1085 1952 ‚
1100 1913 1219 1944 moenia
1234 1925 1320 1956 mag-

749 1972 791 1991 na
803 1985 812 2000 ,
829 1973 911 2002 quoe.

780 2019 783 2021 ·
797 2009 861 2048 298
874 2026 922 2031 -—
937 2008 1013 2037 301.
1030 2008 1153 2036 Interea
1166 2007 1237 2036 urbs
1250 2007 1321 2037 mis-

747 2063 835 2085 cetur
849 2055 933 2084 luctu
944 2077 952 2091 ,
972 2054 1004 2084 h.
1022 2064 1049 2083 e.
1063 2054 1097 2082 in
1116 2053 1196 2083 urhe
1210 2055 1319 2084 misce-

747 2108 799 2131 tur
810 2102 921 2138 lla-tus,
934 2100 1079 2139 ejulatus,
1094 2099 1213 2130 clamor
1223 2099 1320 2141 (mox

746 2147 809 2178 vid.
842 2149 904 2177 301
934 2146 1055 2176 sonitus
1072 2145 1084 2188 )
1117 2145 1273 2183 diversus,
1301 2158 1319 2176 a

746 2194 876 2224 diversis
899 2194 989 2223 urbis
1013 2192 1167 2234 partibus.
1197 2194 1318 2224 Domus

745 2249 865 2271 secreta
885 2239 1012 2270 recessic
1034 2246 1144 2269 ornate
1167 2249 1246 2279 pro,
1273 2246 1320 2270 est

745 2294 874 2327 secreta,
892 2288 1044 2318 remotior
1061 2296 1077 2316 a
1092 2285 1185 2316 litore
1203 2293 1233 2316 et
1245 2295 1333 2327 por--
