1433 2460
92 84 151 116 '584
548 81 766 113 ExCL'RSL‘s
791 82 820 112 ll

87 150 229 181 rapaces:
248 146 281 169 ut
306 138 390 179 apud
408 138 597 179 Apollodor.
616 141 648 175 1,
670 151 689 180 ς)
702 162 710 176 ,
733 151 786 179 2ι,
818 140 874 170 ubi
898 142 1113 182 Argonautica
1134 143 1282 183 exponit,

87 193 244 236 πτερωταὶ
261 201 335 223 snut
361 201 391 223 et
416 192 467 223 σὺν
489 192 546 235 βοῇ
570 194 812 238 κπΟιπτάμ-εναι.
836 197 977 226 Omnino
999 197 1034 226 iu
1061 198 1286 237 Argon-amicis

85 249 188 278 sibula
204 249 243 278 de
261 248 380 278 Phineo
396 254 427 277 et
442 249 592 290 Harpyiis
609 249 756 279 disertius
774 251 915 291 exposita
933 250 1026 281 fuisse
1050 250 1186 282 videtur.
1203 252 1285 281 Hac-

85 311 175 332 tenus
187 303 342 343 Harpyias
351 301 538 332 animantia
549 303 640 332 alata
651 311 829 333 monstrosa
836 305 931 335 fuisse
944 305 1102 335 existimes
1114 315 1121 335 ε
1133 305 1286 346 Virgilius

83 356 203 386 addidit
227 357 328 397 plura.
345 359 427 387 Sunt
453 357 512 397 ipsi
537 357 690 397 llarstrioe
716 359 885 395 volucres,
904 359 1053 401 virgineo
1077 371 1130 389 οιϊ
1140 372 1153 396 ;
1173 369 1288 390 manus

84 413 237 451 unguibus
253 412 351 442 curvis
368 411 538 442 instructas
555 411 691 448 habene,
706 413 806 452 pedes
820 424 918 444 uncos
928 437 936 449 ‚
955 425 1070 444 vocem
1078 414 1200 452 diram,
1213 415 1288 455 pal-

82 468 178 495 lorem
195 477 236 496 em
247 466 344 507 fiune
354 489 362 503 ‚
376 476 488 506 corpus
503 465 746 497 invulnerabile.
761 467 802 508 (a
812 478 822 496 1
831 468 851 498 6
869 467 1018 509 Virginei
1031 468 1199 499 volucrum
1213 469 1287 499 vul-

81 530 182 550 tus—
190 532 345 562 unca’que
360 531 477 550 manus
485 538 532 544 —
544 521 620 552 226.
639 521 771 563 Illagnis
782 521 935 563 quatiunt
946 522 1150 564 clangoribus
1162 524 1288 553 alas-

82 585 148 606 tum
165 586 234 605 vox
250 575 450 606 dira—233.
469 576 605 606 Pedibus
620 576 719 606 uncis.
733 576 745 618 )
763 576 811 608 Ad
825 576 921 616 hujus
940 584 1042 618 pootae
1054 577 1188 607 (luctum
1202 579 1288 619 eogi-

81 629 212 660 taudum
232 631 291 660 erit
307 629 346 660 de
359 629 485 661 alitibus
501 631 645 672 virgineo
662 640 716 660 ore
729 630 919 672 insignibus.
933 632 1092 662 Convenit
1104 630 1209 662 Schol.
1224 632 1287 672 Ly-

81 683 192 723 cophr.
209 683 275 713 655
299 683 434 726 σώματσι
448 686 558 728 ’γυπῶν
571 707 579 722 ,
596 682 753 726 πρόσωπα
767 686 866 727 κορῶν
878 683 1006 725 ἔχουσαι
1017 695 1026 723 ;
1038 684 1094 716 sed
1105 684 1190 715 idem
1207 685 1288 725 mito

80 738 176 769 modo
195 737 300 775 addit,
319 734 386 769 ὦτα.
403 737 526 781 ἅκρτων
537 762 545 777 ,
563 750 656 770 aures
669 737 796 769 zar-sinas
810 749 860 769 eas
878 739 1006 770 habere.
1271 745 1273 747 '

125 793 197 823 Jam
215 803 378 833 expressas
391 793 534 822 videmus
547 793 579 822 in
597 794 703 824 numis
719 804 754 824 ac
771 795 902 836 gemmis
915 794 1031 825 formas
1048 794 1218 825 volucrum
1231 804 1289 824 ca-

75 846 144 885 pite
161 846 310 888 virglneo
329 846 554 877 instructarum
579 858 590 876 .·
616 858 695 887 quas
718 849 811 878 variis
839 849 942 879 modis
965 849 1169 890 interpretari
1185 848 1290 880 solent

79 901 139 931 viri
156 901 241 931 doen·
251 925 259 937 ‚
276 900 372 932 modo
385 902 509 932 Sirenes
519 924 527 939 ‚
541 901 640 932 modo
653 903 886 944 Stymphalides
897 926 905 940 ,
921 904 1018 934 modo
1035 905 1201 945 Harpyia&
1217 905 1291 943 Pos-

79 954 176 984 terius
191 954 253 984 hoc
266 965 340 984 cum
356 955 460 996 aliqua
473 955 698 996 probabilitate
712 958 806 987 statui
820 967 912 998 posse
926 957 1053 988 videtur
1067 967 1074 988 :
1091 957 1289 988 conveniunt

80 1009 166 1038 euim
186 1009 297 1039 formae
319 1019 394 1039 cum
414 1009 562 1050 exemplo
585 1010 782 1051 virgiliano,
799 1012 861 1041 nisi
876 1011 966 1052 quod
988 1022 1078 1042 unca·
1100 1021 1216 1041 manus
1232 1010 1288 1040 ab·

80 1071 153 1093 sunt
163 1087 172 1101 ‚
192 1071 223 1094 et
241 1064 328 1105 quod
359 1065 548 1106 plerumque
579 1065 665 1107 galea
694 1067 837 1106 apposita
865 1073 912 1096 est
933 1068 1030 1108 capiti
1048 1076 1055 1097 ε
1079 1066 1153 1097 vide
1179 1066 1288 1097 saltem

82 1119 262 1150 Montfauc.
281 1126 359 1150 tom.
376 1121 390 1149 1
401 1142 410 1158 ‚
425 1120 469 1161 pl.
490 1130 554 1150 222
568 1131 576 1158 ;
593 1120 654 1151 vel.
671 1121 782 1162 Beger.
797 1120 890 1152 Thes.
906 1121 1022 1152 Brand.
1041 1128 1063 1152 t.
1079 1123 1146 1159 111,
1161 1131 1193 1162 p.
1211 1121 1250 1158 37
1261 1131 1289 1150 1.

82 1175 217 1215 Propius
236 1173 275 1204 ad
291 1175 463 1217 Virgilium
481 1185 627 1216 expressa
641 1182 687 1205 est
713 1176 806 1205 facies
819 1177 853 1206 in
869 1176 948 1207 Cod.
961 1178 1064 1207 Vatic.
1079 1176 1118 1207 ad
1134 1176 1204 1207 ΕΠ.
1219 1176 1266 1205 vl
1276 1198 1285 1211 ‚

82 1227 147 1267 289
161 1227 219 1257 ubi
235 1229 270 1257 in
287 1227 365 1258 locis
389 1228 498 1258 inferis
519 1236 740 1260 memorantur
754 1230 924 1271 Harpyiae3
941 1237 988 1260 est
1003 1231 1094 1272 virgo
1104 1230 1150 1260 ibi
1162 1229 1239 1259 alata
1253 1229 1287 1258 in

80 1292 168 1311 avem
189 1282 335 1313 desinens
353 1294 426 1313 cum
443 1284 592 1314 manibus
606 1285 708 1315 uncis.
733 1285 855 1314 Verum
876 1285 910 1315 in
934 1276 1150 1316 monumentis
1164 1285 1214 1315 hae
1231 1276 1288 1314 ab·

78 1343 163 1366 sunt.
190 1336 308 1366 Addita
332 1338 430 1377 igitur
451 1345 497 1367 est
515 1338 601 1377 galea
619 1339 728 1368 nescio
751 1349 813 1379 qua
835 1337 875 1368 de
897 1349 1022 1377 caussa3
1047 1346 1102 1369 aut
1115 1338 1287 1369 dicendum

79 1398 144 1427 est,
164 1401 287 1421 merum
306 1391 492 1432 phantasma
511 1391 690 1430 artificum,
711 1392 926 1433 symbolicum
949 1394 1049 1431 forte,
1070 1404 1136 1423 eam
1153 1394 1288 1434 speciem

78 1455 154 1476 esse.
171 1447 307 1476 Possunt
321 1456 452 1486 quoque
476 1447 582 1475 omnia
609 1445 676 1475 haec
694 1447 813 1486 pariter
829 1457 894 1476 esse
913 1457 985 1476 vera
997 1470 1006 1485 ,
1020 1448 1046 1476 si
1062 1454 1145 1477 recte
1161 1457 1196 1477 ea
1213 1457 1287 1477 con-

80 1500 230 1530 stitueris.

126 1553 253 1584 Scilicet
264 1560 340 1583 sunt
358 1553 443 1583 haud
457 1563 557 1594 pauca
572 1555 761 1583 Graecorum
772 1576 781 1591 ,
797 1555 945 1593 inprimis
960 1554 995 1584 iu
1004 1553 1148 1596 Odyssea
1159 1577 1167 1591 ‚
1183 1564 1289 1585 mous-

82 1616 128 1639 tra
140 1631 148 1645 ‚
165 1618 237 1649 quae
255 1607 295 1638 ab
314 1608 442 1648 antiqua
463 1607 567 1648 aliqua
586 1607 688 1637 forma
705 1605 882 1648 symbolica
902 1607 998 1638 ducta
1017 1616 1111 1646 sunt;
1131 1608 1287 1639 nonnulla

81 1672 209 1703 quoque
225 1662 424 1692 conveniunt
439 1671 513 1691 cnm
524 1661 680 1703 AEgyptiis
696 1660 917 1702 hieroglyphis
927 1683 936 1699 ‚
952 1672 1008 1691 seu
1022 1671 1112 1700 casu,
1127 1672 1184 1692 seu
1197 1662 1286 1703 quod

81 1717 155 1748 inde
170 1717 264 1746 ducta
283 1724 390 1754 erant;
406 1716 474 1746 aliis
486 1723 593 1747 tamen
607 1715 710 1746 modis
725 1723 855 1746 tractata
871 1723 904 1747 et
919 1720 1041 1748 ornata.
1065 1719 1112 1747 Ita
1131 1718 1285 1760 Harpyias

82 1771 236 1813 [Egyptiis
247 1769 361 1811 figur-is
369 1769 498 1800 alitibus
511 1781 585 1800 cum
594 1771 702 1811 capite
715 1771 859 1812 virgineo
869 1770 998 1812 (quales
1010 1770 1095 1812 apud
1103 1772 1283 1802 Montfauc.

81 1825 174 1865 suut)
190 1824 307 1854 similes
319 1834 386 1855 esse
409 1823 497 1854 haud
524 1834 652 1866 negem3
669 1831 803 1865 potuere
818 1835 945 1865 quoque
961 1835 1002 1855 ex
1024 1827 1164 1867 AEgypto
1179 1824 1283 1855 ductae

79 1890 156 1910 esse.
174 1879 289 1909 Eadem
305 1879 406 1909 forma
419 1880 519 1909 serius
534 1873 815 1920 superstitionibus
828 1879 1040 1910 amuletorum
1054 1880 1216 1918 inserviit,
1229 1889 1283 1910 va-

80 1936 189 1974 rieque
205 1945 240 1964 ea
256 1934 398 1965 occurrit
420 1940 532 1964 ornata
546 1935 581 1964 in
598 1934 738 1975 gemmis.
761 1943 792 1963 v.
817 1933 909 1963 Gorii
933 1934 1079 1964 Gemmas
1095 1933 1195 1964 astrif-
1216 1933 1280 1964 tab.

86 1999 96 2017 ι
107 1989 148 2018 35
160 2011 170 2025 7
186 1990 206 2018 6
218 2012 227 2026 ,
244 1999 274 2027 7.
289 1989 397 2018 Exstat
412 1997 532 2017 numus
548 1987 774 2017 Gabalensium
785 1986 871 2028 apud
886 1988 1034 2018 Patinmn
1048 1988 1083 2017 in
1091 1988 1282 2019 Nnmismat.

80 2046 183 2084 impp.
198 2054 230 2084 p.
251 2043 332 2081 2243,
347 2043 382 2072 in
397 2052 462 2083 quo
477 2043 620 2085 Harpyia
635 2052 709 2072 cum
723 2041 861 2084 Sphinge
874 2041 980 2074 efficta
994 2042 1204 2084 symbolicam
1215 2051 1282 2083 spe-

82 2099 162 2128 ciem
180 2097 285 2128 habet.

128 2152 210 2181 Cum
226 2162 261 2181 ea
275 2152 375 2181 forma
396 2151 492 2182 semel
516 2152 671 2181 instructa
692 2157 772 2181 esset
785 2151 870 2193 galea
881 2172 890 2187 ‚
907 2149 1026 2189 adjecta
1044 2149 1132 2181 fuere
1150 2150 1226 2188 alia,
1244 2157 1281 2180 ut

81 2209 217 2251 clipeus,
231 2210 317 2240 hasta
330 2221 338 2246 ς
352 2211 394 2240 ita
416 2218 451 2242 ut
467 2210 594 2242 tandem
608 2209 742 2243 Palladis
758 2209 904 2251 symbola
920 2220 955 2241 ea
973 2210 1090 2240 referre
1108 2209 1278 2241 videretur.
