1433 2460
131 92 196 127 2:⁴06

644 87 837 119 AENEIDOS

131 148 328 185 Subducta
349 145 395 182 ad
419 144 540 182 Manis
559 143 652 181 iulos
672 145 879 182 desidimus
902 145 1013 181 unda.

1299 152 1320 176 «ἰ

1322 151 1346 176 ἰζ-ζ

135 210 210 243 Ter
229 204 373 253 scopuli
396 204 599 240 clamorem
620 203 720 241 inter
740 217 832 241 cava
853 217 942 241 saxa
963 203 1102 240 dedere
1121 217 1127 238 :

139 268 214 302 Ter
234 276 405 313 spumam
425 263 553 300 elisam
575 272 611 300 et
632 264 798 300 rorantia
817 263 979 301 vidimus
1000 271 1110 300 astra.

197 329 345 360 Interea
367 325 482 360 sessos
503 333 636 360 ventus
656 336 742 361 cum
758 324 836 360 sole
855 324 1023 373 reliquit3

147 385 351 434 Ignarique
369 384 459 429 viae,
481 383 690 432 Cyclopum
706 381 921 419 adlabimur
940 384 1027 420 oris.

146 447 280 480 Portus
301 443 348 480 ab
368 444 524 480 adcessu
544 451 747 478 ventorum
766 441 962 487 immotus,
983 451 1020 479 et
1036 442 1163 492 ingens
1301 450 1349 482 570

147 507 248 553 Ipse3
269 504 334 541 sed
356 502 543 540 horrificis
559 503 669 552 juxta
690 510 795 539 tonat
810 503 922 539 AEtua
943 502 1079 547 ruinis,

147 638 288 678 adeoque
308 638 401 666 etiam
416 636 454 665 de
472 636 609 666 navibus
622 659 630 673 ‚
644 647 722 665 mer-

146 686 187 714 sis
205 684 254 713 vel
273 683 436 724 depressis».
452 695 482 713 v.
500 684 611 713 Heius.
631 682 669 712 ad
687 682 720 713 h.

146 731 166 760 l.
194 737 224 759 et
243 741 323 769 quos
342 729 449 759 laudat
465 731 630 759 Burin.—
643 730 719 760 565.

149 776 302 805 Subducci
331 776 472 806 pai-rhus.
488 777 581 805 ‘Mox
615 776 721 815 vulgg.

146 822 219 852 edd.
244 829 315 851 ante
342 822 449 852 uvius.
479 821 721 857 descendimus;

145 879 258 897 verum
278 875 461 909 reposuerat
481 867 533 897 ille
551 867 723 908 (tanquam

147 914 357 954 exquisitius)
372 921 445 944 cum
460 914 579 943 Medic.
594 914 725 954 aliisque

147 960 423 1000 praestantioribus
442 961 506 989 suis
521 967 552 989 et
575 961 726 990 Pierianis

149 1006 344 1041 desedimus,
361 1005 449 1046 quod
474 1005 591 1036 Bened.
611 1013 641 1035 et
657 1007 725 1037 Pie-

149 1055 214 1082 rius
226 1076 233 1090 ,
252 1061 319 1082 tum
339 1054 405 1093 ipse
436 1053 564 1092 copiose
593 1051 728 1082 illustra-

151 1105 217 1128 tum
228 1099 401 1135 dederunt3
420 1098 592 1128 desidimus
605 1109 644 1128 ex
660 1110 726 1129 uno

149 1145 307 1175 Montalb.
349 1144 544 1185 proferebat,
575 1152 725 1185 tanquam

149 1191 237 1231 quod
251 1202 325 1221 cum
343 1191 486 1221 tollimur
511 1191 622 1221 melius
646 1199 724 1221 tem-

148 1247 226 1276 pore
244 1239 448 1276 conveniret,
465 1245 496 1267 et
515 1248 601 1268 nunc
618 1248 725 1279 recep·

148 1290 216 1312 tum
233 1294 248 1313 a
259 1285 443 1314 Burmanno
457 1284 554 1315 vides.
576 1284 726 1314 Consedi-

149 1339 218 1358 171115
242 1340 326 1359 unus
357 1330 464 1367 Leid.‚
486 1331 576 1360 male.
590 1330 725 1361 —566.

148 1371 278 1405 Fluc’tus
295 1386 368 1404 cum
389 1376 512 1417 fragore
525 1378 560 1406 in
576 1387 725 1406 cavernas

149 1421 251 1451 litoris
279 1422 408 1450 irruunt
436 1429 513 1452 aestu
535 1424 629 1452 maris
650 1433 724 1463 pro-

149 1468 254 1506 pulsi3
284 1466 370 1496 unde
406 1470 552 1498 retroacti
586 1470 619 1498 in
647 1469 725 1498 alios

150 1513 267 1542 fluetus
280 1514 539 1552 supervenientes
556 1514 703 1544 incidunt
716 1526 724 1552 ;

151 1560 269 1598 quibus
301 1557 380 1588 allisi
410 1558 527 1589 undam
556 1561 590 1589 in
620 1560 724 1591 medio

149 1615 288 1644 pressam
324 1605 533 1642 ejaculantur.
571 1607 725 1646 spumam

151 1651 282 1686 elisam,
326 1649 486 1679 fluctuum
526 1649 565 1679 ad
603 1659 725 1682 cautem

151 1697 312 1727 allisorum
323 1719 332 1734 ‚
349 1692 489 1726 ἐπιῧὶώει
508 1691 621 1731 ὕδατος
635 1694 726 1736 ἄχνη,

151 1744 305 1784 Apollon.
346 1744 393 1772 1V
405 1765 413 1779 ,
447 1743 544 1774 1238.
573 1743 728 1773 Rorancia

150 1798 254 1826 astra,
282 1799 363 1830 aqua
390 1790 426 1818 in
458 1790 556 1819 altum
585 1789 726 1826 sublata,

150 1838 231 1865 roris
247 1838 346 1866 instar
367 1837 514 1875 guttatim
531 1835 707 1865 destillante
719 1858 727 1871 ‚

150 1882 300 1921 probasse
314 1881 440 1912 videtur
451 1882 558 1911 saecuh'
571 1883 729 1924 Augustei

151 1930 272 1967 genius.
308 1929 432 1959 Nostris
455 1928 640 1960 hominibus
673 1929 729 1958 vix

152 1974 310 2013 placeant!
328 1977 375 2004 Ita
404 1982 508 2004 tamen
533 1982 655 2004 veteres
671 1985 727 2004 sae-

151 2021 288 2058 pissime.
307 2033 337 2051 v.
362 2032 388 2050 c.
407 2032 483 2051 mox
500 2032 530 2052 V.
554 2022 619 2059 574
636 2028 667 2066 εξ
687 2020 729 2050 si-

152 2065 229 2095 dera
246 2066 377 2103 lambit,
396 2067 435 2097 de
461 2067 588 2098 flamma
615 2070 726 2098 AEtnea

151 2111 190 2141 ad
227 2113 341 2141 coelum
368 2113 560 2144 exundante.
577 2131 623 2136 —-
648 2114 724 2144 568.

152 2159 256 2197 Quam
285 2161 412 2188 ornate!
443 2162 566 2201 vesperi
588 2167 722 2196 ventus,

150 2205 275 2245 aquito,
292 2212 398 2234 cessat.

827 637 902 674 570.
917 636 1062 666 Subeunt
1077 636 1206 674 Trojani
1222 643 1349 677 portum

779 682 968 724 Cyclopum.
986 683 1117 723 Proprie
1136 692 1216 723 aqua
1233 690 1279 712 est
1293 684 1351 712 iin-

777 737 862 759 mota
882 740 898 758 a
926 730 1055 758 ventis:
1084 728 1160 758 iude
1195 729 1352 770 eleganter

775 783 905 815 portum
928 776 1029 805 ventis
1051 775 1244 805 inaccessum
1260 782 1352 805 extu-

775 821 836 851 lit:
858 824 972 851 Porcus
1002 821 1042 850 ab
1076 832 1108 852 α.
1125 832 1160 851 v.
1195 821 1352 851 immotus.

779 870 909 898 Portum
937 874 1042 897 autem
1070 867 1156 897 hunc
1168 890 1176 904 ‚
1195 874 1231 897 ut
1250 874 1353 898 totum

779 913 817 943 de
849 914 1065 955 Cyclopibu5‚
1088 924 1263 954 eorumque
1296 920 1354 943 ter—

779 971 832 997 ra,
866 960 974 990 locum
1018 962 1158 991 Homero
1193 960 1331 1001 sublegit
1346 971 1353 991 :

780 1006 895 1047 Odyss.
923 1018 950 1045 ι,
973 1007 1035 1037 136
1051 1018 1119 1048 sqq.
1145 999 1183 1037 Ϊίν
1201 1003 1237 1036 δὲ
1261 1005 1351 1048 λιμὴν

782 1050 907 1094 εὔορμος
940 1060 1020 1089 etc.,
1042 1055 1097 1092 qui
1129 1063 1238 1083 versus
1258 1053 1354 1091 hujus

780 1106 855 1128 sunt
887 1100 1119 1140 interpretatio.
1157 1101 1271 1129 Portus
1300 1099 1354 1129 ille

780 1147 882 1175 AEtnae
903 1145 1072 1186 profluviis
1101 1151 1186 1175 totus
1201 1155 1289 1175 nunc
1309 1152 1356 1175 est

780 1192 943 1232 oppletus,
962 1199 996 1222 ut
1009 1202 1049 1221 ex
1066 1194 1099 1222 P.
1116 1191 1236 1221 Bembo
1250 1198 1281 1221 et
1296 1193 1353 1222 Fa-

779 1238 859 1268 cello
878 1237 990 1268 docuit
1012 1238 1190 1269 Cluverius.
1217 1237 1257 1268 cf.
1285 1239 1355 1268 Ses-

780 1283 841 1314 tini
849 1287 973 1314 Lectere
988 1292 1064 1315 tom.
1086 1286 1101 1314 I
1114 1306 1123 1323 ,
1145 1286 1224 1315 Lett.
1244 1294 1275 1325 9.
1294 1286 1355 1314 Ex—

780 1338 864 1360 stant
879 1331 1018 1371 scopuli,
1038 1330 1077 1360 de
1093 1330 1211 1371 quibus
1227 1341 1353 1361 accura-

780 1383 810 1406 te
835 1388 939 1418 nuper
965 1378 1029 1417 egit
1058 1376 1239 1407 Dolomieu.
1266 1377 1356 1408 Cete-

779 1434 850 1452 rum
874 1434 890 1453 e
913 1423 1089 1464 Virgiliana
1109 1424 1288 1453 narratione
1304 1434 1356 1464 ap-

779 1476 886 1509 paret,
914 1476 1038 1510 poetam
1067 1469 1162 1499 fuisse
1194 1470 1278 1499 inter
1300 1480 1354 1500 eos

778 1516 834 1554 qui
848 1516 986 1545 insulam
1005 1516 1186 1555 Caprariam
1201 1522 1232 1545 et
1243 1515 1354 1556 Cyclo-

779 1572 856 1601 pum
868 1561 956 1591 sedes
972 1569 1044 1591 ante
1060 1564 1186 1592 AEtnam
1206 1562 1241 1591 in
1262 1561 1356 1592 litore

779 1608 925 1637 orientali
972 1608 1185 1645 collocarem3
1215 1617 1282 1638 non
1315 1608 1355 1638 ad

780 1655 965 1694 Drepanum
980 1661 1012 1684 et
1031 1656 1167 1695 Erycem
1178 1675 1186 1690 ‚
1202 1660 1239 1684 ut
1257 1654 1309 1684 alii
1324 1661 1356 1684 et

781 1700 847 1739 ipse
868 1702 1051 1732 Homerus:
1077 1711 1158 1741 quos
1185 1700 1355 1731 Cluverius

782 1747 934 1784 sequitur.

831 1790 869 1827 57
881 1803 908 1820 1.
927 1795 996 1830 Ipse
1018 1793 1138 1822 Pierius
1157 1798 1189 1822 et
1207 1792 1260 1822 atii
1282 1802 1354 1822 cum

783 1836 886 1865 AEtna
910 1836 1061 1878 jungunt.
1087 1847 1119 1867 v.
1138 1839 1248 1868 Burm.
1278 1839 1354 1878 Ipsa

783 1882 847 1912 Erf.
861 1882 915 1912 sed
925 1905 933 1918 ‚
960 1885 1032 1922 Ipse
1041 1889 1163 1922 portus.
1179 1883 1241 1912 Sub
1254 1883 1354 1913 horri-

771 1927 997 1970 ficis—ruinis
1016 1928 1138 1969 aliquot
1158 1928 1242 1968 apud
1259 1929 1353 1966 Pier.‚

781 1974 836 2003 sed
848 1975 881 2004 id
897 1981 977 2005 esset
991 1975 1150 2016 vulgarius
1162 1985 1170 2012 3
1184 1981 1279 2004 tonat
1290 1985 1352 2006 me-

779 2019 892 2057 liores,
911 2027 948 2050 ut
977 2021 1024 2050 vis
1052 2021 1174 2061 poetica
1203 2021 1352 2061 postulat.

779 2066 878 2096 Multi
892 2073 1002 2103 sonae,
1020 2073 1057 2096 ut
1078 2077 1202 2107 semper
1217 2068 1352 2098 variant.

778 2111 995 2155 —Horriflcis
1017 2120 1111 2142 tonat
1133 2113 1236 2143 AEtna
1253 2113 1355 2144 ruinis

779 2158 811 2189 h.
830 2169 846 2188 e
868 2158 989 2199 fragore
1011 2165 1155 2196 resonat3
1185 2170 1279 2200 quem
1307 2161 1353 2191 fa-

779 2205 870 2235 ciunt
881 2206 980 2236 ruiuae
991 2206 1148 2236 viscerum
1157 2207 1274 2237 montis
1287 2215 1294 2238 ε
1309 2216 1356 2238 sa-
