1402 2460
574 76 694 106 LlBER
721 77 762 105 II.

32 173 39 183 ,
68 136 141 170 Ter
160 140 316 170 conatus
333 133 387 170 ibi
406 133 502 170 collo
523 132 613 170 dare
634 133 792 170 brachia
811 134 976 181 circium

1207 79 1267 107 1853

66 196 140 230 Ter
159 195 299 231 frustra
317 207 540 244 comprensa
561 207 692 231 manus
709 195 843 244 effugit
860 196 1002 246 imago,

66 258 138 292 Par
153 255 299 293 levibus
316 256 455 301 ventis,
477 255 702 305 volucrique
718 249 906 293 simillima
922 269 1066 293 somno.

66 315 128 351 Sic
143 314 295 352 demum
310 316 432 353 socios
449 325 675 366 consumpta
692 325 804 353 nocte
822 317 959 354 reviso.

1217 325 1265 358 795

117 379 243 426 Atque
262 376 324 413 hic
340 377 529 426 ingentem
546 378 729 413 comitum
749 376 953 415 adfluxisse
973 389 1161 414 novorum

36 435 43 448 ²
65 437 221 473 Invenio
242 437 430 473 admirans
448 450 668 484 numerum,
687 447 902 487 matresque
916 439 1116 488 virosque,

64 496 280 534 Conlectam
300 497 431 535 exsilio
453 497 612 547 pubem,
630 497 847 535 miserabile
867 499 1012 549 volgus.

65 557 244 607 Undique
262 570 493 603 convenere,
511 558 644 594 animis
665 558 879 608 opibusque
898 560 1039 608 parati,

66 620 109 654 In
129 630 385 666 quascumque
402 618 514 653 velim
532 618 666 667 pelago
682 617 870 654 deducere
887 626 1018 656 terras.

1216 629 1265 652 800

64 679 223 726 Jamque
235 677 336 726 jugis
352 690 506 714 summae
521 676 700 726 surgebat
716 677 869 713 Lucifer
889 677 985 724 Idae,

63 738 312 788 Ducebatque
333 738 450 783 diem,
465 738 664 786 Danaique
681 736 834 774 obsessa
855 737 1034 774 tenebant

64 797 211 834 Limina
229 807 444 848 portarum,
464 811 533 833 nec
555 810 640 847 spes
658 797 740 846 opis
758 797 834 834 ulla
850 797 1013 834 dabatur
1031 812 1038 832 z

64 857 180 903 Cossi,
199 867 235 894 et
252 857 401 895 sublato
420 866 587 894 montem
603 857 774 907 genitore
792 858 921 907 petivi.

110 990 320 1024 792—794.
347 986 466 1014 Versus
483 983 573 1013 ducti
595 994 636 1013 ex

61 1031 201 1061 Homero
220 1031 334 1071 Odyss.
359 1033 391 1067 λ,
423 1030 634 1068 205-207,

61 1077 146 1106 unde
173 1078 334 1117 petierunt
357 1083 388 1105 et
411 1076 473 1106 alii.
497 1076 536 1106 cf.
563 1087 634 1117 sup.

61 1123 176 1163 Georg.
197 1124 261 1159 IV,
285 1123 360 1153 500.
374 1139 421 1146 —
436 1124 512 1162 793.
541 1122 633 1152 Com-

19 1185 22 1190 -
53 1179 176 1209 prensa
189 1170 298 1199 Heius.
314 1179 388 1198 cum
400 1169 518 1200 Medic.
534 1176 565 1199 et
576 1180 633 1209 op-

18 1235 19 1238 =
59 1216 143 1245 timis
178 1217 288 1245 ceteris
305 1226 313 1253 3
347 1215 400 1244 alii
434 1226 612 1256 compressa
623 1238 631 1252 ‚

21 1798 36 1812 7*

59 1262 147 1302 quod
166 1263 288 1291 Pierius
302 1262 475 1302 praet-ulisse
493 1261 630 1292 videtur.

59 1308 180 1339 Zulich.
206 1319 381 1348 compre-sa.
411 1310 479 1339 Sec.
514 1309 630 1340 Hamb.

58 1363 176 1386 conata
190 1367 204 1391 ,·
236 1361 398 1396 perpetuae
430 1357 630 1386 variationes.

59 1401 192 1442 Aliquot
205 1402 285 1432 Pier.
303 1403 397 1431 etiam
414 1412 524 1433 manu.

107 1449 182 1488 798.
214 1448 397 1478 conlectam
426 1449 542 1479 exsilio
553 1472 561 1487 ,
593 1449 631 1479 ad

57 1493 162 1536 fugam
172 1518 180 1533 ,
195 1495 328 1536 pubem,
343 1496 477 1533 juvenes
491 1506 630 1536 quoque.

57 1542 158 1571 —Ex
170 1541 233 1571 Ilio
249 1542 359 1572 Heius.
372 1542 551 1572 secundum
566 1544 632 1573 Do-

57 1589 122 1617 nati
134 1589 322 1628 scripturam
331 1588 503 1629 probabat,
519 1588 573 1619 sed
586 1590 632 1618 in-

21 1660 23 1662 .
55 1634 122 1664 vito
139 1641 251 1664 metro.
265 1635 347 1665 Mox
357 1635 443 1665 idem
458 1636 547 1665 malit
558 1636 632 1674 jun-

55 1690 126 1721 gere
142 1690 150 1711 :
168 1680 237 1710 mis.
254 1681 371 1722 vulgus
386 1681 525 1722 undique
541 1692 628 1712 conv.

55 1727 99 1756 Ec
115 1725 184 1756 mis.
205 1727 355 1757 Rottend.
383 1734 455 1757 tert.
481 1727 632 1757 Mirabile

55 1772 140 1804 Leid.
151 1774 288 1804 —Mox
303 1784 368 1815 799
383 1784 472 1814 opes,
489 1773 631 1804 fortunas

690 983 728 1013 ad
750 993 844 1012 naves
863 982 1039 1020 faciendas,
1065 984 1266 1015 instruendas

689 1037 720 1059 et
734 1030 779 1058 sic
794 1039 903 1070 porro.
941 1036 946 1041 ⁴

737 1076 814 1106 801.
846 1077 932 1107 Noto
960 1082 1128 1114 poetarum
1155 1088 1243 1107 more
1259 1101 1267 1114 ‚

689 1122 729 1152 cf.
744 1133 774 1152 v.
790 1133 818 1152 c.
830 1121 983 1162 Apollou.
999 1124 1026 1159 I,
1046 1124 1143 1161 1273.
1158 1123 1265 1153 Sidera

689 1169 728 1199 de
753 1169 918 1198 montibus
943 1170 1100 1209 proximis
1117 1170 1268 1200 oriuntur

688 1222 719 1244 et
731 1215 904 1252 occidunt3
918 1225 951 1244 re
965 1216 1004 1246 ab
1017 1215 1186 1245 oculorum
1197 1227 1267 1246 sen-

687 1272 725 1291 su
743 1263 852 1302 petita.
876 1261 931 1291 Ida
953 1269 1059 1291 autem
1081 1262 1186 1299 Trojae
1206 1264 1266 1292 im-

687 1309 821 1339 minens.
851 1307 993 1349 Lucifer,
1019 1307 1108 1338 stella
1131 1310 1266 1339 Veneris

686 1354 932 1385 accommodate.

735 1402 798 1432 803
810 1425 818 1440 ‚
838 1402 915 1438 804.
939 1400 1262 1442 Liminaporcarum‚

686 1455 803 1488 portas.
825 1449 904 1488 Spes
921 1448 1005 1488 opis,
1028 1449 1138 1477 auxilii
1156 1450 1266 1489 patriae

686 1494 825 1532 ferendi,
845 1497 932 1525 Serv.
952 1497 1008 1525 Est
1026 1495 1130 1535 simpl.
1145 1495 1266 1526 salutis.

687 1542 789 1582 Igitur
799 1541 936 1572 discessi.
950 1543 1104 1578 Dloncem,
1115 1543 1174 1572 int.
1190 1541 1267 1571 Idaei

684 1588 752 1629 jugi
769 1595 909 1629 partem,
926 1598 989 1628 qua
1007 1588 1046 1617 ad
1062 1588 1267 1618 Antandrum

685 1635 735 1664 via
751 1635 881 1666 ferebat.
898 1635 984 1664 conf.
995 1637 1054 1672 IX,
1071 1635 1175 1664 80.·—-
1187 1634 1266 1670 804.

684 1682 812 1711 Montes
828 1681 947 1711 Medic.
959 1703 968 1717 ,
988 1691 1062 1710 cum
1079 1680 1178 1710 altero
1197 1681 1266 1709 Me-

685 1726 776 1757 diceo
805 1728 900 1757 Pierii
925 1734 956 1756 et
978 1727 1100 1766 aliquot
1122 1727 1188 1755 aliis
1215 1736 1265 1766 ap.

684 1774 794 1804 Burm.
805 1775 985 1814 Utrumque
994 1774 1149 1804 rationem
1159 1771 1263 1802 habet.

1037 2261 1100 2298 16*
