1433 2460
576 124 696 154 LIBER
722 124 765 154 ΙΙ.

1213 131 1271 158 127

76 182 155 218 Nec
170 178 296 217 dubiis
313 192 357 217 ea
375 179 480 230 signa
496 180 600 218 dedit
614 182 789 219 Tritonia
809 180 998 217 monstris.

76 241 149 279 Vix
169 241 334 291 positum
351 241 482 279 castris
500 241 745 279 simulacrum
764 256 771 278 :
794 248 919 279 arsere
937 253 1103 279 coruscae

77 299 302 338 Luminibus
322 300 480 338 ssammae
499 301 680 348 adrectis,
700 302 894 351 salsusque
914 314 982 351 per
1000 308 1104 338 artus

79 359 206 397 Sudor
222 359 281 407 iit,
299 368 431 410 terque
451 360 533 411 ipsa
552 362 632 399 solo
655 362 667 413 (
682 361 857 399 mirabile
878 360 1006 411 dictu)

80 421 259 466 Emicuit,
278 433 524 471 parmamque
545 423 667 459 ferens
684 422 907 471 hastamque
926 430 1159 458 trementem.
1234 428 1279 460 ¹75

80 481 279 531 Extemplo
296 483 475 518 tentanda
491 482 580 532 fuga
597 484 697 519 canit
717 494 872 532 aequora
887 481 1062 528 Calchas;

79 543 159 578 Nec
176 553 285 591 posse
303 541 489 590 Argolicis
507 542 675 579 exscindi
693 545 874 591 Pergama
895 541 995 587 telis-,3

82 602 219 638 Omina
236 602 274 637 ni
293 610 465 651 repetant
479 603 609 652 Argis,
626 615 843 651 numenque
859 601 1065 646 reducant,

80 727 217 756 evanuit.
251 726 380 763 Flncre,
403 725 564 763 diffluere,
601 727 649 756 di-

80 772 154 803 labi.
172 775 265 802 Retro
290 772 438 812 sublapsa
459 772 571 814 refi’rri
589 784 649 814 pro

79 818 233 859 pedestri,
264 826 350 848 retro
376 818 470 856 ferri,
496 819 580 855 labi,
611 819 650 849 de

81 865 163 895 mole
186 875 257 905 quae
275 866 309 894 in
333 864 431 895 altum
447 872 513 895 erat
523 873 650 897 evecta:

80 913 138 942 etsi
153 912 247 941 etiam
261 910 300 941 de
317 913 444 952 navigio
461 919 571 942 contra
589 912 650 942 flu-

79 969 153 988 men
192 957 358 987 adversum
401 959 522 988 nitente
533 982 541 996 ‚
574 969 651 989 mox

79 1014 233 1045 aquarum
252 1005 283 1034 vi
294 1004 426 1045 abrepto
436 1028 444 1041 ,
459 1005 523 1035 dici
536 1012 649 1047 potest.

80 1051 170 1080 Prius
185 1050 314 1091 quidem
329 1051 411 1080 illud
427 1050 573 1082 firmatur
591 1063 652 1082 usu

80 1098 205 1127 Horatii
236 1099 302 1134 111,
324 1108 363 1127 10
375 1120 384 1134 ,
404 1108 424 1137 9
443 1099 494 1128 Ne
507 1106 652 1128 currente

81 1150 151 1172 roca
175 1143 246 1173 unis
259 1151 314 1173 eae
331 1151 412 1173 retro
423 1156 435 1180 ;
455 1152 486 1174 et
503 1146 651 1175 Homeri-

81 1199 116 1219 ca
133 1190 268 1220 formula
281 1189 418 1232 πολέμου
431 1191 543 1235 πεῖραρ
559 1190 655 1221 ἐπαλ-

80 1234 174 1273 λαίξσιι
191 1233 245 1266 καὶ
260 1236 391 1267 τανύειν.
409 1238 540 1269 v.Obss.
559 1237 598 1267 ad
614 1237 651 1268 Il.

80 1285 115 1320 λ,
135 1282 221 1320 336;
237 1293 251 1312 ν
264 1305 272 1320 ,
291 1284 368 1324 359.
386 1284 535 1314 Ceterum
550 1295 590 1314 ex
604 1284 654 1314 his

79 1328 195 1359 inferre
211 1329 320 1359 liceret
333 1354 342 1368 ‚
358 1340 425 1360 non
441 1330 533 1360 unius
547 1331 584 1360 ob
595 1341 652 1360 no-

80 1385 160 1404 xam
176 1376 289 1417 Ajacis
300 1377 385 1407 Oilei
395 1389 466 1422 sup.
485 1380 510 1414 1,
531 1384 570 1414 41
585 1388 654 1407 suc-

81 1423 237 1452 censuisse
251 1424 429 1456 Minervam
444 1426 651 1457 AchivisNe-

80 1478 152 1498 rum
165 1468 229 1499 hoc
239 1477 319 1500 esset
331 1474 469 1514 argutari
483 1473 518 1502 in
532 1478 636 1512 poeta.

132 1525 192 1553 171
213 1534 260 1539 —
282 1518 356 1555 175.
382 1520 476 1550 Unde
506 1517 653 1548 Tritonia

81 1561 180 1591 Pallas
193 1561 277 1593 dicta
290 1565 330 1593 sit
339 1587 347 1601 ‚
362 1566 426 1603 jam
436 1573 556 1596 veteres
566 1566 654 1605 igno-

82 1614 201 1638 rarunt.
223 1610 264 1639 Et
278 1610 424 1650 pluribus
444 1622 515 1653 quae
535 1621 654 1641 memo-

84 1660 212 1690 rantur,
236 1657 352 1686 caussis
375 1660 511 1688 maxime
535 1657 651 1698 proba-

81 1699 155 1729 bilis
167 1706 214 1729 est
223 1722 232 1738 ,
248 1701 336 1741 quod
349 1713 365 1732 a
377 1703 470 1746 τριτὼ
481 1704 570 1744 quod
579 1706 653 1733 AEo-

79 1745 167 1775 libus
179 1754 274 1787 caput
288 1755 334 1777 est
344 1771 352 1786 ,
369 1751 409 1779 sit
425 1750 576 1790 appellata
585 1751 654 1791 Τρι-

82 1790 224 1835 τογένεια
235 1815 244 1829 ,
261 1795 362 1834 capite
380 1797 471 1826 Jovis
491 1802 573 1825 nata.
588 1795 655 1824 Alii

83 1837 179 1868 modo
194 1838 233 1869 ab
252 1849 363 1877 amne,
385 1841 482 1872 modo
501 1851 517 1870 a
538 1840 654 1881 palude

82 1894 138 1914 seu
147 1885 266 1927 Libyae,
277 1897 333 1917 seu
342 1889 483 1924 Boeotiae,
497 1898 552 1917 seu
562 1887 655 1917 Thes

81 1930 183 1968 saliae,
200 1943 257 1962 seu
275 1934 436 1975 Argolidis
451 1935 585 1964 ductum
601 1943 656 1963 no-

68 1988 155 2007 .men
175 1989 240 2009 essc
263 1980 388 2012 volunt.
411 1983 558 2011 Monstra
580 1980 650 2010 h.1.

83 2031 214 2055 ostenta.
224 2042 271 2049 —-
295 2037 308 2056 1
317 2037 370 2064 7²·
386 2031 503 2058 Arsere
517 2037 655 2057 coruscae

82 2070 252 2102 luminibus
257 2073 410 2115 flammoe
435 2073 583 2109 arrectis,
601 2084 653 2103 or-

81 2123 153 2147 nate
163 2140 172 2154 ‚
191 2119 279 2149 oculi
290 2120 421 2151 Palladii
436 2130 579 2151 exarsere
591 2121 653 2155 ira;

82 2162 205 2194 Iumina
215 2173 339 2196 arrecta
355 2169 543 2208 exquisitius
557 2177 653 2207 quam

82 2217 202 2248 erecta;
217 2218 254 2242 ut
267 2223 390 2254 semper
405 2220 498 2255 poeta
508 2236 517 2251 ‚
535 2213 599 2242 vid.
625 2223 652 2243 c.

83 2266 113 2286 v.
127 2257 207 2296 206,
224 2257 345 2301 erigere
360 2260 610 2299 oculos‚vultus,
620 2266 656 2290 ut

703 733 824 762 contra,
833 724 1009 762 demittere,
1018 724 1279 765 dejicereffrans-

704 773 777 803 tulit
802 771 870 801 haec
895 777 989 811 poeta
1013 771 1052 800 ab
1086 771 1124 800 iis
1148 781 1219 811 quae
1241 771 1280 800 de

704 818 838 850 Palladis
862 818 955 859 signo
971 823 1191 848 memorantur
1206 827 1281 846 cum

704 864 911 897 Cassandram
951 864 990 894 ab
1031 865 1099 902 ejus
1131 863 1279 904 amplexu

703 913 789 950 Ajax
807 911 889 943 Oilei
904 909 989 941 filius
1010 911 1167 940 avelleret.
1180 912 1279 940 Porro

709 970 721 988 1
731 960 770 996 73
781 981 789 995 ,
808 964 826 994 4
836 981 845 996 ,
867 959 896 988 5.
931 957 1104 988 Palladium
1129 955 1276 993 sudavit,

703 1005 860 1041 subsunt,
877 1004 980 1044 clipeo
996 1004 1146 1044 hastaque
1170 1010 1275 1039 mota;

707 1052 822 1092 quibus
837 1052 913 1091 ipsis
926 1052 993 1088 ejus
1008 1050 1135 1080 habitus
1150 1060 1168 1079 a
1186 1056 1279 1090 poeta

705 1098 892 1128 declaratur.
919 1099 1038 1127 Ferens
1064 1103 1127 1134 est,
1148 1103 1278 1126 tenens:

709 1144 844 1187 φέρουσαι
860 1155 920 1184 pro
941 1142 1196 1183 &spuma—173.
1215 1145 1278 1172 Ar-

708 1191 803 1231 repcis
826 1190 950 1221 Zulich.
974 1191 1107 1226 viriose3
1123 1188 1208 1218 idem
1212 1187 1280 1229 fie-

708 1246 858 1267 mentem.
870 1239 969 1267 Porro
982 1236 1184 1277 exspectabat
1199 1235 1281 1264 forte

707 1285 820 1324 aliquis
836 1293 989 1324 parmam
1002 1283 1131 1312 vibrans
1143 1281 1280 1311 hastam-

706 1342 767 1372 que
777 1339 814 1361 cr.
825 1337 879 1360 aut
891 1329 993 1359 simile
1009 1329 1086 1369 quid
1096 1328 1204 1369 paullo
1219 1327 1281 1357 for-

706 1379 780 1408 tius.
796 1376 856 1408 Sed
871 1376 977 1406 sobrie
991 1386 1024 1405 ac
1033 1375 1191 1416 pudenter
1205 1384 1281 1414 poe-

705 1431 734 1454 ta
750 1426 785 1454 in
802 1423 856 1453 tali
870 1420 1016 1465 τερατείᾳ
1029 1433 1038 1459 ;
1050 1422 1162 1451 maluit
1173 1422 1200 1450 is
1215 1420 1281 1449 deae

705 1471 839 1501 sormam
849 1470 1018 1505 declarare,
1035 1476 1066 1499 et
1082 1468 1155 1498 satis
1168 1467 1283 1497 habuit

706 1524 893 1547 trementem
918 1516 1033 1546 addere
1044 1538 1052 1552 ,
1073 1515 1140 1545 deae
1155 1514 1246 1555 signo
1263 1523 1281 1541 a

706 1571 787 1594 terra
794 1563 1143 1602 subsiliente,tauqnam
1152 1570 1218 1601 prae
1226 1561 1281 1589 ira.

758 1621 771 1639 1
780 1610 822 1648 76
834 1626 880 1632 —-
892 1620 904 1639 1
913 1620 966 1648 79.
1001 1607 1174 1639 Tentanda
1193 1605 1281 1647 fitga

706 1667 855 1697 oequora,
882 1662 1011 1691 ornate,
1031 1665 1091 1695 pro
1119 1659 1280 1683 reverten-

706 1703 785 1732 dum
800 1713 876 1732 esse.
891 1701 1011 1731 Omina
1021 1701 1214 1740 nirepetant
1221 1699 1282 1727 Ar-

703 1748 755 1790 gis
780 1748 915 1778 ductum
937 1747 1081 1782 videtur,
1102 1752 1140 1775 ut
1155 1744 1282 1775 Servius

707 1801 738 1824 et
753 1794 947 1834 Pomponius
965 1795 1030 1831 jam
1057 1797 1227 1827 notarunt,
1241 1790 1282 1820 ab

706 1839 951 1880 imperatoribus
976 1839 1147 1875 Romanis,
1167 1836 1224 1877 qui
1242 1836 1281 1866 ad

708 1887 847 1926 auspicia
862 1884 1032 1925 repetenda
1046 1894 1082 1913 ac
1098 1882 1282 1914 renovanda

708 1935 842 1964 nomam
866 1941 1097 1972 nonnunquam
1118 1941 1159 1960 ex
1174 1930 1283 1959 castris

707 1980 824 2008 reverti
838 1977 1001 2015 solebant,
1017 1979 1044 2007 si
1064 1988 1093 2008 v.
1110 1987 1138 2007 c.
1163 1975 1282 2005 malum

706 2036 802 2055 omen
824 2024 989 2054 inciderat.
1012 2025 1123 2064 Itaque
1137 2022 1283 2052 similiter

706 2073 816 2101 statuit
839 2081 904 2101 esse
917 2070 1048 2100 Achivis
1064 2070 1219 2100 Graeciam
1238 2079 1284 2099 re-

706 2117 875 2159 petendam
885 2139 894 2154 ‚
920 2117 1058 2158 auspicia
1090 2116 1137 2146 ihi
1166 2117 1283 2146 instan-

708 2164 804 2194 randa
815 2187 824 2201 ‚
840 2171 872 2195 et
882 2174 953 2193 cum
964 2164 1034 2204 ipso
1044 2162 1184 2194 Palladio
1196 2173 1284 2192 avec-

707 2217 740 2242 to
754 2234 762 2248 ,
787 2218 824 2241 ut
839 2209 1036 2241 souennibus
1053 2210 1149 2240 sacris
1159 2231 1168 2246 ,
1193 2209 1283 2239 resti·

708 2264 814 2288 luatur
832 2258 867 2288 iu
879 2257 986 2288 sedem
999 2267 1102 2295 suam,
1120 2262 1284 2287 reverten-
