1402 2460
574 115 695 145 LIBER
719 114 775 144 IV.

1216 120 1282 156 329

84 171 228 221 Regina
246 184 266 208 e
281 169 442 221 speculis
458 177 499 205 ut
517 170 682 219 primum
700 170 889 207 albescere
910 171 1031 208 lucem

82 232 204 278 vidit,
224 241 261 268 et
277 230 433 280 aequatis
453 229 607 266 classem
628 230 835 280 procedere
855 231 967 278 velis,

81 290 287 340 Litoraque
306 297 344 326 et
362 302 502 327 vacuos
522 289 637 326 sensit
656 289 736 327 sine
752 290 894 339 remige
914 300 1047 340 portus
1065 306 1072 328 :

80 350 230 398 Terque
247 358 457 399 quaterque
475 361 590 386 manu
610 358 741 399 pectus
757 362 936 400 percussa
954 350 1152 396 decorum,

80 408 345 458 Flaventisque
361 408 525 446 abscissa
541 421 666 446 comas
683 424 692 446 :
713 426 728 442 «
744 408 845 446 Proh
862 413 881 446 J
886 410 1055 459 uppiter!
1077 409 1148 446 ibit
1232 419 1280 450 ⁵30

80 469 172 514 Hic,
192 468 262 515 ait,
278 477 316 505 et
334 469 472 507 nostris
489 469 662 506 inluserit
681 468 827 506 advena
847 470 992 520 regnis!

81 531 167 566 Non
184 541 287 566 arma
303 530 524 579 expedient,
542 538 698 579 totaque
718 542 765 566 ex
784 529 881 567 urbe
899 539 1123 580 sequentur,

81 589 356 639 Deripientque
378 599 476 627 rates
497 589 560 626 alii
576 589 798 627 navalibus?
817 593 892 638 Ite,

80 652 192 687 Ferte
210 650 274 686 citi
290 650 476 696 flammas,
494 648 579 686 date
599 650 700 696 vela,
717 650 898 700 impellite
917 663 1089 687 remos...

1236 660 1283 692 594

82 710 183 757 Quid
204 710 366 760 loquor?
388 718 452 747 aut
469 709 537 747 ubi
553 712 659 748 sum?
679 713 774 757 Quae
793 718 957 747 mentem
974 710 1119 747 insania
1137 713 1283 748 mutat?

130 891 207 922 586.
219 891 264 922 Ec
271 903 317 932 sp.
335 902 397 922 sec.
409 891 561 923 Rottend.
576 893 654 922 Tum

76 937 217 980 primum
243 940 325 968 Ven.
353 949 423 967 cum
448 949 500 978 pr.
535 938 656 978 aliquot

82 983 176 1014 codd.
195 982 279 1024 apud
294 984 402 1015 Burm.
424 991 454 1014 et
468 984 565 1014 Goth.
583 991 654 1014 tert.

81 1030 225 1061 Primam
240 1029 325 1060 Gud.
337 1041 353 1060 a
365 1041 408 1061 m.
418 1041 467 1071 pr.
478 1037 510 1060 et
521 1030 654 1061 Mentel.

82 1076 240 1118 eleganter
249 1099 257 1113 ‚
267 1076 373 1115 judice
383 1078 525 1107 Heinsio.
533 1078 580 1107 De
591 1086 656 1117 quo

82 1133 177 1153 nemo
194 1122 328 1152 dubitet.
347 1124 393 1153 At
409 1124 501 1152 Maro
518 1133 586 1152 nou
598 1123 656 1151 mi-

83 1179 144 1199 nus
164 1168 344 1208 frequentat
376 1176 411 1197 ut
430 1167 572 1208 primum
597 1179 656 1209 pro

84 1225 153 1244 cum
184 1213 336 1254 primum.
365 1216 435 1244 AEn.
457 1216 471 1243 I
483 1236 491 1251 ‚
520 1214 585 1244 306
619 1216 660 1243 Ut

76 1260 220 1301 primum
248 1260 306 1289 lua:
326 1260 416 1290 alma
442 1260 521 1290 daca
541 1267 596 1290 est.
617 1261 657 1289 Et

83 1308 128 1336 sic
154 1306 261 1335 multis
282 1306 361 1336 locis
381 1316 396 1337 :⁷
412 1317 566 1347 quorsum
582 1316 656 1346 ergo

83 1358 243 1383 contemta
263 1351 411 1382 codicum
429 1351 494 1382 fide
522 1351 658 1381 mutabi-

82 1400 238 1430 1111151-
254 1399 319 1429 586
334 1415 381 1421 —-
396 1398 473 1429 588.
505 1399 655 1429 Servius:

83 1459 100 1471 u
111 1452 142 1475 et
166 1445 248 1475 bene
267 1445 362 1475 hane·
370 1446 512 1486 primum
530 1443 658 1474 inducit

82 1492 199 1522 vidisse
213 1492 457 1533 crepusculum,
474 1501 563 1532 quae,
580 1501 657 1531 qua-

85 1540 112 1569 si
132 1539 285 1574 amatrix,
304 1545 368 1568 tota
381 1538 568 1578 vigilaverat
582 1547 658 1566 noe-

85 1592 126 1616 te.
139 1600 154 1612 »
170 1584 210 1614 cf.
221 1585 286 1614 Ecl.
302 1585 381 1614 VIII
392 1605 400 1620 ‚
421 1594 564 1622 17—20.
581 1585 658 1613 For-

86 1639 117 1662 te
133 1637 204 1661 ante
217 1630 328 1661 oculos
346 1629 407 1659 fuit
423 1630 577 1671 Apollon.
594 1629 655 1660 Rh.

85 1680 136 1709 ΙΙΙ
147 1701 155 1715 ,
175 1677 192 1706 8
202 1677 240 1706 18
260 1687 328 1717 sqq.
339 1677 425 1706 —E
448 1675 600 1716 speculis,
618 1686 659 1704 ex

87 1724 171 1755 edita
191 1723 307 1754 aedium
325 1729 424 1763 parte.
461 1724 501 1752 Ut
517 1721 658 1762 primum

86 1771 247 1801 albescere
265 1769 367 1799 lucem
388 1768 495 1804 vidia
519 1767 660 1798 creditur

88 1828 129 1847 ex
145 1817 276 1857 antiquo
301 1822 395 1856 poeta
419 1815 525 1845 Ennio
551 1814 661 1843 adum-

89 1864 217 1894 bramm
236 1872 300 1892 esse
324 1871 332 1892 :
362 1861 551 1902 Utprimum
574 1868 660 1890 tene-

89 1910 171 1940 breis
204 1907 355 1950 abjecteis
384 1907 549 1937 inalbebat
583 1906 661 1937 dies.

90 1957 198 1988 Ursin.
217 1965 255 1985 ac
282 1953 383 1985 Cerda
399 1954 432 1984 h.
458 1954 479 1984 l.
505 1953 663 1984 Columna

88 2002 130 2034 ad
144 2004 227 2033 Eun.
249 2012 282 2041 p.
300 2001 344 2030 65
357 2011 373 2030 e
388 2001 490 2042 princ.
506 2000 582 2029 libri
596 2000 660 2028 VII

91 2049 224 2089 Apuleii
242 2049 372 2078 Metam.
391 2046 542 2087 AEquatis
555 2044 656 2081 velis,

93 2094 268 2136 aequalibus
282 2093 465 2130 ordinibus;
485 2092 540 2123 sed
559 2092 662 2122 decla-

92 2142 175 2171 ravit
200 2140 262 2171 hoc
290 2151 307 2170 a
327 2140 405 2170 velis
433 2150 500 2170 11011
529 2138 662 2178 obliquo

93 2194 206 2224 vento,
222 2186 277 2216 sed
301 2187 462 2227 aequaliter
481 2186 600 2227 plenis,
618 2185 663 2214 le-

94 2234 128 2264 ni
143 2244 177 2265 ac
196 2233 337 2266 secundo
356 2240 480 2265 ventoa
498 2239 586 2274 tergo
605 2232 663 2261 im-

708 891 855 932 pellente.
873 891 912 922 cf.
932 891 989 923 inf.
1009 895 1049 929 V,
1071 892 1136 928 844
1156 900 1187 923 et
1205 896 1282 925 232.

709 939 841 968 Homeri
855 940 923 973 νῆες
940 935 1019 969 ἐΐσαι
1039 947 1282 980 comparantur:

709 995 781 1024 quae
807 991 912 1015 tamen
940 984 1002 1015 alio
1033 985 1129 1016 modo
1149 987 1285 1027 aequales

711 1030 871 1061 dicuntur.

759 1077 952 1117 590—594.
962 1078 1079 1118 Magna
1090 1084 1136 1107 est
1148 1077 1282 1119 legentis

710 1124 919 1163 exspectatio,
947 1133 1019 1163 quae
1035 1122 1198 1164 desperata
1220 1125 1284 1162 jam

710 1169 810 1198 salute
828 1170 980 1210 omnique
995 1169 1128 1199 meliore
1141 1180 1195 1210 spe
1210 1171 1287 1200 sub—

710 1214 771 1243 lata
782 1236 790 1251 ,
810 1214 917 1244 futura
945 1216 985 1244 sit
1013 1217 1135 1245 miserae
1169 1218 1285 1258 reginae

711 1261 823 1291 oratio.
854 1262 894 1290 Et
919 1260 1033 1300 pathos
1066 1262 1172 1291 verbis
1203 1264 1285 1292 inest

710 1316 871 1336 summum
883 1317 892 1343 ;
908 1306 1004 1344 furit,
1017 1307 1176 1345 minatur,
1192 1319 1224 1338 se
1238 1319 1286 1339 ac-

711 1360 808 1389 cusat,
815 1353 1172 1393 imprecatur.Abscissa
1180 1356 1284 1396 simpl.

710 1398 867 1436 evulsa‚h.
877 1409 904 1429 e.
914 1398 1207 1430 evellenleluserit
1213 1409 1287 1441 post

712 1444 786 1481 ibic,·
803 1451 839 1474 ut
858 1447 873 1474 1
889 1445 948 1476 Ge.
973 1446 1032 1484 157
1053 1446 1285 1487 Falcepremes

711 1509 758 1514 ——-
770 1490 944 1521 vocaveris.
968 1491 1007 1522 cf.
1033 1493 1142 1522 Burm.
1158 1494 1286 1523 ,Nostris

711 1537 838 1579 regnis,
857 1537 955 1576 mihi,
981 1544 1134 1578 tanquam
1156 1541 1284 1581 reginae.

711 1584 816 1614 Illusit
839 1591 945 1614 autem
975 1583 1114 1614 discessu
1155 1592 1226 1616 tuto
1256 1593 1287 1616 et

711 1631 843 1670 impune
869 1630 951 1660 facto
972 1638 1045 1671 post
1066 1637 1166 1660 tantas
1182 1633 1218 1662 in
1236 1643 1286 1662 me

711 1677 854 1714 injurias,
871 1679 975 1705 Arma
984 1699 994 1712 ,
1012 1678 1224 1708 instrumenta
1236 1689 1288 1708 na-

712 1722 794 1751 valia
809 1729 842 1751 et
855 1721 889 1752 h.
906 1721 928 1752 l.
944 1722 997 1752 alii
1013 1723 1288 1763 eapedienc-—alii

713 1767 890 1808 deripient,
910 1769 1050 1808 rapient,
1070 1769 1178 1809 rapide
1205 1770 1286 1800 edu-

715 1820 797 1844 cent.
809 1832 854 1836 —
866 1814 943 1854 593.
955 1814 1183 1856 Diripiantque
1194 1818 1285 1846 Witt.

714 1862 806 1892 Voss.
817 1861 867 1891 alt.
876 1867 907 1890 et
917 1862 1034 1891 Donat.
1045 1860 1084 1891 de
1094 1861 1218 1893 schem.
1227 1863 1288 1893 Sed

715 1917 792 1936 usus
810 1914 841 1936 et
855 1907 936 1936 ratio
951 1908 1090 1947 postulat
1113 1908 1286 1948 deripient-

716 1963 777 1993 que
787 1976 796 1989 ,
809 1954 858 1982 uti
873 1955 937 1992 jam
956 1954 1065 1984 Heius.
1079 1954 1266 1985 emendabat
1277 1978 1285 1993 ‚

713 2010 807 2039 quem
822 2000 921 2030 miror
934 1999 996 2029 hoe
1009 2011 1075 2030 non
1086 2002 1262 2041 reposuisse
1277 2024 1285 2038 ‚

713 2044 746 2074 id
753 2045 840 2086 quod
847 2056 934 2075 nunc
942 2045 1084 2077 fecimus:
1093 2057 1288 2087 expresserat

711 2091 775 2130 jam
789 2091 1058 2133 Brunck.——594.
1073 2095 1109 2124 F.
1124 2103 1151 2123 c.
1159 2092 1287 2135 ferrum

716 2137 802 2168 Gud.
822 2148 882 2178 pro
910 2137 975 2170 div.
1006 2139 1079 2170 lect.
1103 2140 1191 2170 Date
1220 2141 1287 2170 tela

714 2183 832 2214 Medic.
843 2195 918 2215 cum
927 2185 994 2216 aliis
1003 2186 1162 2227 plerisque
1175 2187 1286 2218 Heius.

716 2229 842 2262 duobus
865 2241 906 2262 cx
932 2231 1030 2263 Goth.
1057 2232 1125 2263 Erf.
1155 2233 1287 2263 Variam

1062 2296 1128 2333 28*
