1402 2460
596 76 717 106 LIBER
742 76 800 105 111.

99 136 173 173 Sed
193 136 290 173 votis
309 134 561 186 precibusque
575 134 710 185 jubent
728 147 931 183 exposcere
948 147 1097 184 pacem,

98 196 186 232 Sive
205 195 305 241 deae,
323 208 389 232 seu
409 195 482 231 sint
502 195 594 231 dirae
614 193 862 243 obscenaeque
882 195 1066 232 volucres.

95 256 142 290 Et
162 263 269 303 pater
286 254 467 291 Anchises
479 281 490 300 ‚
508 254 626 304 passis
645 253 691 290 de
709 247 820 290 litore'
840 254 992 303 palmis,

95 313 261 350 Numina
279 326 414 363 magna
432 322 562 359 vocat,
582 313 812 362 meritosque
832 313 965 350 indicit
983 314 1146 351 honores
1167 329 1175 350 ι

97 391 111 405 <1
131 373 198 419 Di,
217 373 419 422 prohibete
438 374 573 410 minas!
592 373 649 419 di,
670 374 782 410 talem
801 375 959 411 avertite
977 377 1123 412 casum!

94 435 141 470 Et
159 433 299 482 placidi
317 443 464 471 servate
483 433 584 483 pios!
608 450 622 465 »
643 436 739 470 Tum
759 434 868 471 litore
889 435 1017 471 funem

93 493 297 542 Deripere,
317 506 571 543 excussosque
587 492 696 543 jubet
715 493 841 530 laxare
863 494 1042 531 rudentis.

145 552 321 590 Tendunt
339 553 422 590 vela
439 553 530 590 Noti
547 567 555 589 :
577 553 734 589 ferimur
749 552 1011 602 spumantibus
1029 553 1157 599 undis,

94 615 180 658 Qua
199 626 351 649 cursum
370 623 581 663 ventusque
601 612 910 663 gubernatorque
930 613 1127 652 vocabant.

92 673 176 708 Jam
195 672 320 709 medio
340 673 497 723 adparet
516 673 633 709 fluctu
651 684 852 710 nemorosa
869 673 1102 722 Zacynthos,
1247 690 1294 714 270

92 730 404 782 Dulichiumque,
424 735 628 781 Sameque,
648 740 685 768 et
704 732 855 769 Neritos
875 732 994 769 ardua
1014 733 1123 770 saxis.

1232 80 1293 107 213

1247 383 1296 407 265

92 790 303 841 Effugimus
322 792 497 842 scopulos
515 791 675 838 Ithacae,
691 793 844 829 Laertia
862 805 997 842 regna,

92 852 139 887 Et
159 859 298 889 terram
313 852 483 890 altricem
499 852 589 890 saevi
607 865 830 890 execramur
847 852 964 890 Ulixi.

91 996 198 1038 Vulgo
209 996 477 1038 Diriguit.—-260
487 1022 496 1037 ,
511 999 553 1029 26
561 1009 588 1030 1.
599 1001 666 1029 Ex-

84 1053 219 1084 poscere
229 1054 346 1083 pacem
357 1067 366 1082 ,
382 1047 522 1083 veniam,
537 1056 664 1083 eorum,

91 1099 164 1130 quae
177 1090 211 1119 iu
222 1091 379 1130 Harpyias
393 1098 612 1131 peccaverant,
628 1099 665 1122 ut

91 1142 122 1165 et
135 1135 220 1176 apud
229 1136 382 1176 Apollon.
393 1138 426 1166 Π
435 1160 444 1174 ,
465 1138 542 1175 252,
558 1139 589 1168 3.
603 1139 665 1168 Bo-

90 1181 192 1212 readae
204 1189 355 1212 verentur
372 1194 413 1214 ne
427 1181 502 1217 ἄτην
519 1186 665 1214 commit-

90 1234 158 1258 tant
168 1227 361 1268 depellendis
371 1231 532 1272 Harpyiis,
543 1231 665 1271 placare

90 1283 160 1311 eas,
178 1276 244 1305 sive
259 1274 324 1304 deae
336 1277 416 1313 sint,
431 1287 488 1306 seu
503 1283 644 1307 monstra
655 1298 664 1315 ,

91 1327 122 1351 et
158 1320 288 1361 quidem
318 1320 406 1351 votis
430 1322 639 1363 precibusque
653 1334 664 1353 .-

90 1377 158 1397 non
170 1366 279 1398 armis.
294 1368 343 1397 De
361 1377 438 1408 pace
455 1370 585 1409 proprie
600 1369 666 1399 dic—

90 1419 137 1451 ta,
157 1423 228 1454 quae
239 1420 271 1444 et
283 1414 383 1444 armis
397 1416 462 1455 peti
474 1422 579 1455 potest
588 1437 597 1452 ,
611 1416 664 1446 hic

90 1460 140 1500 agi
155 1469 224 1490 non
240 1465 355 1500 potest.
371 1461 483 1502 Itaque
506 1472 542 1491 ea
563 1461 664 1492 forma

90 1506 242 1536 orationis
272 1512 318 1536 est
331 1528 340 1543 ,
369 1513 407 1536 ut
437 1517 505 1537 non
535 1507 664 1548 quidem

90 1551 208 1592 ellipsis
228 1552 268 1582 sit
284 1552 448 1582 inferenda
461 1576 471 1590 ‚
494 1564 607 1584 verum
625 1554 664 1585 de

89 1598 215 1627 inversa
229 1604 260 1627 et
280 1599 445 1628 immutata
466 1600 609 1630 oratione
624 1602 665 1630 sit

93 1643 306 1684 cogitandum.
317 1645 476 1685 Principio
487 1652 589 1685 poetae
598 1648 665 1677 ani-

92 1699 146 1719 mo
172 1689 353 1719 insidebant
378 1689 447 1720 haec
469 1691 566 1721 verba
580 1701 588 1722 :
607 1703 665 1723 nec

90 1735 158 1772 jam
172 1735 285 1771 armis,
301 1735 360 1765 sed
369 1736 454 1766 votis
457 1737 666 1778 precibusque

91 1792 158 1811 esse
183 1781 332 1812 utendum
342 1794 354 1818 ;
371 1782 504 1812 alterum
527 1782 590 1813 hoc
619 1785 664 1814 sic

90 1828 206 1858 extulit
231 1838 238 1859 :
267 1828 327 1857 sed
349 1828 435 1858 votis
456 1829 665 1870 precibusque

89 1873 220 1904 deorum
247 1884 366 1914 pacem
395 1886 461 1905 esse
491 1886 663 1916 exposcen-

90 1919 178 1951 dam.
191 1922 273 1952 Nam
281 1931 356 1961 pax
369 1929 415 1952 est
427 1923 577 1964 propitia,
590 1933 664 1963 pro-

89 1976 186 2008 pensa
203 1966 361 1998 voluntas.

82 2011 87 2015 ’
138 2013 202 2044 263
214 2032 259 2037 —
271 2014 348 2053 267.
359 2015 505 2044 Honores
518 2021 554 2044 ut
566 2014 662 2046 modo

90 2069 122 2090 v.
149 2059 211 2098 178
221 2082 230 2098 ‚
257 2071 346 2091 nunc
368 2067 405 2091 ut
428 2061 488 2091 diis
505 2061 664 2102 supplicet

90 2111 122 2135 et
149 2112 222 2136 vota
253 2107 355 2138 faciat.
387 2107 497 2138 Minas
507 2131 516 2145 ‚
540 2108 661 2138 malum

89 2152 216 2183 sinistro
241 2155 392 2184 vaticinio
423 2154 658 2186 denuntiatum.

91 2199 136 2228 Ee
142 2198 271 2239 placidi
286 2208 410 2231 servate
418 2200 509 2241 pios,
529 2207 660 2231 ornatus

719 999 754 1028 in
768 999 867 1037 teum',
882 1009 942 1039 pro
959 1005 1080 1028 servate
1094 998 1291 1029 nos.—266.

719 1045 846 1076 Solvere
866 1044 1001 1086 fimem,
1021 1041 1062 1074 τὰ
1090 1043 1266 1087 πρυμνήσια
1280 1067 1291 1080 ,

718 1091 770 1120 vel
791 1088 832 1121 τὰ
854 1089 1034 1134 πείσματα,
1060 1093 1145 1121 utin
1161 1091 1293 1131 Orphic.

719 1137 798 1174 621,
816 1138 896 1168 622.
918 1140 964 1168 At
979 1137 1128 1167 rudentes
1146 1137 1290 1173 excussi,

719 1184 859 1220 evoluti,
893 1190 1103 1213 antennarum
1129 1190 1227 1220 sunt,
1255 1182 1295 1212 ad

717 1229 787 1259 vela
811 1229 989 1270 pandenda.
1013 1230 1180 1266 Ceterum,
1206 1229 1295 1270 quod

716 1276 781 1315 jam
797 1285 867 1317 sap.
890 1285 953 1306 102
973 1275 1126 1312 vidimus,
1143 1285 1202 1306 nec
1216 1275 1270 1306 bic
1283 1299 1292 1314 ‚

718 1332 777 1351 nec
792 1323 849 1353 inf.
867 1328 906 1360 47
918 1333 944 1358 1,
963 1332 994 1359 2,
1009 1323 1076 1352 sine
1090 1321 1213 1361 judicio
1226 1323 1295 1352 An-

719 1367 813 1398 chisae
829 1369 1015 1398 auctoritate
1032 1379 1080 1398 res
1101 1369 1205 1408 parari
1219 1368 1295 1399 facit

717 1416 963 1455 poeta.—267.
980 1414 1133 1454 Der-ipere
1149 1416 1259 1446 Heins.
1277 1427 1294 1446 e

717 1461 903 1491 melioribus
930 1468 961 1491 et
992 1462 1115 1491 ratione
1142 1472 1296 1501 gramma-

717 1508 789 1538 tica.
808 1507 916 1548 Vulgo
938 1506 1095 1547 Diripere.
1119 1508 1293 1538 Excemos-

717 1563 779 1593 que
797 1553 930 1584 Oudart.
952 1564 1013 1594 pro
1027 1564 1094 1584 var.
1113 1553 1203 1589 lect.,
1223 1554 1291 1584 scil.

717 1609 758 1629 ex
772 1600 1044 1641 interpretatione.
1060 1601 1195 1630 Lassare
1208 1603 1290 1630 Ven.

716 1653 872 1686 perpetuo
887 1657 1005 1677 errore.

767 1692 844 1722 268.
866 1692 1010 1722 Fer-imur
1030 1693 1139 1722 Heius.
1161 1701 1178 1721 e
1204 1691 1290 1722 Gud.

718 1743 749 1766 et
768 1745 906 1777 quatuor
923 1738 1009 1775 aliis;
1030 1737 1152 1767 accedit
1165 1747 1237 1777 pars
1254 1738 1291 1767 li-

717 1782 851 1812 brorum
866 1784 962 1813 Pierii
978 1790 1009 1813 et
1022 1783 1119 1814 Goth.
1137 1793 1198 1814 sec,
1213 1784 1294 1814 Vul-

717 1828 922 1870 goficgz'mus.
934 1846 982 1853 —
995 1830 1060 1860 268
1072 1851 1081 1866 ,
1102 1829 1179 1869 269.
1197 1829 1290 1860 Conf.

717 1875 831 1915 Odyss.
855 1879 884 1912 λ,
909 1887 941 1916 9,
972 1886 1023 1906 10.
1052 1875 1199 1905 Tendunt
1212 1876 1291 1906 vela

718 1921 799 1951 Noti
817 1932 829 1951 .·
856 1920 984 1964 ἔπρησεν
1011 1918 1042 1952 δ’
1066 1919 1176 1964 ἄνεμος
1198 1920 1289 1964 μέσαν

719 1965 810 1999 ἱστίον
827 1967 943 2009 OdysS.
961 1966 999 2006 β,
1023 1974 1087 2006 427
1105 1975 1136 1998 et
1158 1968 1198 1998 al.
1223 1978 1289 2006 270

716 2033 763 2038 -—
784 2015 861 2052 273.
896 2015 1076 2044 Nemorosa
1105 2014 1292 2054 Zacynthus

717 2060 964 2101 Dulichiumque
990 2062 1158 2101 Sameque.
1185 2059 1290 2090 Δουλί-

714 2106 780 2147 χῖὲν
807 2117 842 2137 τε
870 2105 958 2149 Σάμη
986 2117 1020 2138 τε
1031 2130 1040 2145 ,
1068 2103 1123 2137 καὶ
1155 2105 1290 2140 ὑλήεσσα

713 2152 864 2189 ziz-aven
878 2153 993 2194 odyss.
1017 2165 1036 2185 ι.
1055 2160 1109 2190 24.
1123 2152 1152 2184 ἐν
1170 2151 1289 2186 ὓλτζεντι

712 2199 858 2244 Ζακύνθῳ
889 2200 1031 2231 occurrit
1062 2207 1093 2231 et
1125 2199 1211 2232 alibi.
1243 2203 1287 2230 At
