1433 2460
133 80 195 108 252

636 79 828 109 AENEmos

130 137 349 174 visceribus
369 136 594 172 miserorum
614 146 650 173 et
669 138 850 186 sanguino
868 137 1031 173 vescitur
1050 147 1143 174 atro.

129 198 215 234 Vidi
238 206 404 247 egomet,
421 195 498 232 duo
518 196 565 233 dc
584 209 743 233 numero
762 210 879 246 quum
897 210 1058 247 corpora
1079 206 1209 235 nosti-o

130 262 265 295 Prvnsa
287 270 399 294 manu
419 269 571 307 magna,
593 257 718 294 medio
735 258 935 309 resupinus
956 259 993 295 in
1012 268 1142 305 antro,

131 320 334 366 Frangcrct
350 315 397 352 ad
417 329 568 362 saxum,
584 317 763 366 sanieque
783 330 958 367 cxspcrsa
974 327 1145 356 natarent

1278 329 1327 353 625

130 378 292 424 Limina3
313 377 391 414 vidi
410 387 493 415 atro
513 391 631 427 quum
651 377 821 415 membra
840 378 994 416 fluentia
1012 379 1101 417 tabo

129 436 346 483 Mandeiet,
365 446 402 474 ct
422 437 540 488 tepidi
559 446 762 475 tremerent
781 437 852 475 snb
873 437 1049 477 dentibus
1067 447 1182 478 artus.

130 498 241 534 Haud
260 499 412 547 impunc
429 499 596 549 quidem.
612 502 693 537 Nec
713 499 800 536 talia
816 512 947 549 passus
963 499 1112 547 Ulixes,

129 557 329 596 oblitusve
349 560 406 597 sui
429 570 483 597 cst
503 560 655 598 Ithacus
676 560 892 599 discrimine
910 569 1025 597 tanto.

127 675 229 716 assari
246 687 355 717 queas.
376 679 464 708 statii
487 678 580 708 etiam
596 679 698 709 imita-

127 724 247 752 tionem
264 724 353 754 affert
368 725 538 756 Burmann.
560 727 607 755 111
622 725 698 756 Silv.

129 770 162 804 3,
186 779 226 806 ‘52
254 770 437 801 Terribilem
461 771 574 813 adfatu
586 782 701 811 passus

126 825 262 856 ausuque
291 825 476 855 tyrannum.
503 819 629 848 Servius
659 825 701 848 ta-

127 872 200 892 men
214 873 272 893 nec
285 863 369 894 dictu
379 863 537 906 affabilis,
554 875 700 894 sermone

127 918 194 938 non
209 909 426 950 explicabilis3
444 918 476 941 et
499 911 556 941 inf.
579 921 609 941 v.
633 911 699 946 644

129 954 161 983 in
179 955 261 984 andi
293 956 443 996 Cyclopes
457 980 466 994 ,
497 957 673 986 ineffabiles
689 979 697 992 ‚

128 1001 186 1031 ubi
202 1001 241 1031 ad
259 1001 291 1031 h.
310 1003 330 1032 l.
355 1010 520 1042 provocat.
543 1004 632 1033 Esset
646 1004 702 1032 ita-

128 1058 189 1088 que
212 1047 316 1090 πέλωρ
342 1046 493 1091 diff-mov,
516 1049 566 1078 vel
590 1049 701 1078 Hesio—

128 1093 188 1123 deo
211 1095 323 1125 vocab.
351 1094 419 1125 οὔτε
440 1095 589 1136 φατειὸν,
614 1093 702 1134 quod

128 1140 342 1171 Ruhnkenius
371 1142 533 1183 ingeniose
568 1141 703 1170 restituit

128 1187 259 1228 Orpheo
274 1199 304 1218 v.
324 1188 409 1228 926,
426 1195 457 1218 et
475 1187 578 1217 videri
600 1193 704 1228 potest

129 1241 328 1274 exquismus.

175 1280 371 1319 623—627.
389 1279 438 1311 Cf.
456 1279 570 1320 odyss.
587 1291 611 1316 ι,
637 1279 702 1309 288

128 1337 196 1367 sqq.
226 1326 383 1367 Corpora,
405 1327 578 1368 elegantius
608 1336 703 1366 quam

129 1374 224 1403 viros.
256 1373 431 1413 Resupinus
444 1395 453 1410 ,
485 1372 566 1403 bene
598 1373 704 1402 nisum

126 1420 270 1460 jacientis
287 1421 438 1460 exprimit
450 1441 459 1457 ,
477 1418 554 1449 dum
582 1418 623 1448 ad
642 1419 705 1449 col-

129 1465 269 1507 ligendas
308 1467 389 1496 vires
426 1477 544 1507 corpus
579 1465 705 1495 reducit

129 1525 164 1543 ac
179 1519 336 1544 recurvat.
355 1513 395 1543 cf.
419 1514 527 1543 Burm.
546 1514 703 1543 Homerus

130 1560 295 1590 notionem
316 1559 543 1601 magnitudinis
559 1566 589 1589 et
610 1559 704 1588 robo-

130 1608 172 1636 ris
182 1607 216 1636 in
233 1612 376 1636 monstro
392 1606 492 1635 tuitus
507 1612 553 1635 est
567 1615 574 1636 z
592 1602 647 1635 Σὺν
666 1601 702 1634 δὲ

130 1648 194 1682 δύω
223 1650 349 1695 μάρψαις
364 1675 372 1689 ,
406 1650 483 1682 ὥστε
519 1651 676 1686 σκύλακας
692 1674 701 1689 ,

131 1696 203 1729 ποτὶ
230 1696 308 1742 γαίῃ
338 1697 457 1730 Κόπτ’;
490 1705 585 1729 tantae
614 1705 704 1728 erant

130 1747 208 1776 vasti
235 1746 378 1786 corporis
400 1745 506 1775 vires!
531 1745 670 1785 Reliqua*
686 1755 702 1774 a

135 1792 266 1834 Virgilio
293 1793 434 1822 ornatius
452 1793 605 1832 exposita.
635 1792 706 1822 Nisi

130 1847 161 1869 et
188 1841 293 1879 ipsum
321 1849 391 1869 voc.
421 1838 604 1879 resupinus,
628 1848 703 1868 cum

130 1887 251 1923 Servio,
268 1885 306 1915 de
319 1886 442 1924 jacente
455 1885 546 1914 humi
560 1885 703 1926 Cyclope

130 1933 271 1972 accipere
284 1933 382 1962 mavis
396 1942 404 1963 :
419 1941 485 1972 quo
499 1933 569 1972 ipso
584 1932 703 1972 magni-

131 1977 209 2006 tudo
226 1980 351 2008 virtutis
366 1985 530 2019 appareat,
550 1977 638 2019 quod
657 1989 704 2008 re-

131 2025 263 2064 supinus
278 2025 340 2055 hoc
356 2025 456 2054 facere
474 2025 591 2066 potuit.
610 2024 703 2056 Conf.

131 2069 239 2100 Ovidii
251 2082 359 2100 versus
373 2073 453 2102 XIV
473 2072 551 2102 Met.
574 2072 640 2101 205
656 2081 703 2111 sq.

131 2127 171 2145 ex
198 2117 230 2146 h.
259 2117 281 2146 l.
305 2128 480 2156 expressos.
514 2119 700 2159 Exspersa,

131 2162 256 2192 doctius
284 2173 379 2204 quam
404 2174 538 2204 aspersa.
558 2164 702 2196 Membra

121 2208 264 2249 fluentia
279 2209 351 2240 tabo
361 2232 369 2244 ,
386 2211 488 2241 oratio
501 2213 624 2251 poetica
642 2220 701 2252 pro

754 679 886 720 vulgari,
902 678 1062 709 defluente
1078 677 1160 708 tabo.
1179 679 1326 709 Ceterum

753 726 820 756 haec
846 726 885 756 ad
910 731 1054 755 nostrum
1078 725 1219 765 palatum
1242 725 1327 755 haud

754 785 818 803 csse
832 778 1025 813 corripui-ata,
1041 771 1131 800 facile
1145 773 1270 802 sentias.
1281 789 1326 796 -—

755 821 833 850 625.
851 821 1025 858 Empersa.
1043 818 1169 848 Servius
1188 826 1196 848 :
1218 832 1234 844 «
1251 819 1326 848 Haec

754 867 814 896 fuit
829 877 902 896 vera
917 866 1013 895 lectio
1023 887 1032 901 ,
1047 864 1081 894 id
1095 871 1156 900 est,
1171 864 1325 894 madefac-

755 919 783 942 ta
799 923 806 943 2
824 923 897 942 uam
916 913 942 941 si
966 921 1097 951 aspersa
1121 910 1257 947 dixeris,
1282 918 1325 940 ta-

754 960 874 999 pinosis
888 966 919 988 et
936 957 1111 999 hyperbole
1125 957 1306 998 junguntur
1317 980 1325 993 ,

753 1006 874 1035 scilicet
899 1004 1051 1044 adspersu
1075 1010 1106 1033 et
1129 1010 1290 1034 natarent.
1310 1019 1324 1028 ιι

756 1052 868 1081 Fateor
890 1061 940 1080 me
954 1060 1020 1079 non
1041 1050 1115 1079 satis
1129 1050 1249 1089 assequi
1265 1049 1326 1079 dis-

755 1098 875 1127 crimen
899 1097 962 1125 hoc
979 1097 1062 1126 inter
1077 1105 1228 1135 exspersa
1243 1102 1273 1125 et
1291 1107 1327 1124 a·

755 1153 864 1184 spersa
881 1152 891 1171 .·
912 1140 964 1171 sed
983 1140 1216 1182 praeserendum
1235 1141 1328 1172 video

755 1190 889 1220 alterum
895 1195 1044 1228 tanquam
1052 1187 1150 1218 rarius
1157 1195 1187 1218 et
1193 1187 1327 1219 doctius:

757 1247 824 1267 non
836 1235 923 1276 quod
933 1235 1033 1273 major
1049 1235 1095 1265 vis
1108 1235 1271 1265 insit.Erat
1283 1241 1327 1264 ta-

757 1293 829 1312 men
839 1283 988 1313 Serviana
998 1281 1092 1311 lectio
1104 1282 1139 1311 in
1148 1280 1239 1311 nullo
1247 1282 1327 1312 Pier.

756 1328 812 1360 sed
826 1329 860 1358 in
873 1329 995 1368 optimo
1008 1329 1135 1369 Menag.
1151 1334 1183 1357 et
1192 1334 1329 1368 quatuor

756 1375 825 1405 aliis
836 1375 958 1405 Heinsii
969 1396 977 1412 ,
994 1375 1050 1414 qui
1064 1375 1187 1416 egregie
1205 1373 1327 1404 adstru-

755 1423 819 1459 xit,
839 1428 871 1452 et
892 1422 927 1450 in
945 1420 1048 1450 tribus
1069 1422 1178 1451 Burin.
1205 1427 1235 1451 et
1257 1427 1328 1450 tert.

757 1467 855 1498 Goth.
881 1466 966 1498 Add.
988 1466 1105 1497 Bened.
1128 1466 1257 1506 Reliqui
1279 1477 1329 1496 as-

751 1525 849 1555 persa
868 1515 919 1544 vel
936 1513 1090 1553 adspersa
1108 1512 1218 1555 (quod
1231 1514 1327 1543 inter-

756 1568 990 1602 pretamentum
1018 1567 1065 1590 est
1095 1558 1264 1600 alterius);
1280 1569 1328 1590 re-

756 1618 864 1647 spersa
885 1611 990 1649 Sprot.
1012 1614 1044 1637 et
1064 1616 1114 1649 pr.
1138 1608 1255 1638 Moret.
1275 1616 1330 1635 ex-

757 1665 868 1694 sparsa
882 1656 974 1685 Witt.
989 1656 1023 1685 in
1033 1654 1182 1696 margine.
1201 1652 1240 1683 cf.
1257 1663 1326 1693 sup.

758 1700 796 1730 ad
812 1712 843 1731 v.
861 1701 936 1738 534.
950 1702 1006 1732 Est
1017 1708 1122 1731 autem
1140 1709 1329 1742 exspergere

757 1747 886 1788 proprie
913 1748 996 1778 foras
1020 1757 1164 1788 spargere
1194 1753 1226 1776 et
1252 1746 1328 1776 hinc

757 1794 954 1835 dispergere,
974 1794 1139 1835 dissipare3
1153 1799 1184 1823 et
1202 1791 1328 1822 tandem

757 1839 874 1870 limina
893 1851 1062 1881 exspersa,
1083 1849 1224 1881 respersa
1241 1839 1328 1869 sanie

757 1897 792 1916 ac
812 1897 924 1917 cruore
940 1897 982 1917 ea:
998 1885 1089 1917 illisis
1108 1886 1199 1916 humi
1215 1895 1327 1926 corpo-

754 1933 854 1964 ribus.

804 1979 869 2009 628
893 1990 940 2020 sq.
960 1979 999 2010 cf.
1023 1978 1085 2010 Od.
1103 1989 1129 2016 ι,
1151 1987 1216 2018 299
1238 1987 1325 2018 sqq.,

759 2026 824 2056 316
843 2037 912 2066 sqq.
932 2024 1090 2055 Oblitusve
1106 2023 1156 2054 sui
1167 2031 1233 2059 est‚·
1256 2023 1323 2059 sui,

758 2081 831 2101 cum
847 2073 891 2108 vi,
909 2071 941 2102 h.
955 2082 983 2101 e.
997 2081 1062 2101 suae
1076 2071 1197 2100 astutiae
1216 2080 1252 2099 ac
1268 2070 1328 2100 cal-

753 2117 904 2154 liditatis3
934 2127 1006 2157 quae
1032 2118 1089 2147 ista
1108 2122 1197 2146 aetate
1220 2115 1329 2146 eadem

755 2175 827 2194 cum
846 2165 998 2204 sapientia
1009 2163 1116 2194 habita
1127 2186 1136 2200 ,
1151 2169 1190 2193 ut
1209 2172 1250 2192 ex
1263 2163 1330 2192 Ho-

755 2221 842 2242 mero
864 2210 1031 2241 observare
1054 2211 1088 2241 in
1111 2216 1242 2252 promtu
1264 2214 1332 2248 est;
