1402 2460
535 61 657 90 LIBER
682 61 738 90 IV.

1171 66 1231 95 301

40 124 86 159 Et
103 121 271 159 recidiva
288 132 401 158 manu
418 118 625 169 posuissem
646 120 824 167 Pergama
842 118 962 157 victis.

39 181 112 219 Sed
131 194 229 218 nunc
246 180 391 217 Italiam
408 191 581 228 magnam
602 182 776 227 Gryneus
795 180 952 227 Apollo,

1188 189 1236 217 345

38 242 185 278 Italiam
205 241 329 291 Lyciae
343 241 487 290 jussere
506 251 700 288 capessere
720 246 852 275 sortes.

39 301 110 338 Hic
130 314 254 346 amor,
271 301 351 337 haec
372 299 495 350 patria
511 308 578 335 est.
600 299 640 335 Si
659 306 693 334 te
710 298 946 347 Carthaginis
967 311 1070 337 arces

38 359 286 405 Phoenissam,
307 359 536 408 Libycaeque
555 358 753 406 adspectus
774 358 916 394 detinet
937 358 1043 396 urbis
1061 373 1068 394 :

38 423 132 466 Quae
153 421 321 466 tandem,
344 419 511 455 Ausonia
531 421 698 454 Teucros
718 418 914 455 considere
933 427 1051 466 terra,

37 480 187 517 Invidia
205 481 282 517 est?
300 482 346 516 Et
362 491 430 515 nos
449 478 503 515 fas
521 486 650 515 extera
669 491 839 527 quaerere
860 492 986 528 regna.

1186 490 1234 514 350

37 542 100 575 Me
119 539 237 589 patris
257 539 448 583 Anchisae,
466 538 615 587 quotics
633 537 876 575 humentibus
898 539 1042 575 umbris

34 602 121 637 Nox
137 599 260 648 operit
281 607 417 643 terras,
437 598 585 647 quoties
602 607 701 634 astra
721 598 830 647 ignea
848 606 1025 647 surgunt,

35 659 222 696 Admonet
239 659 275 695 in
293 657 431 694 somnis
448 666 485 693 et
504 656 655 693 turbida
675 665 789 692 terret
808 657 944 706 imago.

34 721 98 754 Me
120 732 214 767 puer
230 718 431 762 Ascanius,
447 716 655 765 capitisque
673 716 810 765 injuria
825 717 922 760 cari,

35 781 157 824 Quem
176 791 292 827 regno
312 777 503 825 Hesperiae
521 775 655 811 fraudo
673 784 710 811 et
727 774 903 811 fatalibus
923 776 1034 812 arvis.

1182 788 1229 812 355

33 840 142 875 Nunc
159 838 270 874 ctiam
288 840 478 885 Interpres
499 835 648 880 divum,
664 838 759 871 Jove
779 834 912 871 missus
929 834 976 871 ab
997 835 1098 884 ipso,

33 896 188 947 (Testor
205 905 409 945 utrumque
425 893 562 944 caput)
579 894 710 931 celeris
727 894 903 931 mandata
922 907 992 944 per
1009 907 1118 933 auras

25 1021 200 1062 posuissem
215 1032 274 1062 pro
290 1031 447 1061 ponerem
466 1021 600 1051 dictum.

29 1067 91 1098 Sed
108 1074 139 1097 et
153 1068 285 1097 alterum
303 1075 395 1097 recte.
411 1084 458 1089 -
475 1068 551 1101 344.
571 1068 603 1097 Si

29 1116 96 1144 Aut
109 1124 133 1143 r.
150 1114 232 1154 legas
241 1136 249 1150 ‚
260 1114 428 1143 sententias
438 1113 604 1151 aliterjun-

29 1170 100 1200 gere
110 1159 184 1189 licet
195 1169 201 1189 :
213 1159 337 1189 Priami
346 1166 367 1189 t.
382 1170 412 1189 a.
425 1166 602 1196 manerent,

30 1208 97 1235 Aut
109 1216 133 1236 r.
154 1205 192 1235 ad
208 1207 269 1235 mei
288 1206 385 1235 animi
403 1212 530 1240 votum,
549 1211 603 1233 aut

28 1258 201 1292 superesset
217 1253 311 1289 Troja
321 1274 329 1288 ‚
350 1258 403 1280 aut
419 1262 436 1280 a
452 1261 502 1280 me
516 1252 603 1280 resti—

29 1304 180 1328 tueretur.
199 1297 349 1327 Rediviva
364 1297 485 1337 aliquot
499 1297 578 1327 Pier.
590 1318 599 1334 ‚

29 1343 164 1374 sollenm'
180 1345 337 1374 varietate.

77 1390 157 1427 345,
179 1390 255 1425 346.
280 1389 420 1419 Omnino
441 1388 600 1428 Apollinis

29 1436 195 1467 oraculum
222 1435 294 1465 Deli
325 1434 337 1476 (
354 1445 424 1475 sup.
452 1436 500 1463 ΙΙΙ
515 1456 523 1471 ,
555 1439 599 1473 94

28 1493 94 1523 sqq.
109 1481 121 1522 )
142 1489 304 1522 acceptum
320 1480 508 1522 significari,
529 1482 598 1510 Ser-

27 1530 96 1558 vius
110 1527 245 1564 volebat,
261 1535 291 1557 et
307 1538 378 1556 cum
392 1537 429 1555 eo
443 1526 505 1562 alii,
520 1536 600 1565 quos

27 1575 103 1605 vidi.
124 1576 169 1604 Ita
186 1580 288 1603 tamen
307 1574 363 1602 vix
377 1573 485 1602 locum
503 1571 599 1601 habe-

28 1628 74 1651 ret
90 1644 98 1658 ‚
128 1620 255 1661 frigeret
283 1621 393 1659 ulique
409 1641 416 1656 ,
453 1618 598 1658 repetitio

26 1667 97 1697 illa:
118 1666 263 1705 Gryneus
285 1665 403 1704 Apollo
419 1663 457 1705 (a
473 1664 598 1704 Grynio

28 1711 157 1744 AEolidis
168 1735 176 1749 ‚
200 1711 240 1740 cf.
266 1710 305 1740 ad
330 1710 398 1740 Ecl.
431 1710 474 1738 VI
488 1732 496 1746 ,
532 1719 572 1746 72
587 1707 599 1747 )

28 1765 59 1789 et
71 1758 177 1797 Lycia>
194 1763 290 1787 sortes
303 1756 394 1797 (sup.
418 1766 429 1784 1
438 1754 500 1794 43)
518 1764 525 1784 ε
541 1764 601 1783 ma-

26 1804 82 1834 lim
95 1806 200 1844 itaque
223 1802 261 1833 ad
280 1812 428 1843 responsa
442 1800 600 1841 Apollinis

27 1850 141 1881 referre
157 1851 191 1879 in
201 1856 338 1889 utroque
353 1847 481 1887 templo,
498 1853 529 1876 et
542 1846 598 1875 illo

29 1896 111 1938 apud
135 1896 297 1936 Myrinam
315 1893 463 1930 AEoHdis,
487 1899 518 1922 et
537 1892 598 1922 hoc

29 1943 66 1972 ad
82 1945 188 1974 Patara
200 1964 208 1979 ,
223 1947 364 1981 accepto.

75 1990 150 2027 347.
163 1987 224 2018 Hic
234 1987 346 2028 patria
361 1993 407 2016 est
414 1992 476 2015 tres
488 1985 598 2015 Heius.

33 2027 137 2065 Car'ch.
162 2034 238 2063 altae
262 2036 344 2063 Ven.
373 2039 403 2062 et
428 2031 513 2062 Gud.
538 2041 598 2071 pro

27 2091 92 2111 var.
116 2081 188 2110 lect.
201 2098 247 2102 —
265 2079 323 2109 Hic
341 2089 449 2115 amor,
471 2088 544 2107 cum
567 2078 599 2106 vi

29 2126 151 2157 dictum
176 2124 214 2155 de
235 2127 333 2166 patria
346 2149 355 2163 ‚
378 2135 472 2165 quam
497 2130 597 2161 amat,

30 2173 105 2203 colit
118 2195 127 2210 ‚
159 2172 249 2211 cujus
277 2178 361 2202 tanta
392 2171 503 2201 caritas
529 2176 575 2200 est
589 2191 597 2208 ‚

188 2237 238 2272 ΙΙ.

655 1030 727 1060 sup.
763 1021 830 1057 ΙΙΙ,
864 1020 946 1057 ῐ34,
975 1021 1096 1050 Hortor
1118 1032 1230 1053 amare

646 1065 753 1107 jocos.
776 1082 821 1088 ——
846 1065 922 1101 348.
956 1066 1065 1105 Libyae
1092 1069 1229 1099 Dorvifl.

657 1111 793 1152 affictus
806 1112 920 1141 Hamb.
934 1112 986 1141 alt.
1003 1114 1153 1144 Demere:
1163 1117 1230 1145 Ser-

658 1159 728 1187 vius
743 1158 775 1186 in
800 1157 888 1187 novis
910 1157 1048 1199 (bonis)
1073 1167 1105 1189 ec
1125 1171 1230 1190 emen-

657 1203 742 1233 datis
769 1203 854 1233 libris
877 1204 937 1243 legi
966 1205 1115 1241 testatuY3
1143 1207 1230 1246 quod

655 1251 686 1280 J.
701 1251 752 1279 Fr.
774 1250 940 1279 Gronovio
955 1250 1048 1281 Obss.
1063 1252 1120 1288 IV,
1137 1263 1157 1292 9
1169 1275 1177 1290 ‚
1196 1264 1230 1293 p.

659 1296 722 1325 130
752 1303 782 1324 et
811 1296 943 1325 Heinsio
970 1295 1138 1328 arridebat.
1167 1299 1228 1329 Sed

653 1340 735 1370 illud
756 1341 878 1370 dictum
900 1347 984 1370 recte
1008 1353 1065 1382 per
1083 1354 1132 1381 se,
1154 1345 1229 1375 alie-

654 1398 733 1416 num
746 1394 850 1416 tamen
862 1397 879 1416 a
891 1387 955 1417 loci
966 1390 1131 1427 sententia,
1146 1390 1227 1421 bene

653 1433 766 1462 refellit
781 1434 888 1463 Burm.
900 1455 909 1469 ‚
924 1440 955 1463 et
968 1433 1092 1464 detinet
1102 1442 1225 1475 tuetur,

653 1486 803 1518 tanquam
821 1479 909 1518 quod
926 1481 1094 1521 proprium
1115 1482 1175 1511 hae
1193 1485 1228 1513 in

653 1535 686 1554 re
702 1525 752 1554 sit.
764 1542 810 1547 —
822 1525 898 1554 350.
916 1527 996 1564 Quae
1013 1525 1135 1556 invidia
1154 1533 1226 1558 est?

653 1570 731 1610 quid
746 1577 846 1607 vetat,
861 1572 1033 1610 quominus
1045 1571 1079 1601 id
1097 1571 1174 1603 fiat?
1190 1582 1227 1604 ut

654 1617 767 1656 passim
787 1616 902 1657 φθονεῖν
931 1624 962 1645 et
987 1618 1140 1649 invidere.
1159 1621 1227 1651 vid.

652 1664 825 1692 Burmann.
850 1679 896 1684 ——
919 1662 995 1692 351.
1033 1664 1227 1705 Comparant

654 1707 743 1738 Iliad.
760 1705 792 1748 ψ,
811 1708 874 1737 105
885 1718 931 1748 sq.
949 1709 1100 1749 Surgunt,
1118 1712 1226 1741 oriun-

655 1761 706 1783 tur
725 1763 732 1783 :
752 1764 784 1784 v.
812 1755 827 1782 1
849 1754 964 1795 Georg.
992 1760 1067 1790 440.
1084 1773 1130 1778 —
1148 1758 1225 1788 353.

657 1798 794 1829 Turbida
810 1799 935 1841 imago,
958 1800 1082 1831 turbata
1094 1824 1103 1839 ‚
1117 1803 1224 1841 tristis,

652 1852 688 1876 ut
702 1847 744 1882 V,
763 1846 848 1885 695,
873 1847 915 1875 ita
937 1847 1043 1876 verius
1063 1849 1150 1879 Serv.
1172 1850 1225 1880 Ad

654 1893 719 1928 354
737 1892 778 1922 cf.
795 1902 865 1932 sup.
887 1893 953 1927 234
969 1903 1015 1933 sq.

701 1938 766 1967 356
782 1948 849 1978 sqq.
869 1937 1033 1968 Adornata
1047 1940 1143 1970 verba
1153 1963 1162 1978 ,
1187 1949 1224 1972 ut

653 1983 741 2014 Iliad.
763 1995 804 2021 ω,
822 1985 898 2014 223.
918 1987 1089 2025 Utrumque
1109 1995 1224 2027 caput,

653 2041 758 2060 meum
773 2040 808 2059 ac
822 2037 925 2060 tuum.
941 2032 1011 2060 Hoc
1023 2032 1056 2060 in
1069 2032 1174 2063 verbis
1183 2034 1222 2064 ad

652 2076 810 2107 Didonem
823 2075 938 2106 habitis
952 2077 1048 2118 magis
1062 2086 1225 2110 consenta-

652 2134 749 2153 neum
759 2145 768 2160 ,
787 2132 883 2162 quam
893 2144 902 2160 ,
921 2123 946 2152 si
963 2125 1068 2154 AEneae
1083 2131 1114 2154 et
1126 2126 1223 2156 Asca-

653 2171 698 2199 nii
725 2168 888 2210 intelligas.
920 2169 1067 2200 Formula
1095 2171 1224 2209 jurandi

1015 2233 1063 2268 26
