1402 2460
582 37 705 66 LIBER
731 37 744 65 I
749 35 790 65 II.

1223 45 1283 72 227

84 97 129 131 Et
146 95 230 131 salis
247 94 406 131 Ausonii
421 93 659 130 lustrandum
677 92 839 130 navibus
860 105 1008 142 aequor,
1239 101 1286 124 38⁵

82 154 300 203 Infernique
317 153 439 199 lacus,
459 155 646 202 AEaeaeque
667 154 789 190 insula
810 153 946 199 Circae,

83 217 206 260 Quam
224 222 304 250 tuta
321 214 440 263 possis
457 212 591 250 urbem
611 224 840 262 componere
859 222 970 249 terra.

83 274 198 324 Signa
218 273 289 311 tibi
307 273 429 310 dicam
450 287 457 308 :
480 282 521 310 tu
538 272 690 309 condita
710 281 835 310 mente
854 282 990 310 teneto,

84 336 212 380 Quum
232 333 301 371 tibi
318 333 478 371 sollicito
499 333 633 370 secreti
653 333 700 369 ad
723 333 887 370 fluminis
904 332 1043 370 undam

85 393 246 430 Litorcis
266 393 396 444 ingens
417 393 572 430 inventa
592 392 662 430 sub
681 392 830 430 ilicibus
847 406 931 440 sus,
1238 402 1286 434 390

84 454 255 504 Triginta
272 454 438 504 capitum
456 455 552 491 fctus
572 455 699 500 enixa,
715 453 875 504 jacebit,

84 514 199 560 Alba,
219 516 299 552 solo
319 515 524 561 recubans,
544 515 620 552 albi
639 515 780 552 circum
803 514 923 552 ubera
945 515 1022 551 nati
1042 528 1050 550 :

84 577 120 612 Is
139 575 244 612 locus
262 575 367 612 urbis
386 575 476 623 erit3
496 575 645 625 requies
665 564 709 612 ez⁰1
725 584 826 612 certa
847 574 1031 612 laborum.

89 785 123 804 ea
139 776 296 814 scriptura
307 796 314 809 ,
329 783 401 812 quae
420 779 524 802 tamen
548 771 661 802 funda-

86 827 193 850 mento
207 830 273 850 non
286 820 417 849 omuino
428 825 550 856 carent,
564 829 661 858 quan—

86 866 257 906 doquidem
268 863 421 908 Θρινακίαι
431 866 601 895 Homerica
615 873 660 895 est

84 914 225 952 scriptio.
238 912 322 942 conf.
335 912 462 943 Cluver.
478 919 508 941 et
521 912 656 942 Dorvill.

85 959 188 990 Sicula
213 970 244 1000 p.
278 959 352 988 163.
375 959 548 989 Enimvero
565 958 604 988 ad
620 959 657 988 li-

85 1005 217 1045 quidum
232 1016 281 1035 res
293 1004 428 1045 perduci
442 1007 553 1045 nequit
565 1029 573 1043 ,
587 1012 658 1034 utra

84 1053 123 1082 sit
134 1053 238 1082 verior
247 1058 277 1081 et
287 1052 458 1091 antiquior.
469 1051 556 1080 Idem
563 1051 658 1082 Wall.

85 1098 251 1128 [emendus
278 1109 295 1127 a
318 1108 359 1127 m.
388 1107 437 1137 pr.
472 1098 658 1127 Tentandus

85 1145 182 1176 Goth.
209 1154 271 1174 sec.
298 1154 314 1173 a
338 1154 381 1173 m.
396 1154 446 1184 pr.
470 1144 660 1174 Flectendus

86 1191 202 1232 Guelp.
215 1190 514 1227 un.-—384——387.
527 1192 657 1227 Ornate,

83 1248 168 1267 mare
189 1237 332 1268 Siculum
347 1243 378 1266 et
394 1236 599 1276 Tyrrhenum
613 1244 659 1266 est

82 1283 324 1325 peragrandum.
336 1282 520 1312 lentandus
535 1293 638 1312 remus
647 1306 655 1320 ‚

83 1331 221 1372 agendus
232 1353 241 1367 ,
255 1329 310 1360 sed
323 1330 512 1369 exquisitius
525 1340 533 1367 ;
549 1340 658 1359 curva-

82 1383 135 1406 tur
148 1378 233 1407 enim
246 1383 277 1407 et
295 1375 434 1406 flectitur
450 1377 482 1405 vi
498 1375 657 1406 undarum

83 1430 113 1453 et
128 1425 199 1454 nisu
212 1424 349 1464 remigis.
366 1423 417 1452 Sic
435 1422 587 1463 Apollon.
604 1425 636 1453 II
647 1445 655 1460 ,

85 1471 147 1510 591
181 1468 438 1514 ἐπεγνάμπτοντο
464 1466 499 1499 δὲ
528 1471 654 1507 κῶπαι,

83 1510 164 1547 nure
183 1516 337 1560 καμπύλα
355 1512 450 1553 τόξα,
467 1514 656 1559 βιαζομένων

83 1562 210 1606 ἡρώων,
241 1565 275 1594 in
314 1563 445 1602 trajectu
479 1564 658 1605 Symplega-

84 1610 172 1641 dum.
189 1611 349 1652 Quoniam
363 1610 465 1645 enim,
483 1609 571 1639 lenta
586 1621 658 1650 quae

84 1664 177 1693 sunt,
190 1657 282 1687 facile
305 1657 388 1686 flecti
413 1663 547 1695 possunt
558 1679 566 1693 ‚
580 1656 657 1686 hinc

85 1703 188 1732 lentus
217 1714 276 1744 pro
315 1702 448 1737 ssexflss,
477 1708 508 1731 et
535 1703 658 1732 lentare

84 1749 221 1781 flectere.
258 1751 288 1779 A
319 1748 456 1790 Virgilio
486 1750 602 1779 Statius
629 1755 661 1779 et

85 1796 138 1825 alii
151 1797 332 1836 petierunt3
354 1794 509 1835 Virgilius
523 1794 562 1824 ab
579 1797 660 1825 anfi-

83 1843 270 1882 quim-ibus,
307 1850 341 1872 ut
370 1844 456 1873 Serv.
491 1841 595 1872 docet.
613 1859 660 1865 —-

86 1889 162 1919 386.
181 1888 308 1930 Inferni
321 1889 420 1918 lacus.
438 1887 585 1919 Avernus
600 1889 658 1920 inf.

84 1935 141 1966 lib.
160 1938 217 1967 VI.
250 1936 354 1966 Circes
383 1934 487 1964 insula
506 1937 590 1972 VII,
619 1946 658 1966 10

79 1994 151 2023 ¹sq.‚
178 1984 272 2014 AEaea
284 2006 293 2019 ‚
324 1981 490 2020 Colchica,
517 1982 557 2012 ab
584 1984 658 2019 AEa,

85 2029 246 2060 Colchidis
274 2029 373 2067 urbe,
391 2028 442 2058 vel
467 2041 507 2060 ex
525 2029 660 2070 Apollo<

85 2077 139 2105 nio
167 2076 294 2107 Rhodio
318 2083 404 2107 nota.
422 2094 468 2100 —
489 2076 590 2107 Circae
605 2087 657 2106 ve-

85 2124 255 2153 tustiorum
294 2125 482 2154 auctoritate
516 2124 659 2164 reposuit

85 2169 193 2201 Heius.
205 2192 214 2208 ,
233 2171 289 2213 qui
310 2171 437 2211 copiose
463 2170 530 2202 aliis
549 2180 656 2201 exem-

713 772 774 812 plis
802 769 917 801 firmat.
943 771 1052 812 Vulgo
1082 771 1204 810 Circes,
1230 773 1287 803 ali-

713 824 793 858 quot
801 819 895 848 etiam
909 817 1007 848 Circe.
1020 835 1066 840 —
1077 819 1154 857 387.
1174 819 1287 850 Urbem

713 875 917 905 componere,
931 875 1014 895 nove
1022 865 1144 895 dictum
1157 876 1223 896 esse
1233 866 1288 896 de-

712 911 783 949 bet,
811 923 871 952 pro
899 922 1042 952 ponere,
1073 911 1226 949 condere3
1251 920 1288 942 ut

711 958 863 998 templum
895 969 1084 998 componere
1120 969 1161 989 ex
1191 959 1286 990 Ovid.

712 1007 727 1034 I
754 1006 834 1035 Fast.
859 1005 922 1042 708
949 1004 1058 1034 laudat
1084 1007 1192 1036 Burm.
1219 1007 1288 1036 Nisi

712 1051 861 1091 estquod
886 1051 1002 1090 vulgo,
1023 1062 1072 1081 res
1094 1051 1183 1081 urbis
1200 1062 1287 1082 com-

712 1107 851 1137 ponere,
881 1107 1015 1138 pacare,
1044 1098 1202 1129 ordinare.
1232 1101 1288 1129 Est

716 1142 888 1173 tenendum
913 1143 1118 1182 alterutrum,
1132 1155 1190 1174 nec
1213 1156 1287 1175 cum

713 1190 821 1220 Burni.
851 1190 929 1219 duas
949 1190 1088 1220 diversas
1107 1193 1288 1222 notationes

711 1236 747 1265 in
775 1246 878 1265 unum
901 1237 1011 1266 locum
1041 1248 1214 1278 congerere
1233 1249 1288 1268 au-

712 1282 786 1318 sim3
804 1282 892 1322 quod
915 1284 1070 1313 sermonis
1091 1284 1227 1315 humani
1242 1295 1289 1314 ra-

711 1329 793 1358 tioni
806 1329 1000 1360 adversatur.

761 1376 837 1407 388.
866 1378 910 1407 Ut
926 1376 1011 1417 apud
1035 1378 1167 1408 Homer.
1196 1379 1287 1420 Ripa.

712 1418 749 1451 δέ
771 1432 819 1452 τοι
843 1421 936 1465 ἐρέω,
953 1430 984 1453 et
1005 1423 1109 1455 illud:
1141 1423 1177 1454 σὺ
1194 1420 1225 1454 δ’
1247 1424 1287 1454 ἐν’.

712 1466 798 1511 φρεσὶ
814 1468 916 1499 σύνθεο
929 1493 937 1508 ,
955 1471 1006 1500 vel
1027 1468 1141 1508 βάλλεο
1159 1473 1239 1513 σῇσι.

760 1517 955 1558 389—393.
975 1518 1023 1549 Cf.
1044 1518 1102 1548 inf.
1123 1520 1224 1556 VIII,
1244 1524 1284 1554 42

711 1573 780 1603 sqq.
804 1563 844 1593 81
873 1574 919 1604 sq.
948 1564 1243 1606 Quum—jacebit:
1262 1565 1288 1594 is

711 1610 799 1639 Iocus
822 1621 882 1651 pro
908 1611 1054 1652 vulgari:
1073 1611 1100 1641 is
1127 1612 1235 1649 locus,
1253 1611 1286 1640 in

711 1657 950 1698 quo—jacebit,
968 1658 1028 1688 eric
1041 1668 1132 1687 novae
1141 1658 1211 1687 urbi
1218 1658 1287 1687 des-

712 1703 843 1733 tinatus.
866 1705 928 1734 Res
949 1705 1018 1744 ipsa
1045 1704 1154 1734 multis
1168 1705 1204 1734 in
1222 1715 1287 1734 mo-

713 1750 873 1779 numentis
889 1751 1041 1790 antiquis,
1061 1752 1212 1792 gemmis,
1231 1762 1287 1781 nu-

713 1796 772 1825 mis
791 1795 950 1831 exhibita,
969 1804 1005 1826 ut
1021 1797 1165 1838 exempla
1179 1797 1287 1838 singu-

713 1842 742 1871 la
757 1842 886 1872 laudare
902 1842 983 1873 velle
1002 1845 1149 1884 ineptum
1162 1845 1213 1875 sit.
1235 1846 1288 1874 Se-

714 1889 792 1918 creti
802 1889 956 1932 fluminis
973 1889 1005 1920 h.
1029 1902 1056 1921 e.
1082 1891 1117 1920 in
1139 1898 1227 1931 parte
1242 1901 1288 1921 se-

715 1941 818 1973 creta,
846 1935 886 1966 ab
912 1936 1081 1967 hominum
1108 1937 1286 1978 frequentia

713 1989 852 2020 remota,
885 1981 1026 2014 fluminis
1064 1983 1189 2014 Tiberis
1226 1984 1284 2015 inf.

713 2030 813 2066 VIII,
834 2029 874 2059 82
884 2040 948 2070 per
961 2029 1225 2061 silvam—‘viridi
1252 2030 1284 2060 in

713 2076 816 2106 litore.
849 2077 997 2108 Ceterum
1027 2077 1262 2108 observandum
1276 2101 1284 2114 ‚

713 2133 774 2163 qua
789 2122 962 2154 verborum
976 2123 1128 2166 dig-nitate
1143 2123 1286 2166 ignobile

713 2177 935 2212 argumentum
946 2178 1041 2212 poeta
1055 2172 1225 2206 ornaverit.
