1423 2517
648 113 769 143 LIBER
795 113 820 142 Ῑ.
1301 120 1340 149 ¹9

134 170 310 220 Ingemit,
327 178 382 215 et,
403 170 563 220 duplicis
582 170 738 207 tendens
759 170 805 207 ad
822 169 946 206 sidera
968 169 1129 218 palmas,

132 231 236 268 Talia
252 243 345 267 voce
365 231 480 267 refert
496 244 505 266 :
529 248 543 263 «
562 233 596 268 O
617 240 749 281 terque
767 240 978 280 quaterque
995 229 1116 276 beati,

133 290 227 336 Quis
245 298 330 327 ante
349 302 415 327 ora
434 299 585 339 patrum
604 291 729 341 Trojae
745 290 816 328 sub
832 289 1018 327 moenibus
1035 289 1118 326 altis
1303 296 1334 327 95

133 349 300 399 Contigit
320 353 517 399 oppetere!
535 363 557 386 ο
574 353 748 387 Danaum
768 350 970 387 fortissime
991 349 1111 399 gentis

132 409 280 458 Tydide
292 437 301 455 ,
324 423 431 446 mene
448 409 570 447 Iliacis
588 410 816 447 occumbere
834 411 976 459 campis

132 469 219 505 Non
235 467 420 517 potuisse,
438 478 578 518 tuaque
595 469 757 505 animam
774 469 871 506 hanc
892 467 1088 504 effundere
1105 466 1255 504 dextra!

134 531 264 565 Saevus
281 527 348 566 ubi
369 529 532 566 AEacidae
551 530 624 566 tclo
640 530 740 580 jacet
760 533 922 574 Hector,
939 528 1006 565 ubi
1023 528 1152 578 ingens

134 589 353 639 Sarpedon,
371 589 438 626 ubi
458 599 513 627 tot
534 591 672 627 Simois
692 599 875 640 conrepta
890 589 961 627 sub
979 589 1089 625 undis
1289 604 1335 619 τοο

132 722 178 744 est
195 715 328 744 Achillis
342 715 540 754 exemplum,
555 716 608 755 qni
624 726 704 745 mor-

132 768 193 791 tem
217 772 233 789 a
257 760 378 790 Xanthi
401 761 466 788 elux
476 761 504 789 ie
534 761 705 790 instantem

130 807 273 836 similiter
302 805 499 835 exhorrescit
534 806 624 837 Iliad.
662 817 682 846 φ
695 829 703 844 ,

132 863 209 891 272.
232 853 408 893 Antiquam
438 852 611 892 sepulturae
635 854 706 883 reli-

128 900 255 940 gionem
270 898 335 928 huc
350 898 520 935 advocare,
535 910 615 939 qua,
630 911 705 929 cum

128 945 287 975 inhumati
302 946 460 984 jacerem,
480 946 535 986 qui
552 947 630 976 mari
649 946 704 976 ab·

127 993 227 1033 sorpti
240 999 342 1022 essent
353 1015 361 1029 ,
377 998 464 1021 tauto
483 994 610 1033 gravior
624 1004 704 1023 nau-

127 1038 217 1080 fragii
232 1038 347 1069 horror
357 1050 422 1068 esse
436 1038 572 1068 debebat
582 1062 590 1076 ,
610 1040 703 1069 nimis

128 1092 275 1126 argutum
296 1085 443 1115 arbitror.
469 1087 582 1115 Priscis
600 1086 704 1116 heroi-

129 1132 189 1161 bus
203 1138 234 1162 et
249 1138 389 1161 metueie
407 1139 438 1162 et
457 1132 532 1161 flere
551 1132 581 1161 h:
583 1133 661 1162 iud'
653 1144 702 1162 m-

128 1178 281 1208 decomm
307 1185 363 1208 est.
377 1196 423 1201 —-
438 1180 493 1218 93.
514 1172 657 1218 Οχθισας
672 1176 702 1209 δ’

129 1223 192 1267 ἄρα.
212 1219 279 1255 εἷπε
293 1223 368 1266 πρὸς
385 1223 415 1255 ὃν
433 1236 469 1267 μ·
460 1224 606 1269 :yffi-hro
584 1236 639 1256 mot.
654 1226 702 1256 Ου-

128 1281 165 1314 μῡ
154 1283 196 1302 4ν.
211 1283 241 1302 v.
261 1272 325 1311 298
343 1271 404 1302 Od.
423 1282 452 1309 ε,
470 1279 500 1301 et
513 1273 656 1312 sequitui
665 1274 702 1302 si-

127 1318 209 1348 milis
219 1319 321 1348 oratio
333 1319 465 1359 Liyssis,
477 1325 513 1348 ut
523 1319 574 1348 hic
585 1322 701 1350 AEneae.

175 1370 275 1405 94—-
292 1365 346 1405 96.
367 1365 449 1395 Ibid.
469 1365 534 1395 306
552 1362 622 1408 Τρὶς
643 1364 703 1409 μοί-

127 1421 219 1454 καρες
246 1409 360 1442 Awana-C
386 1419 445 1443 etc.
475 1412 629 1452 Compara
655 1413 702 1443 lo-

126 1469 211 1490 cum,
231 1459 269 1489 cf.
289 1458 381 1489 Iliad.
397 1469 434 1500 φ,
452 1468 518 1498 279
532 1470 600 1499 sqq.
619 1461 700 1491 Nos-

127 1512 211 1535 trum
249 1506 392 1535 imitatur
429 1507 547 1536 Seneca
587 1506 699 1547 Agam.

128 1552 192 1582 515
208 1563 276 1592 sqq.
293 1554 449 1592 Oppetere
463 1559 594 1581 mortem
604 1575 612 1589 ‚
628 1553 699 1582 vul-

123 1608 214 1639 gare;
232 1606 324 1639 poeta
348 1598 492 1629 absolute
513 1600 622 1639 posuit
639 1608 646 1629 :
664 1606 701 1629 ut

126 1643 210 1674 obire
229 1653 379 1681 mortem,
393 1656 470 1675 mox
485 1645 570 1675 obire
582 1646 700 1686 simpli-

126 1692 319 1731 enen—95.
333 1692 399 1721 Ora
408 1692 502 1721 deum
514 1703 562 1732 pr.
581 1692 696 1723 Hamb.

126 1739 227 1778 Super
239 1737 310 1777 quis
318 1740 404 1768 Serv.
415 1739 458 1767 ita
468 1745 513 1768 est
522 1739 700 1779 intelligen-

127 1783 187 1813 dus
198 1784 344 1824 :Duplex
356 1784 415 1813 fuit
423 1784 538 1814 forma:
550 1784 615 1823 qui,
626 1796 700 1824 quo-

126 1841 207 1868 rum,
219 1830 289 1871 quis
303 1830 314 1872 (
325 1841 391 1860 nou
408 1837 513 1859 autem
526 1830 614 1870 queis
624 1830 636 1870 )
645 1842 657 1865 ;
669 1838 700 1860 et

125 1876 337 1917 ques,q1ti111n
349 1900 357 1912 ,
377 1876 487 1917 quibus
496 1900 505 1912 ,
516 1878 581 1905 sive
592 1876 630 1905 ab
639 1877 699 1906 ini-

123 1924 168 1953 tio
178 1945 187 1960 ‚
199 1923 304 1964 queis,
324 1923 451 1963 quoium
463 1946 471 1959 ,
488 1922 626 1963 quez'bus.

171 1971 214 2010 96
232 1988 279 1992 —
299 1970 353 2010 98.
372 1970 580 2006 Diomedem,
595 1969 697 2010 Tydei

124 2010 145 2046 f.
157 2039 165 2053 ‚
175 2018 377 2058 potissimum
390 2017 473 2046 inter
483 2016 624 2046 Achivos
635 2027 699 2046 me·-

124 2070 244 2101 morat,
276 2063 429 2104 quoniam
459 2074 533 2092 cum
560 2073 597 2092 eo
622 2073 699 2093 con-

123 2120 247 2151 gressus
279 2112 390 2140 AEneas
414 2120 431 2139 a
445 2111 570 2139 Venere
601 2110 698 2139 morti

124 2163 251 2197 ereptus
279 2156 392 2186 fuerat.
409 2167 440 2186 v.
463 2156 554 2187 Iliad.
581 2166 610 2193 ε,
630 2157 696 2196 239

124 2213 192 2243 sqq.
212 2203 274 2233 311
300 2213 368 2243 sqq.
386 2202 603 2233 Fortissimum
624 2214 698 2232 eum

125 2249 260 2290 appellat
282 2259 323 2279 ex
340 2250 379 2280 Il.
399 2247 430 2287 ζ,
451 2250 494 2290 98
510 2261 518 2288 ;
532 2249 589 2283 ubi
605 2249 698 2280 Hele-

758 725 818 744 nus
835 713 874 743 de
892 712 1021 743 eodem:
1039 705 1080 743 όν
1093 709 1162 745 Sani
1151 723 1214 756 εγω
1230 711 1335 755 κάρκ-

758 751 952 811 CGJJ'YLMQ!
968 755 1045 801 φτυ).
1059 769 1097 802 qs
1086 757 1212 788 ωέισθαι.
1223 760 1334 798 -98,

758 808 854 836 Hanc
871 816 1017 835 ammam
1041 808 1064 836 Ρ
1066 805 1149 835 nih
1170 807 1238 835 Tua
1253 804 1335 834 hanc

759 852 907 882 animam
931 853 1034 892 Bigot.
1050 852 1270 892 Animumque
1280 859 1334 881 cua

760 898 820 929 hac
830 899 952 940 (saltem
964 898 1036 929 deb.
1048 897 1151 938 hanc)
1165 899 1271 928 Moret
1285 909 1333 938 pr.

806 957 860 986 99.
874 946 989 987 Odyss.
1006 956 1027 989 γ
1037 969 1045 983 ,
1066 946 1128 974 108
1145 946 1261 975 Nestor
1274 945 1334 973 fac-

757 999 789 1022 ta
811 992 1013 1023 Achivorum
1034 998 1105 1021 ante
1127 992 1254 1030 Trojam
1284 1002 1332 1021 re-

758 1050 889 1069 censens
914 1035 1016 1069 ἐνθάδ’
1043 1037 1097 1068 ἐπε
1102 1035 1153 1068 (w.
1176 1036 1318 1068 κατέκτα

757 1086 796 1115 63¹
790 1097 825 1123 ν,
842 1084 909 1116 ἕσσο
900 1083 986 1128 4ιᾶρ
983 1095 1067 1115 ,σ-οι·
1083 1078 1163 1116 Eueni
1165 1084 1216 1131 μὲ
1205 1096 1232 1114 ιν
1256 1082 1332 1120 Αἶας

756 1143 791 1162 7.=.
782 1124 915 1163 -ῖτοιιᾸε
919 1130 982 1167 τ’ῖςο
970 1156 1002 1170 ,
1017 1131 1087 1161 ἑιθοι
1113 1122 1304 1171 &ii-4215&
1321 1155 1330 1169 ,

758 1178 827 1209 ἔνθα
842 1176 877 1209 δὲ
893 1177 979 1222 Ποίτρ
984 1182 1072 1214 .7.)0;
1079 1196 1126 1201 —
1134 1176 1204 1208 ἔιθα
1218 1174 1274 1207 δ’)
1263 1176 1334 1220 εμὸς

756 1235 789 1268 φ.
782 1224 840 1261 '203
851 1224 898 1256 υἱ4’
900 1225 1335 1261 4Suavissimuslocusfflae-

757 1283 809 1302 vus
827 1274 946 1302 Hector
960 1273 1064 1312 simpl.
1087 1283 1147 1312 pro
1169 1271 1259 1300 fortis
1274 1294 1282 1308 ‚
1299 1279 1335 1301 ut

757 1330 848 1355 acer,
868 1330 980 1359 asper,
1003 1330 1034 1349 v.
1058 1324 1108 1355 14.
1136 1318 1279 1355 Scilicet,
1297 1325 1333 1347 ut

757 1366 853 1395 semel
884 1376 1070 1395 moneamus
1084 1388 1093 1402 ‚
1132 1375 1207 1394 cum
1236 1375 1334 1394 scmus

755 1413 885 1453 proprie
913 1412 951 1442 ad
980 1413 1077 1448 iram,
1106 1411 1247 1441 furorem
1258 1433 1266 1447 ‚
1299 1422 1333 1440 ac

754 1459 987 1489 vehementiam
1011 1464 1150 1499 spectet,
1166 1468 1226 1498 pro
1246 1468 1332 1488 com-

754 1507 847 1535 muni
863 1506 1024 1546 epitheto,
1044 1516 1126 1545 saepe
1150 1511 1274 1534 tantum
1298 1506 1332 1534 in

754 1559 902 1582 ornatum
913 1575 921 1590 ,
942 1552 1112 1582 adhibetur
1127 1552 1162 1580 in
1180 1551 1333 1580 omnibus

753 1599 850 1628 rebus
882 1610 955 1640 quae
987 1598 1027 1628 ad
1059 1598 1160 1635 bella,
1190 1608 1310 1639 pugnas
1323 1621 1330 1635 ‚

753 1647 905 1675 virtutem
924 1657 932 1683 ;
964 1645 1004 1675 ad
1034 1645 1187 1685 imperia,
1216 1654 1337 1685 regna,

750 1692 854 1730 jussa3
869 1692 909 1722 ad
928 1703 1013 1722 mare
1024 1715 1032 1729 ,
1050 1698 1162 1721 ventos
1173 1713 1181 1728 ‚
1198 1697 1332 1730 tempes-

754 1745 831 1768 tates
845 1740 1008 1779 pertinent
1022 1748 1029 1769 :
1044 1748 1110 1777 quo
1125 1737 1179 1773 fit,
1198 1743 1234 1765 ut
1250 1747 1332 1766 non-

753 1794 921 1824 nunquam
954 1796 1011 1824 per
1028 1783 1130 1825 jbrtis
1143 1805 1151 1820 ‚
1170 1793 1326 1823 magnus,

747 1837 864 1869 potens
875 1854 884 1867 ,
908 1831 1060 1860 declarari
1084 1829 1199 1870 possit,
1212 1835 1249 1858 ut
1263 1831 1329 1859 Ho-

752 1877 869 1906 merica
883 1873 978 1911 δεινὸς
989 1900 997 1912 ,
1016 1874 1097 1910 αἶνος
1109 1897 1117 1912 ,
1129 1872 1258 1910 &Tr-maa
1274 1878 1330 1906 Te-

753 1922 804 1959 lo,
821 1923 927 1960 hasta,
945 1934 975 1953 v.
1001 1923 1091 1952 Iliad.
1105 1933 1145 1962 χ,
1168 1922 1244 1962 319.
1271 1924 1328 1952 Ja-

753 1976 816 2005 ccc,
844 1971 957 2010 periit,
982 1980 1016 1999 κε
1019 1969 1108 2006 ῖται;
1135 1979 1328 2010 quamquam

752 2022 783 2045 et
813 2027 929 2056 coipus
960 2016 1106 2046 Hectoris
1133 2016 1328 2056 sepulturam

752 2063 813 2092 sub
844 2062 1003 2092 moenibus
1029 2062 1119 2092 urbis
1141 2062 1274 2098 habuit,
1295 2074 1325 2093 v,

753 2108 843 2139 Iliad.
862 2120 906 2147 ω,
933 2109 1017 2147 7863
1034 2119 1101 2138 non
1122 2119 1198 2139 vero
1217 2112 1327 2150 Sarpe-

751 2155 843 2185 donis
855 2179 862 2193 ‚
877 2157 934 2196 qui
946 2157 979 2185 iu
991 2157 1119 2197 Lyciam
1133 2156 1195 2186 fuit
1210 2156 1326 2185 abduc-

751 2209 812 2233 tus.
829 2201 991 2243 Sarpedon
1008 2202 1141 2244 ingens,
1163 2200 1324 2245 πελώριος.

802 2259 877 2289 100,
897 2259 970 2280 101.
986 2248 1158 2281 Contendit
1172 2259 1246 2279 cum
1262 2250 1327 2279 Ho-
