1423 2517
267 114 324 165 P.
374 114 733 168 VIRGILII
781 114 1148 169 MARONIS

426 270 990 355 AENEIDOS

352 463 633 519 LIBER
694 463 1067 521 PRIMUS.

107 653 1108 667 nxzusxztnssvtsmsmsszztssmmwmnswstssnxm
1111 655 1310 667 ==========

482 822 938 873 ARGUMENTUM.

154 988 262 1017 'l'aosi
279 994 385 1028 capta,
403 990 526 1025 AEneas,
543 989 693 1019 Anchisae
709 996 739 1019 et
754 991 887 1020 Veneris
901 988 1003 1027 filius,
1023 990 1073 1019 vir
1085 990 1237 1031 singulari
1249 992 1311 1031 pie*

110 1055 172 1077 tate
194 1049 326 1088 parique
347 1048 534 1079 fortitudine
556 1050 727 1090 praeditus,
745 1061 846 1090 quum
865 1051 980 1080 erroris
1004 1051 1054 1080 sui
1078 1061 1163 1081 anno
1179 1053 1313 1090 septimo

109 1120 166 1150 per
179 1120 262 1139 mare
279 1111 485 1151 Tyrrhenum
501 1122 519 1141 a
532 1112 637 1142 Sicilia
654 1113 689 1142 in
706 1113 828 1142 Italiam
844 1113 988 1154 navigat,
1007 1114 1144 1142 immissa
1161 1113 1201 1142 ab
1218 1114 1311 1143 AEolo

111 1181 182 1211 rege
195 1178 367 1201 ventorum
377 1195 385 1209 ,
405 1179 518 1213 rogatu
531 1174 551 1203 J
555 1174 686 1210 unonis,
707 1173 888 1213 gravissima
904 1179 1086 1212 tempestate
1104 1174 1143 1202 ad
1158 1174 1315 1214 Libycum

110 1233 186 1262 litus
215 1234 405 1273 appellitur,
433 1235 566 1274 1—-169
585 1243 592 1264 :
611 1245 813 1275 egressusque
837 1235 872 1263 in
895 1241 1010 1263 terram
1022 1257 1030 1271 ,
1049 1240 1170 1274 septem
1192 1236 1315 1276 ingenti

112 1293 328 1335 magnitudine
342 1305 452 1324 cervos
466 1296 585 1336 sagittis
597 1296 787 1334 prosternit,
802 1295 1008 1335 singulosque
1020 1295 1056 1324 in
1069 1295 1207 1336 singulas
1222 1306 1317 1326 naves

112 1354 182 1395 (tot
197 1357 280 1385 enim
296 1366 337 1385 ex
351 1355 489 1396 dispersa
510 1356 606 1385 classe
627 1355 816 1397 collegerat)
834 1356 996 1396 aequaliter
1012 1356 1176 1386 distribuit
1190 1366 1197 1386 :
1214 1359 1316 1387 socios

113 1417 237 1454 deinde,
253 1419 356 1460 longis
369 1419 433 1456 jam
447 1419 609 1449 erroribus
626 1420 781 1460 fatigatos,
795 1430 849 1459 spe
868 1420 984 1449 futurae
999 1421 1114 1461 quietis
1128 1420 1166 1449 ad
1181 1422 1318 1451 toleran-

114 1480 191 1510 dum
211 1480 299 1520 quod
323 1481 482 1521 reliquum
509 1488 575 1511 erat
601 1481 719 1511 laboris
739 1481 897 1519 hortatur,
910 1492 1045 1511 ——222.
1068 1484 1192 1511 Interea
1207 1484 1317 1512 Venus

116 1545 221 1573 AEneae
245 1543 294 1572 sui
310 1543 588 1583 Trojanorumque
615 1554 757 1573 caussam
776 1543 861 1584 apud
878 1545 995 1573 Jovem
1011 1545 1059 1584 agi
1083 1566 1091 1580 ‚
1109 1545 1319 1584 omniumque

117 1605 329 1635 calamitatum
345 1606 470 1635 illarum
485 1616 627 1636 caussam
646 1608 666 1637 J
669 1607 771 1636 unoni
785 1608 932 1646 imputat.
949 1607 1076 1646 Jupiter
1093 1613 1221 1644 contra,
1240 1618 1319 1637 rese-

119 1672 185 1695 rata
199 1667 336 1697 fatorum
351 1668 429 1697 serie
439 1691 448 1706 ‚
464 1679 518 1708 spe
533 1668 632 1697 felicis
647 1668 839 1708 posteritatis
852 1668 1070 1709 potentiaeque
1086 1670 1319 1703 Romanorum,

119 1724 193 1756 filiae
209 1726 351 1757 dolorem
369 1728 563 1766 consolatur,
577 1747 625 1752 —
636 1729 713 1765 304.
726 1729 826 1766 Cujus
843 1730 987 1758 oratione
1004 1727 1190 1758 confirmata
1198 1730 1320 1763 Venus,

120 1794 226 1821 AEneae
245 1801 315 1827 suo,
325 1791 472 1820 locorum
488 1791 599 1830 ignaro
617 1797 651 1819 et
664 1789 866 1829 explorandae
888 1790 1026 1829 regionis
1041 1798 1149 1817 caussa
1164 1788 1228 1817 huc
1246 1788 1322 1817 illuc

120 1854 301 1889 oberranti,
321 1863 386 1881 sese
404 1852 531 1881 obviam
548 1851 687 1892 praebet3
706 1861 863 1890 navesque
879 1850 1032 1890 dispersas
1047 1850 1146 1879 salvas
1162 1861 1226 1880 esse
1239 1862 1322 1881 nun-

119 1917 197 1953 tiat3
215 1913 416 1953 ostenditque
436 1923 502 1942 non
518 1912 635 1953 procul
649 1911 738 1941 illinc
757 1911 863 1940 abesse
880 1910 1099 1951 Carthaginem
1111 1934 1120 1948 ,
1137 1921 1233 1951 quam
1246 1919 1323 1941 tunc

120 1977 155 2005 in
171 1977 208 2005 iis
226 1975 306 2005 locis
321 1973 480 2004 condebat
492 1973 576 2003 Dido
587 1996 594 2010 ‚
605 1990 651 1995 —
663 1979 740 2013 400.
755 1975 868 2002 AEneas
888 1973 1011 2012 itaque,
1027 1973 1135 2002 matris
1154 1972 1324 2011 beneficio,

123 2032 197 2067 cava
219 2036 306 2066 nube
333 2037 456 2066 cinctus
467 2059 475 2074 ‚
492 2046 557 2065 una
578 2046 653 2065 cum
669 2034 791 2065 Achate
808 2033 1030 2075 Carthaginem
1055 2033 1251 2075 ingreditur:
1267 2035 1325 2065 uhi

123 2107 154 2130 et
170 2100 273 2130 socios
288 2099 390 2129 salvos
406 2099 533 2139 reperit,
551 2104 581 2128 et
598 2108 614 2127 a
632 2097 760 2127 Didone
776 2097 913 2138 benigne
927 2097 1099 2137 excipitur,
1115 2114 1162 2119 -
1173 2098 1250 2128 656.
1262 2099 1324 2127 Ve-

123 2171 184 2191 nus
198 2167 314 2198 tamen,
326 2159 415 2201 quod
428 2170 531 2200 neque
542 2161 562 2190 J
566 2160 688 2189 unonio
703 2159 843 2199 hospitio
858 2169 963 2199 neque
979 2158 1128 2188 muliebri
1141 2159 1326 2189 inconstan-

124 2225 175 2254 tiae
200 2225 273 2254 satis
291 2222 420 2262 fideret,
436 2224 541 2264 sopito
561 2224 596 2253 in
614 2222 723 2253 Idaliae
743 2223 825 2253 lucis
840 2222 994 2260 Ascanio,
1008 2233 1068 2263 pro
1084 2233 1122 2253 eo
1137 2222 1326 2263 Cupidinem
