1433 2460
150 57 211 85 232

654 56 847 86 AEx'sslnos

147 117 296 150 Praestat
315 111 503 148 Trinacrii
519 121 635 149 metas
651 112 813 150 lusu-ar.-
836 113 998 162 Pachyni

145 178 378 218 Cessantem,
395 173 526 222 longos
545 183 581 211 et
598 174 740 211 circum
760 175 909 212 flectere
927 187 1076 218 cursus,
1301 181 1349 210 μιν

147 238 269 280 Quam
292 232 405 270 semel
426 233 625 272 informem
644 245 750 272 vasto
768 235 904 272 vidisse
926 235 996 271 sul)
1018 244 1126 271 antro

147 294 327 343 Scyllam,
347 303 383 331 et
401 294 570 332 caeruleis
588 296 745 332 canibus
767 297 981 333 resonantia
999 309 1099 332 saxa.

146 360 351 400 Praeterea,
375 355 405 391 si
425 368 500 405 qua
521 365 576 393 est
591 357 737 393 Heleno
759 356 978 407 prudentia,
1000 357 1076 393 vati

149 416 188 452 Si
207 429 281 465 qua
303 415 412 462 fides,
434 416 602 453 animum
619 416 650 453 si
670 417 771 453 veris
788 417 919 467 implet
935 417 1090 466 Apollo,

149 478 278 513 Unum
296 476 388 513 illud
406 476 495 522 tibi,
513 486 599 514 nate
619 477 708 523 (lea,
726 491 880 528 praeque
898 477 1073 514 omnibus
1093 490 1208 513 ιιιιιιηι
1304 485 1353 513 435

148 535 374 581 Praedicam,
395 546 432 573 et
449 546 623 586 repetens
642 538 856 588 iterumque
875 537 1089 587 iterumque
1111 537 1274 573 monebo
1293 551 1299 571 :

147 601 166 634 J
173 597 306 634 imonis
327 609 470 647 magnae
491 598 657 647 primum
678 612 790 648 prece
811 612 950 635 numen
969 598 1104 644 adora3

147 657 288 695 Junoni
306 670 398 694 cane
417 667 507 693 vota
531 657 670 704 libens,
690 659 958 708 dominamque
975 666 1168 708 potentem

149 716 394 767 Supplicibus
411 730 548 767 supera
569 718 677 754 donis
694 733 703 764 ;
720 719 772 755 sic
793 719 956 769 denique
975 719 1096 755 victor

147 777 343 814 Trinacria
364 777 446 815 linis
463 778 576 816 Italos
598 779 747 816 mittere
769 779 909 816 relicta.
1308 788 1356 814 4-10

195 936 390 975 429—432.
405 937 547 966 Variavit
558 938 727 967 Homerica

146 983 170 1013 l.
190 992 217 1013 c.
237 993 267 1012 v.
293 992 372 1022 109,
393 992 404 1011 1
417 993 466 1013 10.
484 984 589 1012 Metas
603 983 727 1023 Pachy-

148 1029 184 1058 ni
197 1028 290 1059 docte
308 1027 341 1059 h.
357 1040 383 1059 e.
401 1031 659 1070 promontorium
680 1031 727 1060 Si-

148 1076 229 1105 cilia:
257 1076 408 1114 australe,
436 1084 614 1106 cessantem
626 1100 635 1113 ‚
661 1088 728 1107 mo-

148 1129 272 1152 rantem
286 1122 343 1163 (ut
353 1122 472 1164 Serv.),
490 1123 563 1164 plus
578 1125 730 1164 temporis

149 1170 184 1199 in
198 1170 399 1209 navigatione
409 1178 661 1201 consumentem.
681 1171 730 1200 Vi-

148 1215 249 1253 disse,
275 1216 389 1247 modus
415 1217 570 1259 loquendi
594 1218 634 1247 ab
662 1220 729 1248 Ho—

151 1273 240 1292 mero
258 1262 375 1293 ductus
399 1264 420 1294 l.
445 1275 472 1294 c.
499 1276 529 1295 v.
556 1265 596 1304 87
610 1288 618 1302 ,
639 1264 680 1294 88
699 1272 731 1295 et

149 1319 243 1349 saepe.
265 1309 370 1340 Canes
379 1318 455 1340 sunt
469 1312 525 1350 qui
537 1312 646 1352 paullo
657 1319 730 1341 ante

149 1355 359 1395 lupi.—430.
370 1356 548 1395 cessantes,
557 1358 654 1389 Goth.
667 1369 728 1389 see.

148 1402 277 1432 Fluctus
286 1403 350 1440 alii,
361 1411 490 1433 notante
501 1405 642 1435 Pari-has.
653 1408 731 1435 Prae-

150 1449 248 1478 feram
258 1451 437 1480 suaviorem
447 1453 624 1481 orationem
635 1454 731 1482 inter-

151 1496 344 1535 punctione:
358 1496 516 1536 Pachyni,
546 1498 730 1528 Cessantem

152 1541 264 1583 longos
274 1550 305 1572 et
315 1543 570 1586 circumflectere
580 1555 698 1576 cursus.

200 1589 279 1624 435.
296 1591 413 1619 Verum
436 1590 530 1620 aliud
548 1602 596 1630 pr.
614 1592 729 1622 Hamb.

152 1636 279 1675 Proque
295 1636 439 1665 omnibus
449 1636 536 1668 Med.
547 1644 578 1666 et
591 1638 643 1667 alii
654 1638 731 1668 boni

153 1681 247 1712 codd.
265 1681 318 1723 (et
334 1682 432 1714 Goth.
448 1683 537 1724 duo)
561 1685 654 1714 etiam
671 1686 729 1715 Ge.

152 1728 306 1765 Fabricii,
327 1736 358 1759 et
372 1730 417 1758 sic
436 1730 609 1760 Diomedes
625 1739 656 1761 et
670 1734 732 1762 Do-

152 1781 264 1812 natus;
287 1776 414 1816 hocque
437 1785 598 1818 receperat
620 1780 729 1809 Heius.

152 1821 213 1851 Sed
229 1822 428 1863 reliquorum
444 1824 603 1854 librorum
624 1826 731 1855 lectio-

152 1877 226 1896 nem
248 1880 384 1910 proeqne
408 1871 571 1900 revocavit
594 1872 703 1902 Burni.
719 1894 728 1908 ‚

151 1914 240 1952 quod
259 1916 339 1947 mihi
362 1917 524 1959 vulgarius
545 1917 674 1948 videtur
691 1918 731 1948 al-

156 1966 233 1991 tero.

208 2010 403 2047 437-440,
429 2011 504 2041 Tale
533 2019 730 2052 praeceptum

152 2057 291 2088 Phineus
315 2057 368 2087 dat
392 2059 503 2088 Jasoni
525 2058 610 2098 apud
627 2059 728 2099 Apol-

151 2103 218 2134 lon.
234 2104 265 2132 II
277 2125 284 2139 ,
316 2105 380 2138 425
393 2128 400 2142 ,
419 2112 455 2134 ut
479 2105 585 2135 Guell.
601 2105 640 2135 ad
654 2105 686 2136 h.
706 2105 727 2136 l.

151 2151 289 2180 monuit.
306 2152 344 2179 Iu
363 2158 522 2192 praecepto
541 2159 647 2183 autem
666 2152 729 2182 hoc

154 2197 193 2226 de
207 2198 226 2227 J
229 2207 337 2226 unone
351 2200 438 2227 omni
452 2198 559 2233 studio
577 2198 729 2240 placanda

782 939 920 978 respexit
949 944 1040 978 poeta
1061 938 1263 977 religionem,
1295 946 1356 976 qua

782 986 919 1015 Romani
929 983 1098 1024 aliquando
1108 986 1271 1015 Junonem
1281 993 1360 1023 prae-

782 1031 879 1071 cipuo
903 1031 1027 1061 honore
1049 1031 1237 1071 prosequuti
1265 1036 1357 1064 suut,

783 1084 814 1107 et
830 1078 864 1107 iu
878 1077 1037 1118 Capitolio
1061 1087 1135 1107 cum
1157 1078 1238 1107 Jove
1254 1084 1284 1106 et
1301 1077 1361 1107 Mi-

783 1135 880 1154 nerva
907 1124 1106 1154 coluerunt:
1129 1134 1194 1164 quo
1220 1130 1360 1164 spectare

783 1170 962 1201 videbimus
985 1177 1015 1200 et
1033 1171 1086 1200 illa
1106 1172 1191 1208 XII,
1213 1170 1279 1205 840
1300 1180 1358 1199 nec

780 1228 860 1258 gens
887 1218 955 1248 ulla
980 1225 1048 1247 tuos
1075 1228 1167 1258 aeque
1190 1216 1363 1246 celebrabit

783 1264 932 1296 honores.
952 1263 1075 1294 canere
1090 1271 1172 1294 voca
1181 1286 1190 1300 ‚
1208 1263 1296 1293 facile
1309 1273 1359 1303 ap-

783 1319 872 1351 paret
893 1322 957 1341 esse
970 1334 978 1347 ‚
994 1311 1096 1341 facere
1126 1316 1220 1346 vota,
1239 1320 1358 1350 preces.

784 1359 910 1388 Dixisse
931 1357 1057 1387 viderur
1073 1364 1165 1398 poeta
1179 1355 1219 1386 ad
1232 1366 1299 1386 eam
1315 1366 1360 1385 ra-

786 1405 924 1442 tionem,
945 1415 1008 1445 qua
1040 1412 1115 1434 vota
1140 1403 1276 1433 formula
1299 1403 1361 1432 sol-

785 1451 891 1488 lenni‚
915 1451 1057 1492 adeoque
1079 1450 1241 1486 carmine,
1261 1451 1359 1479 susei-

784 1500 920 1538 piuntur
938 1509 944 1529 :
959 1498 1046 1537 quod
1061 1499 1125 1535 jam
1140 1498 1360 1526 llurmannum

785 1544 967 1574 observasse
991 1544 1096 1574 video.
1122 1542 1238 1573 Libens
1263 1543 1361 1572 estin

785 1591 930 1621 formulis
946 1592 1041 1621 sacris
1057 1588 1240 1633 προθύμως,
1267 1588 1360 1619 adeo-

785 1648 846 1678 que
862 1649 920 1668 nec
936 1648 1030 1678 parce
1041 1661 1049 1675 ,
1077 1647 1136 1667 nec
1154 1637 1280 1677 supine.
1300 1637 1362 1665 Do-

787 1684 908 1714 minam
920 1708 928 1722 ,
944 1684 1034 1715 deam
1046 1707 1054 1719 ‚
1071 1680 1249 1714 δέσποιναν.
1267 1684 1363 1723 Supe-

786 1742 841 1767 ra,
861 1742 1009 1773 expugna
1033 1732 1128 1760 sacris
1151 1730 1258 1768 sactis;
1283 1729 1360 1759 hinc

786 1777 900 1808 victor.
919 1778 1016 1808 Fines
1031 1778 1131 1807 Italos
1152 1776 1276 1806 mittere
1288 1799 1296 1814 ‚
1313 1775 1360 1805 di-

785 1826 936 1862 mitteris,
969 1824 1125 1862 discedes,
1150 1823 1272 1853 Italiam
1294 1822 1359 1852 adi-

784 1871 844 1901 bis.
870 1873 924 1900 Est
948 1872 1099 1901 Graecum
1121 1869 1300 1912 πέμπεσθσιι
1322 1869 1360 1898 de

784 1918 995 1958 navigatione.
1016 1917 1114 1947 Vides
1135 1919 1169 1947 in
1191 1916 1240 1946 his
1258 1923 1361 1956 poetae

784 1972 892 1994 artem.
913 1965 1077 1994 Praestruit
1097 1964 1182 1993 enim
1195 1969 1226 1992 et
1239 1973 1361 2003 praepa-

783 2018 830 2041 rat
839 2010 901 2040 sibi
915 2010 1098 2040 descensum
1112 2009 1228 2050 partim
1238 2008 1277 2038 ad
1288 2016 1363 2039 tem-

782 2064 933 2097 pestatem
942 2057 964 2087 l.
981 2058 996 2086 I
1006 2058 1025 2088 J
1029 2057 1144 2087 unonis
1161 2055 1270 2086 fraude
1280 2057 1363 2086 exci-

783 2110 889 2141 tatam,
901 2111 1022 2144 partem
1032 2103 1071 2133 ad
1081 2102 1216 2134 Didonis
1227 2113 1358 2140 amores,

782 2151 899 2191 quibus
918 2153 938 2182 J
943 2161 1007 2181 uno
1022 2150 1212 2192 impeditum
1230 2152 1359 2180 AEneam

782 2198 918 2228 retinere
931 2199 965 2227 in
977 2198 1078 2238 Libya
1091 2196 1217 2228 volebat
1229 2220 1236 2235 ,
1253 2196 1359 2237 (Bene
