1433 2460
583 109 705 139 LIBER
729 108 754 138 I.
1224 110 1267 137 6}

127 168 359 217 Conripuere
379 165 478 203 viam
498 167 658 212 interea,
675 179 751 216 qua
770 167 900 202 semita
920 175 1100 204 monstrat
1107 181 1119 214 ;

74 233 232 277 „lamque
252 225 530 264 adscendebant
545 226 697 272 collem,
718 225 783 275 qui
804 226 987 275 plurimus
1008 225 1095 263 urbi

74 288 267 334 Imminet,
283 287 535 336 adversasque
551 286 743 336 adspectat
764 285 926 335 desuper
944 299 1060 324 arces.

1219 296 1267 322 420

73 348 237 385 Miratur
257 348 394 384 molem
410 349 562 393 AEoeas,
582 346 741 396 magalia
757 346 965 396 quondam;

73 409 237 446 Miratur
252 416 399 458 portas,
420 407 714 457 strepitumque,
735 416 772 444 et
790 416 906 444 strata
925 407 1083 443 viarum.

73 471 217 506 Instant
234 467 406 505 ardentes
425 467 532 517 Tyrii
550 481 557 502 :
580 480 666 516 pars
687 465 825 504 ducere
845 479 991 512 muros,

122 622 159 651 41
169 617 198 646 8.
221 616 384 656 Corripere
398 616 499 652 viam,
517 615 643 646 doctius

73 673 178 702 quam,
190 662 258 698 iter,
269 663 336 692 b.e.
349 662 502 699 celeriter,
516 663 641 702 raptim,

74 710 175 738 facere
187 731 194 743 ,
229 710 354 749 exigere
369 719 377 744 3
410 710 454 738 sic
488 708 643 747 corripere

70 765 234 795 gressum;
258 754 382 784 doctius
404 755 498 783 etiam
519 755 560 789 V,
580 758 641 788 144

73 800 248 840 corripuere
257 809 404 839 campum
420 809 536 828 currus.
552 799 643 828 Simi-

72 847 143 875 liter
163 856 276 885 rapere
300 845 422 875 dictum
444 844 596 875 occurrit.
611 855 642 874 v.

73 891 112 922 ad
128 891 233 921 Valet.
250 891 296 922 Fl.
313 892 339 927 I,
360 897 390 926 4.

119 944 137 974 4
147 948 196 978 ¹9·
210 937 274 978 Qui
281 937 439 977 plurimus
456 935 527 965 urbi
542 935 645 965 immi-

73 992 126 1014 net
133 983 174 1013 ad
181 983 430 1024 magnitudinem
442 982 543 1012 refero
555 992 645 1012 mon-

73 1031 112 1060 tis
126 1030 186 1060 sub
199 1031 274 1070 ipsis
286 1030 376 1059 urbis
384 1028 544 1059 moenihus
553 1038 642 1057 accu-

74 1076 198 1113 hantis;
219 1077 346 1107 Servius
373 1075 519 1116 longum,
542 1073 642 1105 Cerda

72 1123 174 1152 alcum
196 1128 373 1162 exponunt.
395 1120 585 1161 Simpliciter
608 1122 642 1149 iu

72 1168 196 1210 vulgari
210 1169 352 1198 oratione
371 1166 521 1197 dixisses:
537 1166 644 1195 Immi-

74 1222 128 1244 net
142 1213 212 1244 urbi
219 1214 309 1244 collis
317 1213 518 1254 aliquantum
528 1212 641 1249 editus,

71 1267 104 1289 et
127 1262 263 1299 Byrsam
289 1260 432 1300 despicit.
458 1260 553 1288 Hunc
568 1258 642 1299 jam

71 1305 314 1336 adscenderunt.
331 1308 393 1337 Pr0
414 1315 532 1346 magno
552 1314 642 1333 mon-

72 1359 102 1381 te
112 1359 206 1392 poeta
218 1351 336 1381 diceret
346 1352 477 1381 multum
492 1358 641 1387 montem,

71 1404 109 1426 ut
116 1398 233 1439 Georg.
244 1399 304 1434 111,
316 1399 356 1427 52
369 1397 512 1438 plurima
525 1396 642 1433 cervix,

71 1442 165 1484 longa
183 1450 213 1474 et
227 1453 337 1474 crassa.
352 1444 462 1474 Minus
477 1441 643 1472 commode

72 1488 192 1519 diceres
209 1489 330 1520 dictum
352 1500 412 1530 pro
435 1488 525 1518 collis
544 1487 644 1528 pluri-

72 1545 158 1564 mum
183 1535 339 1565 imminet.
373 1536 522 1565 Ceterum
551 1540 644 1574 poeta

70 1580 132 1611 hoc
150 1583 262 1611 sumsit
285 1592 326 1611 ex
349 1580 556 1622 topographia
571 1581 644 1611 Car-

74 1626 217 1668 thaginis.
232 1627 323 1658 Tales
337 1629 423 1657 enim
438 1627 534 1657 colles
558 1636 643 1667 aspe-

73 1683 125 1702 ros
138 1680 169 1702 et
183 1672 329 1703 difficiles
351 1675 386 1703 in
403 1675 472 1714 ipso
492 1672 579 1703 aditu
596 1675 642 1703 Is-

75 1718 155 1748 thmi
173 1718 206 1748 in
225 1729 290 1759 quo
308 1719 464 1760 Carthago
485 1720 542 1749 sita
557 1725 622 1748 erat
633 1741 642 1755 ‚

72 1764 237 1804 descripsit
264 1764 377 1805 Polyb.
400 1764 458 1794 lib.
487 1766 519 1801 Ι,
547 1775 575 1795 c.
602 1765 644 1800 46

73 1813 134 1840 τῶν
154 1813 254 1854 γεωλν.
242 1820 322 1851 'fem-o
335 1808 370 1840 τὸ
373 1821 388 1838 a
406 1809 456 1839 ἐπ’.
449 1808 601 1853 Zeu-*setim
589 1821 644 1839 ,ων

74 1867 104 1886 τ
94 1867 125 1886 ον
151 1856 229 1896 αἶ’-ιε
217 1867 270 1887 ενα
289 1866 320 1886 τ
309 1866 340 1886 ω
365 1853 562 1886 ‹ra-idmona
590 1866 643 1889 -ω

74 1905 114 1934 Κ.
129 1910 189 1934 etc.

123 1955 200 1985 421.
233 1951 324 1979 Unus
347 1948 434 1980 Leid.
462 1948 585 1978 aberrat
611 1949 644 1978 in

76 1995 234 2036 mapalia.
254 1996 330 2025 Haec
342 2006 412 2035 sup.
437 1996 553 2035 Georg.
573 1996 622 2024 111
636 2017 645 2030 ‚

77 2043 143 2078 340
163 2041 302 2072 vidimus
320 2052 386 2071 esse
401 2039 539 2084 aedficia
556 2040 646 2070 cala-

77 2088 136 2118 mis
163 2087 336 2128 cannisque
351 2086 484 2127 plexa(
503 2098 534 2117 v.
554 2086 647 2117 Silius

75 2136 190 2173 XVII,
211 2134 271 2174 89,
287 2133 357 2175 90),
374 2133 532 2174 oblonga,
549 2132 648 2162 incur-

77 2180 120 2210 vis
135 2180 287 2210 lateribus
295 2187 390 2216 tecta,
403 2178 499 2220 quasi
508 2179 647 2215 navium,

76 2227 197 2258 carinoe
226 2233 299 2256 sunt
309 2249 319 2264 ,
348 2236 389 2256 ex
419 2225 544 2257 Sallust.
572 2227 645 2267 Jug.

699 626 737 645 21
750 626 761 645 1
774 639 782 652 ‚
797 617 900 655 qualia
919 615 1022 649 adbuc
1047 622 1121 644 sunt
1141 617 1266 657 tugulia

695 663 729 691 iu
742 672 859 690 conum
883 662 1031 690 exeuntia
1053 661 1266 700 plurimorum

695 706 905 757 populorum,
919 713 950 736 et
967 717 1002 735 ea
1017 706 1145 746 quidem
1152 708 1267 746 plans-

696 752 751 781 tris
766 760 881 788 vecta;
898 751 1039 791 adeoque
1057 751 1198 782 mobilia.
1223 756 1267 782 At

697 797 864 837 magalia,
889 799 996 838 priore
1023 798 1117 826 etiam
1146 798 1268 838 syllaba

696 842 870 883 producta,
883 850 959 873 sunt
980 844 1110 884 agrestia
1133 842 1268 873 aedificia

696 889 830 926 stativa,
849 899 952 930 eoque
974 890 1102 919 nomine
1123 890 1269 929 inprimis

697 935 866 965 veniebant
886 935 1039 965 suburbia
1059 935 1266 975 Carthaginis.

697 999 742 1003 —
755 983 806 1012 Sic
826 981 954 1022 Ulysses
969 981 1135 1012 Phaeacum
1152 981 1267 1011 urbem

696 1028 846 1058 miratur:
849 1026 1006 1081 Omna}
993 1037 1021 1056 εν
1033 1023 1064 1057 δ’
1078 1020 1212 1062 &finam
1225 1030 1267 1057 λ’.-

696 1070 858 1114 μένα-’,καὶ
871 1075 971 1108 νῆαςε
960 1084 1040 1109 σε.ας
1060 1080 1121 1104 etc.
1140 1073 1201 1104 Od.
1225 1085 1265 1111 z,

698 1120 738 1154 43
753 1131 820 1159 sqq.
837 1130 932 1160 quem
945 1126 1048 1150 totum
1063 1119 1173 1150 locum
1185 1119 1268 1149 vide-

696 1172 747 1194 tur
775 1172 866 1205 poeta
885 1172 956 1195 ante
981 1166 1092 1195 oculos
1108 1165 1266 1195 habuisse.

695 1212 848 1252 Magnum
862 1210 989 1241 aediflcii
1002 1222 1081 1251 opus
1094 1211 1176 1241 bene
1195 1221 1267 1240 cuni

696 1258 774 1286 casis
787 1264 818 1286 et
833 1258 967 1297 tuguriis
990 1258 1194 1297 componitur
1208 1266 1215 1286 :
1233 1268 1268 1286 ea

695 1310 771 1332 sunt
793 1303 948 1344 magalia.
973 1304 1140 1333 Dixeritne
1160 1309 1266 1332 autem

695 1355 788 1388 poeta
800 1348 882 1386 hoc,
905 1360 983 1390 mag
963 1348 1051 1379 aazia
1076 1348 1261 1389 quondam,

696 1405 737 1424 ex
755 1397 860 1425 AEneae
886 1405 1036 1434 persona,
1060 1404 1099 1424 an
1123 1405 1164 1424 ex
1190 1405 1264 1430 sua,

695 1441 810 1469 merito
826 1440 971 1469 dubitare
985 1440 1085 1480 possis
1098 1449 1172 1468 cum
1196 1443 1266 1468 viro

697 1486 793 1516 docto
807 1485 818 1525 (
832 1486 999 1527 BIejerotto
1021 1488 1057 1516 in
1082 1485 1210 1520 Dubiis,
1232 1496 1265 1526 p.

698 1533 780 1573 34)‚
803 1536 852 1568 et,
877 1533 904 1562 si
926 1531 1027 1569 illud,
1043 1541 1084 1561 an
1102 1539 1186 1561 recte
1203 1531 1268 1560 dic-

698 1585 767 1608 tum
782 1579 832 1608 sit.
847 1580 972 1608 Poterat
987 1585 1091 1608 tamen
1107 1579 1201 1607 etiam
1217 1579 1269 1607 ΑΞ-

696 1636 769 1655 neas
791 1623 903 1654 auditu
922 1624 990 1654 haec
1019 1624 1193 1664 accepisse3
1211 1634 1269 1652 nec

696 1681 821 1701 necesse
839 1678 940 1711 poetae
964 1677 1001 1700 ut
1025 1670 1089 1700 hoc
1111 1676 1266 1699 moneret.

698 1719 807 1747 Strata
820 1717 947 1746 viarum
961 1716 1086 1747 doctius
1099 1726 1194 1755 quam
1209 1716 1271 1744 ἡκ

697 1770 810 1794 stratae.
824 1762 975 1802 Exempla
1002 1762 1114 1791 similia
1143 1760 1270 1800 collegit

698 1808 808 1839 Cei-da.
838 1810 972 1837 Viarmn
996 1814 1103 1836 autem
1130 1816 1205 1836 cura
1232 1807 1268 1835 in

699 1864 783 1884 nova
797 1854 921 1883 colonia
934 1854 1006 1883 satis
1019 1860 1065 1882 est
1080 1851 1270 1882 memorabi-

697 1899 735 1929 lis
749 1909 756 1930 :
773 1900 912 1930 occurrit
930 1909 963 1928 ea
981 1909 1109 1938 quoque
1121 1899 1156 1927 in
1170 1898 1270 1938 Cyre-

698 1957 738 1976 ne
762 1956 872 1976 recens
895 1944 1024 1975 condita
1039 1943 1123 1984 apud
1142 1943 1268 1975 Pindar.

699 2004 731 2033 p.
753 1993 789 2029 5,
808 2001 926 2029 117—
942 1997 1015 2026 1²4·

748 2038 940 2074 423—425.
954 2039 1080 2067 Instant
1098 2037 1188 2076 operi
1202 2037 1268 2076 Ty-

702 2086 761 2122 rii;
780 2092 815 2114 ut
835 2084 929 2124 plene
954 2082 1070 2113 extulit
1094 2082 1190 2113 Silius
1212 2083 1264 2117 H,

703 2138 764 2168 407
783 2142 850 2170 sqq.
870 2131 905 2159 in
924 2129 996 2160 loco
1015 2129 1091 2159 hinc
1108 2139 1267 2168 expresso.

702 2177 884 2206 Subvolvere
899 2176 979 2206 bene
987 2198 997 2212 ,
1016 2181 1054 2205 ut
1065 2173 1219 2211 declaret,
1236 2176 1270 2204 in

702 2224 800 2255 altum
818 2222 910 2253 educi
934 2232 1046 2253 arcem.
1070 2221 1208 2262 Optare,
1234 2227 1270 2250 ut
