<?xml version="1.0" encoding="UTF-8"?>
<!DOCTYPE html PUBLIC "-//W3C//DTD XHTML 1.0 Transitional//EN"
    "http://www.w3.org/TR/xhtml1/DTD/xhtml1-transitional.dtd">
<html xmlns="http://www.w3.org/1999/xhtml" xml:lang="en" lang="en">
 <head>
  <title>
</title>
<meta http-equiv="Content-Type" content="text/html;charset=utf-8" />
  <meta name='ocr-system' content='tesseract 3.04.00' />
  <meta name='ocr-capabilities' content='ocr_page ocr_carea ocr_par ocr_line ocrx_word'/>
</head>
<body>
  <div class='ocr_page' id='page_1' title='image "./operahey02virguoft_0319.png"; bbox 0 0 1402 2460; ppageno 0'>
   <div class='ocr_carea' id='block_1_1' title="bbox 535 59 1243 95">
    <p class='ocr_par' dir='ltr' id='par_1_1' title="bbox 535 59 1243 95">
     <span class='ocr_line' id='line_1_1' title="bbox 535 59 1243 95; baseline 0.01 -7"><span class='ocrx_word' id='word_1_1' title='bbox 535 59 657 90; x_wconf 83' lang='lat' dir='ltr'>LIBER</span> <span class='ocrx_word' id='word_1_2' title='bbox 681 59 741 90; x_wconf 77' lang='lat' dir='ltr'><strong>lv,</strong></span> <span class='ocrx_word' id='word_1_3' title='bbox 1179 65 1196 94; x_wconf 81' lang='lat'>3</span> <span class='ocrx_word' id='word_1_4' title='bbox 1202 76 1220 94; x_wconf 90' lang='lat' dir='ltr'><strong>o</strong></span> <span class='ocrx_word' id='word_1_5' title='bbox 1226 66 1243 95; x_wconf 73' lang='lat'><em>5</em></span> 
     </span>
    </p>
   </div>
   <div class='ocr_carea' id='block_1_2' title="bbox 40 114 999 166">
    <p class='ocr_par' dir='ltr' id='par_1_2' title="bbox 40 114 999 166">
     <span class='ocr_line' id='line_1_2' title="bbox 40 114 999 166; baseline 0.003 -13"><span class='ocrx_word' id='word_1_6' title='bbox 40 118 105 162; x_wconf 90' lang='lat' dir='ltr'><strong>Et,</strong></span> <span class='ocrx_word' id='word_1_7' title='bbox 121 129 237 166; x_wconf 87' lang='lat' dir='ltr'><strong>quum</strong></span> <span class='ocrx_word' id='word_1_8' title='bbox 256 114 390 165; x_wconf 81' lang='lat' dir='ltr'><strong>frigida</strong></span> <span class='ocrx_word' id='word_1_9' title='bbox 406 126 507 152; x_wconf 83' lang='lat' dir='ltr'><strong>mors</strong></span> <span class='ocrx_word' id='word_1_10' title='bbox 525 116 649 152; x_wconf 82' lang='lat' dir='ltr'><strong>anima</strong></span> <span class='ocrx_word' id='word_1_11' title='bbox 665 115 861 153; x_wconf 80' lang='lat' dir='ltr'>seduxerit</span> <span class='ocrx_word' id='word_1_12' title='bbox 879 128 999 164; x_wconf 79' lang='lat' dir='ltr'><strong>artus,</strong></span> 
     </span>
    </p>
   </div>
   <div class='ocr_carea' id='block_1_3' title="bbox 1194 131 1242 155">
    <p class='ocr_par' dir='ltr' id='par_1_3' title="bbox 1194 131 1242 155">
     <span class='ocr_line' id='line_1_3' title="bbox 1194 131 1242 155; baseline 0 -1"><span class='ocrx_word' id='word_1_13' title='bbox 1194 131 1242 155; x_wconf 73' lang='lat'><strong>385</strong></span> 
     </span>
    </p>
   </div>
   <div class='ocr_carea' id='block_1_4' title="bbox 35 174 1241 880">
    <p class='ocr_par' dir='ltr' id='par_1_4' title="bbox 40 174 1188 281">
     <span class='ocr_line' id='line_1_4' title="bbox 42 174 1188 229; baseline 0.004 -17"><span class='ocrx_word' id='word_1_14' title='bbox 42 176 230 213; x_wconf 84' lang='lat' dir='ltr'>Omnibus</span> <span class='ocrx_word' id='word_1_15' title='bbox 246 175 380 212; x_wconf 84' lang='lat' dir='ltr'><strong>umbra</strong></span> <span class='ocrx_word' id='word_1_16' title='bbox 401 175 492 212; x_wconf 88' lang='lat' dir='ltr'><strong>locis</strong></span> <span class='ocrx_word' id='word_1_17' title='bbox 513 174 652 221; x_wconf 76' lang='lat' dir='ltr'><strong>adei-03</strong></span> <span class='ocrx_word' id='word_1_18' title='bbox 674 175 801 221; x_wconf 89' lang='lat' dir='ltr'><strong>dabis,</strong></span> <span class='ocrx_word' id='word_1_19' title='bbox 821 177 1013 227; x_wconf 80' lang='lat' dir='ltr'><strong>improbe,</strong></span> <span class='ocrx_word' id='word_1_20' title='bbox 1030 191 1160 229; x_wconf 78' lang='lat' dir='ltr'><strong>poenas</strong></span> <span class='ocrx_word' id='word_1_21' title='bbox 1180 195 1188 217; x_wconf 90' lang='lat'>:</span> 
     </span>
     <span class='ocr_line' id='line_1_5' title="bbox 40 235 1135 281; baseline 0.004 -9"><span class='ocrx_word' id='word_1_22' title='bbox 40 236 221 281; x_wconf 81' lang='lat' dir='ltr'><strong>Audiam3</strong></span> <span class='ocrx_word' id='word_1_23' title='bbox 241 244 276 272; x_wconf 89' lang='lat' dir='ltr'><strong>et</strong></span> <span class='ocrx_word' id='word_1_24' title='bbox 296 235 376 271; x_wconf 84' lang='lat' dir='ltr'><strong>haec</strong></span> <span class='ocrx_word' id='word_1_25' title='bbox 393 236 516 272; x_wconf 86' lang='lat' dir='ltr'><strong>Manis</strong></span> <span class='ocrx_word' id='word_1_26' title='bbox 532 235 660 272; x_wconf 70' lang='lat' dir='ltr'><strong>veniet</strong></span> <span class='ocrx_word' id='word_1_27' title='bbox 675 235 769 272; x_wconf 81' lang='lat' dir='ltr'><strong>mihi</strong></span> <span class='ocrx_word' id='word_1_28' title='bbox 787 236 885 273; x_wconf 83' lang='lat' dir='ltr'><strong>fama</strong></span> <span class='ocrx_word' id='word_1_29' title='bbox 903 238 973 274; x_wconf 82' lang='lat' dir='ltr'><strong>sul)</strong></span> <span class='ocrx_word' id='word_1_30' title='bbox 993 239 1100 276; x_wconf 90' lang='lat' dir='ltr'><strong>imos.</strong></span> <span class='ocrx_word' id='word_1_31' title='bbox 1120 255 1135 271; x_wconf 86' lang='lat'>»</span> 
     </span>
    </p>

    <p class='ocr_par' dir='ltr' id='par_1_5' title="bbox 37 294 1241 587">
     <span class='ocr_line' id='line_1_6' title="bbox 92 294 1121 346; baseline 0.004 -13"><span class='ocrx_word' id='word_1_32' title='bbox 92 297 160 333; x_wconf 87' lang='lat' dir='ltr'><strong>His</strong></span> <span class='ocrx_word' id='word_1_33' title='bbox 178 295 343 332; x_wconf 86' lang='lat' dir='ltr'><strong>medium</strong></span> <span class='ocrx_word' id='word_1_34' title='bbox 365 294 474 332; x_wconf 91' lang='lat' dir='ltr'><strong>dictis</strong></span> <span class='ocrx_word' id='word_1_35' title='bbox 491 308 703 332; x_wconf 84' lang='lat' dir='ltr'><strong>sermonem</strong></span> <span class='ocrx_word' id='word_1_36' title='bbox 723 294 935 346; x_wconf 80' lang='lat' dir='ltr'>abrumpit,</span> <span class='ocrx_word' id='word_1_37' title='bbox 954 307 990 335; x_wconf 82' lang='lat' dir='ltr'><strong>et</strong></span> <span class='ocrx_word' id='word_1_38' title='bbox 1012 312 1121 337; x_wconf 79' lang='lat' dir='ltr'><strong>auras</strong></span> 
     </span>
     <span class='ocr_line' id='line_1_7' title="bbox 39 355 987 405; baseline 0.002 -13"><span class='ocrx_word' id='word_1_39' title='bbox 39 358 154 405; x_wconf 86' lang='lat' dir='ltr'><strong>AEgra</strong></span> <span class='ocrx_word' id='word_1_40' title='bbox 171 355 284 405; x_wconf 84' lang='lat' dir='ltr'><strong>fugit,</strong></span> <span class='ocrx_word' id='word_1_41' title='bbox 301 368 416 405; x_wconf 88' lang='lat' dir='ltr'><strong>seque</strong></span> <span class='ocrx_word' id='word_1_42' title='bbox 434 369 481 392; x_wconf 80' lang='lat' dir='ltr'><strong>ex</strong></span> <span class='ocrx_word' id='word_1_43' title='bbox 497 355 617 392; x_wconf 89' lang='lat' dir='ltr'><strong>oculis</strong></span> <span class='ocrx_word' id='word_1_44' title='bbox 636 356 773 393; x_wconf 85' lang='lat' dir='ltr'><strong>avertit</strong></span> <span class='ocrx_word' id='word_1_45' title='bbox 791 365 827 392; x_wconf 88' lang='lat' dir='ltr'><strong>et</strong></span> <span class='ocrx_word' id='word_1_46' title='bbox 846 358 987 405; x_wconf 83' lang='lat' dir='ltr'><strong>ausert3</strong></span> 
     </span>
     <span class='ocr_line' id='line_1_8' title="bbox 38 416 1241 470; baseline 0.005 -18"><span class='ocrx_word' id='word_1_47' title='bbox 38 416 230 466; x_wconf 89' lang='lat' dir='ltr'><strong>Linquens</strong></span> <span class='ocrx_word' id='word_1_48' title='bbox 246 416 364 453; x_wconf 85' lang='lat' dir='ltr'><strong>multa</strong></span> <span class='ocrx_word' id='word_1_49' title='bbox 384 425 488 453; x_wconf 89' lang='lat' dir='ltr'><strong>metu</strong></span> <span class='ocrx_word' id='word_1_50' title='bbox 504 424 762 463; x_wconf 84' lang='lat' dir='ltr'><strong>cunctantem,</strong></span> <span class='ocrx_word' id='word_1_51' title='bbox 781 427 818 455; x_wconf 87' lang='lat' dir='ltr'><strong>et</strong></span> <span class='ocrx_word' id='word_1_52' title='bbox 835 418 953 456; x_wconf 86' lang='lat' dir='ltr'><strong>multa</strong></span> <span class='ocrx_word' id='word_1_53' title='bbox 973 428 1168 470; x_wconf 81' lang='lat' dir='ltr'><strong>parantem</strong></span> <span class='ocrx_word' id='word_1_54' title='bbox 1191 428 1241 462; x_wconf 75' lang='lat'><strong>390</strong></span> 
     </span>
     <span class='ocr_line' id='line_1_9' title="bbox 37 476 1070 528; baseline 0.004 -15"><span class='ocrx_word' id='word_1_55' title='bbox 37 477 186 514; x_wconf 85' lang='lat' dir='ltr'><strong>Dicere.</strong></span> <span class='ocrx_word' id='word_1_56' title='bbox 208 476 427 525; x_wconf 86' lang='lat' dir='ltr'>Suscipiunt</span> <span class='ocrx_word' id='word_1_57' title='bbox 444 477 611 523; x_wconf 70' lang='lat' dir='ltr'><strong>famulae,</strong></span> <span class='ocrx_word' id='word_1_58' title='bbox 631 477 884 528; x_wconf 83' lang='lat' dir='ltr'><strong>conlapsaque</strong></span> <span class='ocrx_word' id='word_1_59' title='bbox 901 480 1070 517; x_wconf 77' lang='lat' dir='ltr'><strong>membra</strong></span> 
     </span>
     <span class='ocr_line' id='line_1_10' title="bbox 37 535 1086 587; baseline 0.005 -16"><span class='ocrx_word' id='word_1_60' title='bbox 37 538 255 572; x_wconf 87' lang='lat' dir='ltr'><strong>Marmoreo</strong></span> <span class='ocrx_word' id='word_1_61' title='bbox 274 535 442 572; x_wconf 81' lang='lat' dir='ltr'><strong>referunt</strong></span> <span class='ocrx_word' id='word_1_62' title='bbox 463 535 648 582; x_wconf 86' lang='lat' dir='ltr'><strong>thalamo,</strong></span> <span class='ocrx_word' id='word_1_63' title='bbox 667 538 870 586; x_wconf 84' lang='lat' dir='ltr'><strong>stratisque</strong></span> <span class='ocrx_word' id='word_1_64' title='bbox 888 549 1086 587; x_wconf 82' lang='lat' dir='ltr'><strong>reponunt.</strong></span> 
     </span>
    </p>

    <p class='ocr_par' dir='ltr' id='par_1_6' title="bbox 35 596 1237 880">
     <span class='ocr_line' id='line_1_11' title="bbox 90 596 1003 646; baseline 0.002 -13"><span class='ocrx_word' id='word_1_65' title='bbox 90 600 140 633; x_wconf 91' lang='lat' dir='ltr'><strong>At</strong></span> <span class='ocrx_word' id='word_1_66' title='bbox 158 597 242 646; x_wconf 86' lang='lat' dir='ltr'><strong>pius</strong></span> <span class='ocrx_word' id='word_1_67' title='bbox 258 598 412 641; x_wconf 84' lang='lat' dir='ltr'><strong>AEneas,</strong></span> <span class='ocrx_word' id='word_1_68' title='bbox 430 609 660 645; x_wconf 82' lang='lat' dir='ltr'><strong>quamquam</strong></span> <span class='ocrx_word' id='word_1_69' title='bbox 676 597 794 633; x_wconf 82' lang='lat' dir='ltr'><strong>lenire</strong></span> <span class='ocrx_word' id='word_1_70' title='bbox 814 596 1003 635; x_wconf 79' lang='lat' dir='ltr'><strong>dolentem</strong></span> 
     </span>
     <span class='ocr_line' id='line_1_12' title="bbox 39 656 864 705; baseline 0.001 -12"><span class='ocrx_word' id='word_1_71' title='bbox 39 656 205 694; x_wconf 89' lang='lat' dir='ltr'><strong>Solando</strong></span> <span class='ocrx_word' id='word_1_72' title='bbox 225 657 347 705; x_wconf 87' lang='lat' dir='ltr'><strong>cupit,</strong></span> <span class='ocrx_word' id='word_1_73' title='bbox 365 666 402 693; x_wconf 89' lang='lat' dir='ltr'><strong>et</strong></span> <span class='ocrx_word' id='word_1_74' title='bbox 421 656 531 694; x_wconf 81' lang='lat' dir='ltr'><strong>dictis</strong></span> <span class='ocrx_word' id='word_1_75' title='bbox 547 665 719 694; x_wconf 75' lang='lat' dir='ltr'><strong>avertere</strong></span> <span class='ocrx_word' id='word_1_76' title='bbox 736 670 864 702; x_wconf 82' lang='lat' dir='ltr'><strong>curas3</strong></span> 
     </span>
     <span class='ocr_line' id='line_1_13' title="bbox 37 716 1237 765; baseline 0 -14"><span class='ocrx_word' id='word_1_77' title='bbox 37 716 159 752; x_wconf 83' lang='lat' dir='ltr'><strong>Multa</strong></span> <span class='ocrx_word' id='word_1_78' title='bbox 178 729 344 765; x_wconf 84' lang='lat' dir='ltr'><strong>gemens,</strong></span> <span class='ocrx_word' id='word_1_79' title='bbox 365 729 576 765; x_wconf 82' lang='lat' dir='ltr'><strong>magnoque</strong></span> <span class='ocrx_word' id='word_1_80' title='bbox 597 717 763 752; x_wconf 88' lang='lat' dir='ltr'><strong>animum</strong></span> <span class='ocrx_word' id='word_1_81' title='bbox 780 716 988 752; x_wconf 84' lang='lat' dir='ltr'><strong>labefactus</strong></span> <span class='ocrx_word' id='word_1_82' title='bbox 1006 730 1151 764; x_wconf 82' lang='lat' dir='ltr'><strong>amore,</strong></span> <span class='ocrx_word' id='word_1_83' title='bbox 1189 727 1237 760; x_wconf 78' lang='lat'><strong>395</strong></span> 
     </span>
     <span class='ocr_line' id='line_1_14' title="bbox 36 775 1103 823; baseline 0 -12"><span class='ocrx_word' id='word_1_84' title='bbox 36 778 145 811; x_wconf 89' lang='lat' dir='ltr'><strong>Jussa</strong></span> <span class='ocrx_word' id='word_1_85' title='bbox 164 783 287 810; x_wconf 85' lang='lat' dir='ltr'><strong>tamen</strong></span> <span class='ocrx_word' id='word_1_86' title='bbox 303 775 433 810; x_wconf 78' lang='lat' dir='ltr'><strong>divum</strong></span> <span class='ocrx_word' id='word_1_87' title='bbox 450 775 689 823; x_wconf 83' lang='lat' dir='ltr'><strong>exsequitur,</strong></span> <span class='ocrx_word' id='word_1_88' title='bbox 710 775 942 823; x_wconf 84' lang='lat' dir='ltr'><strong>classemque</strong></span> <span class='ocrx_word' id='word_1_89' title='bbox 963 776 1103 812; x_wconf 79' lang='lat' dir='ltr'><strong>revisit.</strong></span> 
     </span>
     <span class='ocr_line' id='line_1_15' title="bbox 35 832 972 880; baseline 0.001 -10"><span class='ocrx_word' id='word_1_90' title='bbox 35 835 131 870; x_wconf 87' lang='lat' dir='ltr'><strong>Tum</strong></span> <span class='ocrx_word' id='word_1_91' title='bbox 148 845 240 870; x_wconf 75' lang='lat' dir='ltr'><strong>vero</strong></span> <span class='ocrx_word' id='word_1_92' title='bbox 257 833 396 869; x_wconf 85' lang='lat' dir='ltr'><strong>Teucri</strong></span> <span class='ocrx_word' id='word_1_93' title='bbox 414 832 658 880; x_wconf 83' lang='lat' dir='ltr'><strong>incumbunt,</strong></span> <span class='ocrx_word' id='word_1_94' title='bbox 675 843 713 871; x_wconf 91' lang='lat' dir='ltr'><strong>et</strong></span> <span class='ocrx_word' id='word_1_95' title='bbox 728 834 839 870; x_wconf 87' lang='lat' dir='ltr'><strong>litore</strong></span> <span class='ocrx_word' id='word_1_96' title='bbox 856 834 972 871; x_wconf 85' lang='lat' dir='ltr'><strong>celsas</strong></span> 
     </span>
    </p>
   </div>
   <div class='ocr_carea' id='block_1_5' title="bbox 34 977 609 2216">
    <p class='ocr_par' dir='ltr' id='par_1_7' title="bbox 34 977 609 2159">
     <span class='ocr_line' id='line_1_16' title="bbox 35 977 608 1019; baseline 0 -11"><span class='ocrx_word' id='word_1_97' title='bbox 35 989 130 1019; x_wconf 86' lang='lat' dir='ltr'><strong>quam</strong></span> <span class='ocrx_word' id='word_1_98' title='bbox 145 989 184 1008; x_wconf 86' lang='lat' dir='ltr'><strong>ex</strong></span> <span class='ocrx_word' id='word_1_99' title='bbox 198 979 301 1008; x_wconf 82' lang='lat' dir='ltr'><strong>Furiis</strong></span> <span class='ocrx_word' id='word_1_100' title='bbox 319 988 398 1015; x_wconf 86' lang='lat' dir='ltr'><strong>una,</strong></span> <span class='ocrx_word' id='word_1_101' title='bbox 414 985 445 1008; x_wconf 89' lang='lat' dir='ltr'><strong>et</strong></span> <span class='ocrx_word' id='word_1_102' title='bbox 459 977 540 1009; x_wconf 83' lang='lat' dir='ltr'><strong>faces</strong></span> <span class='ocrx_word' id='word_1_103' title='bbox 558 979 608 1008; x_wconf 83' lang='lat' dir='ltr'><strong>in-</strong></span> 
     </span>
     <span class='ocr_line' id='line_1_17' title="bbox 36 1024 608 1056; baseline -0.002 -1"><span class='ocrx_word' id='word_1_104' title='bbox 36 1024 165 1055; x_wconf 79' lang='lat' dir='ltr'><strong>tentabo</strong></span> <span class='ocrx_word' id='word_1_105' title='bbox 186 1024 309 1054; x_wconf 73' lang='lat' dir='ltr'><strong>oculis:</strong></span> <span class='ocrx_word' id='word_1_106' title='bbox 329 1024 368 1054; x_wconf 88' lang='lat' dir='ltr'><strong>cf.</strong></span> <span class='ocrx_word' id='word_1_107' title='bbox 384 1027 514 1056; x_wconf 87' lang='lat' dir='ltr'><strong>Suetou.</strong></span> <span class='ocrx_word' id='word_1_108' title='bbox 534 1026 608 1054; x_wconf 71' lang='lat' dir='ltr'><strong>Ner.</strong></span> 
     </span>
     <span class='ocr_line' id='line_1_18' title="bbox 39 1070 609 1109; baseline -0.002 -9"><span class='ocrx_word' id='word_1_109' title='bbox 39 1071 100 1107; x_wconf 76' lang='lat'><strong>34;</strong></span> <span class='ocrx_word' id='word_1_110' title='bbox 117 1078 149 1100; x_wconf 89' lang='lat' dir='ltr'><strong>et</strong></span> <span class='ocrx_word' id='word_1_111' title='bbox 171 1071 229 1100; x_wconf 64' lang='lat' dir='ltr'><strong>ins.</strong></span> <span class='ocrx_word' id='word_1_112' title='bbox 248 1081 278 1100; x_wconf 68' lang='lat' dir='ltr'><strong>V.</strong></span> <span class='ocrx_word' id='word_1_113' title='bbox 303 1077 381 1107; x_wconf 78' lang='lat'><strong>472.</strong></span> <span class='ocrx_word' id='word_1_114' title='bbox 406 1070 609 1109; x_wconf 88' lang='lat' dir='ltr'><strong>ForteApol-</strong></span> 
     </span>
     <span class='ocr_line' id='line_1_19' title="bbox 35 1115 609 1153; baseline -0.003 -7"><span class='ocrx_word' id='word_1_115' title='bbox 35 1117 159 1146; x_wconf 90' lang='lat' dir='ltr'><strong>lonium</strong></span> <span class='ocrx_word' id='word_1_116' title='bbox 187 1123 258 1145; x_wconf 86' lang='lat' dir='ltr'><strong>ante</strong></span> <span class='ocrx_word' id='word_1_117' title='bbox 279 1116 391 1145; x_wconf 88' lang='lat' dir='ltr'><strong>oculos</strong></span> <span class='ocrx_word' id='word_1_118' title='bbox 416 1115 530 1144; x_wconf 85' lang='lat' dir='ltr'><strong>habuit</strong></span> <span class='ocrx_word' id='word_1_119' title='bbox 542 1117 609 1153; x_wconf 79' lang='lat' dir='ltr'><strong>IV,</strong></span> 
     </span>
     <span class='ocr_line' id='line_1_20' title="bbox 38 1161 609 1202; baseline -0.002 -11"><span class='ocrx_word' id='word_1_120' title='bbox 38 1163 104 1192; x_wconf 84' lang='lat'><strong>386</strong></span> <span class='ocrx_word' id='word_1_121' title='bbox 127 1173 173 1202; x_wconf 87' lang='lat' dir='ltr'><strong>sq.</strong></span> <span class='ocrx_word' id='word_1_122' title='bbox 193 1163 288 1192; x_wconf 84' lang='lat' dir='ltr'><strong>Nunc</strong></span> <span class='ocrx_word' id='word_1_123' title='bbox 311 1161 420 1192; x_wconf 74' lang='lat' dir='ltr'><strong>Ovidii</strong></span> <span class='ocrx_word' id='word_1_124' title='bbox 449 1161 609 1190; x_wconf 73' lang='lat' dir='ltr'><strong>levitatem</strong></span> 
     </span>
     <span class='ocr_line' id='line_1_21' title="bbox 37 1207 609 1248; baseline -0.003 -11"><span class='ocrx_word' id='word_1_125' title='bbox 37 1218 184 1248; x_wconf 88' lang='lat' dir='ltr'><strong>compara</strong></span> <span class='ocrx_word' id='word_1_126' title='bbox 209 1208 308 1247; x_wconf 87' lang='lat' dir='ltr'><strong>Epist.</strong></span> <span class='ocrx_word' id='word_1_127' title='bbox 332 1209 410 1243; x_wconf 73' lang='lat' dir='ltr'><strong>VH,</strong></span> <span class='ocrx_word' id='word_1_128' title='bbox 427 1207 471 1235; x_wconf 80' lang='lat'><strong>65</strong></span> <span class='ocrx_word' id='word_1_129' title='bbox 484 1217 551 1246; x_wconf 87' lang='lat' dir='ltr'><strong>sqq.</strong></span> <span class='ocrx_word' id='word_1_130' title='bbox 563 1224 609 1230; x_wconf 86' lang='lat'><strong>-—-</strong></span> 
     </span>
     <span class='ocr_line' id='line_1_22' title="bbox 39 1252 606 1291; baseline -0.005 -7"><span class='ocrx_word' id='word_1_131' title='bbox 39 1255 116 1285; x_wconf 87' lang='grc'><strong>385.</strong></span> <span class='ocrx_word' id='word_1_132' title='bbox 140 1252 333 1283; x_wconf 65' lang='lat' dir='ltr'><strong>Subdita-erit</strong></span> <span class='ocrx_word' id='word_1_133' title='bbox 356 1252 477 1291; x_wconf 80' lang='lat' dir='ltr'><strong>aliquot</strong></span> <span class='ocrx_word' id='word_1_134' title='bbox 496 1253 606 1288; x_wconf 83' lang='lat' dir='ltr'><strong>Pierii,</strong></span> 
     </span>
     <span class='ocr_line' id='line_1_23' title="bbox 38 1297 608 1330; baseline -0.005 0"><span class='ocrx_word' id='word_1_135' title='bbox 38 1301 114 1330; x_wconf 80' lang='lat' dir='ltr'><strong>alter</strong></span> <span class='ocrx_word' id='word_1_136' title='bbox 140 1301 233 1329; x_wconf 83' lang='lat' dir='ltr'><strong>Voss.</strong></span> <span class='ocrx_word' id='word_1_137' title='bbox 267 1297 353 1328; x_wconf 87' lang='lat' dir='ltr'><strong>Leid.</strong></span> <span class='ocrx_word' id='word_1_138' title='bbox 375 1304 406 1327; x_wconf 90' lang='lat' dir='ltr'><strong>et</strong></span> <span class='ocrx_word' id='word_1_139' title='bbox 418 1297 513 1327; x_wconf 59' lang='lat' dir='ltr'><strong>WVaJJ.</strong></span> <span class='ocrx_word' id='word_1_140' title='bbox 533 1308 608 1327; x_wconf 88' lang='lat' dir='ltr'><strong>cum</strong></span> 
     </span>
     <span class='ocr_line' id='line_1_24' title="bbox 37 1343 608 1386; baseline -0.007 -9"><span class='ocrx_word' id='word_1_141' title='bbox 37 1345 135 1377; x_wconf 83' lang='lat' dir='ltr'><strong>Goth.</strong></span> <span class='ocrx_word' id='word_1_142' title='bbox 156 1356 206 1386; x_wconf 86' lang='lat' dir='ltr'><strong>pr.</strong></span> <span class='ocrx_word' id='word_1_143' title='bbox 225 1343 285 1376; x_wconf 87' lang='lat' dir='ltr'><strong>Sed</strong></span> <span class='ocrx_word' id='word_1_144' title='bbox 302 1344 468 1380; x_wconf 85' lang='lat' dir='ltr'><strong>seducere,</strong></span> <span class='ocrx_word' id='word_1_145' title='bbox 481 1354 541 1384; x_wconf 91' lang='lat' dir='ltr'><strong>pro</strong></span> <span class='ocrx_word' id='word_1_146' title='bbox 556 1343 608 1373; x_wconf 85' lang='lat' dir='ltr'><strong>ab·</strong></span> 
     </span>
     <span class='ocr_line' id='line_1_25' title="bbox 37 1391 607 1431; baseline -0.009 -8"><span class='ocrx_word' id='word_1_147' title='bbox 37 1393 153 1423; x_wconf 85' lang='lat' dir='ltr'><strong>ducere</strong></span> <span class='ocrx_word' id='word_1_148' title='bbox 163 1415 172 1429; x_wconf 93' lang='lat'>‚</span> <span class='ocrx_word' id='word_1_149' title='bbox 194 1401 335 1431; x_wconf 84' lang='lat' dir='ltr'><strong>separare</strong></span> <span class='ocrx_word' id='word_1_150' title='bbox 347 1413 354 1427; x_wconf 94' lang='lat'><strong>,</strong></span> <span class='ocrx_word' id='word_1_151' title='bbox 372 1396 476 1420; x_wconf 88' lang='lat' dir='ltr'><strong>amant</strong></span> <span class='ocrx_word' id='word_1_152' title='bbox 492 1391 607 1429; x_wconf 84' lang='lat' dir='ltr'><strong>passim</strong></span> 
     </span>
     <span class='ocr_line' id='line_1_26' title="bbox 36 1435 605 1480; baseline -0.007 -11"><span class='ocrx_word' id='word_1_153' title='bbox 36 1445 152 1480; x_wconf 63' lang='lat' dir='ltr'><strong>poetae,</strong></span> <span class='ocrx_word' id='word_1_154' title='bbox 167 1445 204 1467; x_wconf 93' lang='lat' dir='ltr'><strong>ut</strong></span> <span class='ocrx_word' id='word_1_155' title='bbox 231 1437 285 1466; x_wconf 86' lang='lat' dir='ltr'><strong>vel</strong></span> <span class='ocrx_word' id='word_1_156' title='bbox 312 1435 435 1466; x_wconf 87' lang='lat' dir='ltr'><strong>Indices</strong></span> <span class='ocrx_word' id='word_1_157' title='bbox 467 1435 583 1465; x_wconf 86' lang='lat' dir='ltr'><strong>docent</strong></span> <span class='ocrx_word' id='word_1_158' title='bbox 597 1445 605 1466; x_wconf 77' lang='grc' dir='ltr'>ε</span> 
     </span>
     <span class='ocr_line' id='line_1_27' title="bbox 36 1482 606 1522; baseline -0.009 -7"><span class='ocrx_word' id='word_1_159' title='bbox 36 1484 199 1515; x_wconf 84' lang='lat' dir='ltr'><strong>secluserit</strong></span> <span class='ocrx_word' id='word_1_160' title='bbox 210 1483 298 1513; x_wconf 85' lang='lat' dir='ltr'><strong>Leid.</strong></span> <span class='ocrx_word' id='word_1_161' title='bbox 310 1489 341 1512; x_wconf 88' lang='lat' dir='ltr'><strong>et</strong></span> <span class='ocrx_word' id='word_1_162' title='bbox 354 1482 403 1512; x_wconf 90' lang='lat' dir='ltr'><strong>ed.</strong></span> <span class='ocrx_word' id='word_1_163' title='bbox 417 1484 500 1511; x_wconf 77' lang='lat' dir='ltr'><strong>Ven.</strong></span> <span class='ocrx_word' id='word_1_164' title='bbox 512 1504 520 1518; x_wconf 90' lang='lat'>‚</span> <span class='ocrx_word' id='word_1_165' title='bbox 535 1492 606 1522; x_wconf 86' lang='lat' dir='ltr'><strong>quae</strong></span> 
     </span>
     <span class='ocr_line' id='line_1_28' title="bbox 36 1529 607 1569; baseline -0.007 -8"><span class='ocrx_word' id='word_1_166' title='bbox 36 1531 168 1561; x_wconf 88' lang='lat' dir='ltr'><strong>varietas</strong></span> <span class='ocrx_word' id='word_1_167' title='bbox 189 1536 220 1559; x_wconf 86' lang='lat' dir='ltr'><strong>et</strong></span> <span class='ocrx_word' id='word_1_168' title='bbox 240 1539 311 1569; x_wconf 85' lang='lat' dir='ltr'><strong>sup.</strong></span> <span class='ocrx_word' id='word_1_169' title='bbox 326 1531 340 1558; x_wconf 97' lang='lat' dir='ltr'>I</span> <span class='ocrx_word' id='word_1_170' title='bbox 351 1551 360 1565; x_wconf 87' lang='lat'><strong>,</strong></span> <span class='ocrx_word' id='word_1_171' title='bbox 380 1529 444 1558; x_wconf 82' lang='lat'><strong>562</strong></span> <span class='ocrx_word' id='word_1_172' title='bbox 460 1538 607 1558; x_wconf 84' lang='lat' dir='ltr'><strong>occurre-</strong></span> 
     </span>
     <span class='ocr_line' id='line_1_29' title="bbox 35 1574 605 1614; baseline -0.009 -6"><span class='ocrx_word' id='word_1_173' title='bbox 35 1577 108 1608; x_wconf 86' lang='lat' dir='ltr'><strong>bat:</strong></span> <span class='ocrx_word' id='word_1_174' title='bbox 127 1575 276 1607; x_wconf 75' lang='lat' dir='ltr'><strong>eduxerit</strong></span> <span class='ocrx_word' id='word_1_175' title='bbox 297 1575 423 1605; x_wconf 75' lang='lat' dir='ltr'><strong>Servius</strong></span> <span class='ocrx_word' id='word_1_176' title='bbox 437 1574 547 1614; x_wconf 86' lang='lat' dir='ltr'><strong>legisse</strong></span> <span class='ocrx_word' id='word_1_177' title='bbox 559 1576 605 1604; x_wconf 79' lang='lat' dir='ltr'><strong>vi—</strong></span> 
     </span>
     <span class='ocr_line' id='line_1_30' title="bbox 36 1620 606 1663; baseline -0.009 -10"><span class='ocrx_word' id='word_1_178' title='bbox 36 1623 104 1653; x_wconf 87' lang='lat' dir='ltr'><strong>deri</strong></span> <span class='ocrx_word' id='word_1_179' title='bbox 121 1629 246 1663; x_wconf 85' lang='lat' dir='ltr'><strong>potest:</strong></span> <span class='ocrx_word' id='word_1_180' title='bbox 263 1620 384 1650; x_wconf 81' lang='lat' dir='ltr'><strong>animae</strong></span> <span class='ocrx_word' id='word_1_181' title='bbox 402 1621 521 1651; x_wconf 74' lang='lat' dir='ltr'><strong>Pierius</strong></span> <span class='ocrx_word' id='word_1_182' title='bbox 535 1630 606 1660; x_wconf 90' lang='lat' dir='ltr'><strong>per-</strong></span> 
     </span>
     <span class='ocr_line' id='line_1_31' title="bbox 34 1666 608 1710; baseline -0.01 -10"><span class='ocrx_word' id='word_1_183' title='bbox 34 1679 142 1710; x_wconf 83' lang='lat' dir='ltr'><strong>peram</strong></span> <span class='ocrx_word' id='word_1_184' title='bbox 167 1669 276 1699; x_wconf 87' lang='lat' dir='ltr'><strong>Servio</strong></span> <span class='ocrx_word' id='word_1_185' title='bbox 294 1666 551 1697; x_wconf 83' lang='lat' dir='ltr'><strong>obtrudebat.—</strong></span> <span class='ocrx_word' id='word_1_186' title='bbox 564 1667 608 1695; x_wconf 83' lang='lat' dir='ltr'><strong>A-</strong></span> 
     </span>
     <span class='ocr_line' id='line_1_32' title="bbox 35 1712 606 1751; baseline -0.009 -6"><span class='ocrx_word' id='word_1_187' title='bbox 35 1716 124 1745; x_wconf 82' lang='lat' dir='ltr'><strong>nima</strong></span> <span class='ocrx_word' id='word_1_188' title='bbox 145 1712 309 1744; x_wconf 74' lang='lat' dir='ltr'><strong>seduxerit</strong></span> <span class='ocrx_word' id='word_1_189' title='bbox 328 1719 434 1749; x_wconf 83' lang='lat' dir='ltr'><strong>artus,</strong></span> <span class='ocrx_word' id='word_1_190' title='bbox 450 1712 606 1751; x_wconf 81' lang='lat' dir='ltr'><strong>exquisite</strong></span> 
     </span>
     <span class='ocr_line' id='line_1_33' title="bbox 35 1759 607 1799; baseline -0.01 -7"><span class='ocrx_word' id='word_1_191' title='bbox 35 1761 219 1799; x_wconf 79' lang='lat' dir='ltr'><strong>sejunxerit.</strong></span> <span class='ocrx_word' id='word_1_192' title='bbox 233 1759 374 1798; x_wconf 82' lang='lat' dir='ltr'><strong>Vulgare</strong></span> <span class='ocrx_word' id='word_1_193' title='bbox 389 1764 453 1795; x_wconf 87' lang='lat' dir='ltr'><strong>est,</strong></span> <span class='ocrx_word' id='word_1_194' title='bbox 470 1759 607 1787; x_wconf 87' lang='lat' dir='ltr'><strong>animam</strong></span> 
     </span>
     <span class='ocr_line' id='line_1_34' title="bbox 37 1803 607 1840; baseline -0.009 -4"><span class='ocrx_word' id='word_1_195' title='bbox 37 1806 76 1837; x_wconf 85' lang='lat' dir='ltr'><strong>ab</strong></span> <span class='ocrx_word' id='word_1_196' title='bbox 92 1807 234 1836; x_wconf 83' lang='lat' dir='ltr'><strong>artubus.</strong></span> <span class='ocrx_word' id='word_1_197' title='bbox 246 1804 381 1840; x_wconf 84' lang='lat' dir='ltr'><strong>Anima,</strong></span> <span class='ocrx_word' id='word_1_198' title='bbox 392 1803 607 1833; x_wconf 84' lang='lat' dir='ltr'><strong>——Umbra—</strong></span> 
     </span>
     <span class='ocr_line' id='line_1_35' title="bbox 35 1849 605 1886; baseline -0.007 -3"><span class='ocrx_word' id='word_1_199' title='bbox 35 1854 151 1883; x_wconf 81' lang='lat' dir='ltr'><strong>Manes</strong></span> <span class='ocrx_word' id='word_1_200' title='bbox 164 1852 205 1882; x_wconf 88' lang='lat' dir='ltr'><strong>cf.</strong></span> <span class='ocrx_word' id='word_1_201' title='bbox 223 1851 261 1881; x_wconf 83' lang='lat' dir='ltr'><strong>ad</strong></span> <span class='ocrx_word' id='word_1_202' title='bbox 275 1850 395 1881; x_wconf 83' lang='lat' dir='ltr'><strong>Tibull.</strong></span> <span class='ocrx_word' id='word_1_203' title='bbox 412 1851 476 1886; x_wconf 90' lang='lat'><strong>111,</strong></span> <span class='ocrx_word' id='word_1_204' title='bbox 497 1850 514 1879; x_wconf 87' lang='lat'>3</span> <span class='ocrx_word' id='word_1_205' title='bbox 527 1871 535 1885; x_wconf 93' lang='lat'><strong>,</strong></span> <span class='ocrx_word' id='word_1_206' title='bbox 555 1849 605 1879; x_wconf 83' lang='lat'><strong>15.</strong></span> 
     </span>
     <span class='ocr_line' id='line_1_36' title="bbox 35 1895 603 1936; baseline -0.007 -7"><span class='ocrx_word' id='word_1_207' title='bbox 35 1916 81 1922; x_wconf 88' lang='lat'><strong>-—</strong></span> <span class='ocrx_word' id='word_1_208' title='bbox 101 1898 179 1936; x_wconf 84' lang='lat'><strong>387.</strong></span> <span class='ocrx_word' id='word_1_209' title='bbox 198 1896 340 1927; x_wconf 82' lang='lat' dir='ltr'><strong>Audiam</strong></span> <span class='ocrx_word' id='word_1_210' title='bbox 361 1896 447 1936; x_wconf 86' lang='lat' dir='ltr'><strong>apud</strong></span> <span class='ocrx_word' id='word_1_211' title='bbox 470 1895 603 1932; x_wconf 82' lang='lat' dir='ltr'><strong>inferos,</strong></span> 
     </span>
     <span class='ocr_line' id='line_1_37' title="bbox 36 1940 606 1984; baseline -0.007 -9"><span class='ocrx_word' id='word_1_212' title='bbox 36 1951 67 1975; x_wconf 85' lang='lat' dir='ltr'><strong>te</strong></span> <span class='ocrx_word' id='word_1_213' title='bbox 90 1944 210 1975; x_wconf 83' lang='lat' dir='ltr'><strong>dedisse</strong></span> <span class='ocrx_word' id='word_1_214' title='bbox 230 1953 350 1984; x_wconf 86' lang='lat' dir='ltr'><strong>poenas.</strong></span> <span class='ocrx_word' id='word_1_215' title='bbox 367 1944 432 1982; x_wconf 85' lang='lat' dir='ltr'><strong>Qui</strong></span> <span class='ocrx_word' id='word_1_216' title='bbox 452 1940 606 1981; x_wconf 76' lang='lat' dir='ltr'><strong>loquendi</strong></span> 
     </span>
     <span class='ocr_line' id='line_1_38' title="bbox 37 1988 604 2025; baseline -0.007 -4"><span class='ocrx_word' id='word_1_217' title='bbox 37 1990 150 2025; x_wconf 83' lang='lat' dir='ltr'><strong>modus</strong></span> <span class='ocrx_word' id='word_1_218' title='bbox 166 1996 198 2020; x_wconf 88' lang='lat' dir='ltr'><strong>et</strong></span> <span class='ocrx_word' id='word_1_219' title='bbox 225 1989 299 2019; x_wconf 87' lang='lat' dir='ltr'><strong>alibi</strong></span> <span class='ocrx_word' id='word_1_220' title='bbox 322 1989 472 2019; x_wconf 83' lang='lat' dir='ltr'><strong>occurrit.</strong></span> <span class='ocrx_word' id='word_1_221' title='bbox 489 1988 528 2018; x_wconf 84' lang='lat' dir='ltr'><strong>cf.</strong></span> <span class='ocrx_word' id='word_1_222' title='bbox 542 1989 604 2018; x_wconf 90' lang='lat' dir='ltr'><strong>Ur-</strong></span> 
     </span>
     <span class='ocr_line' id='line_1_39' title="bbox 37 2034 604 2076; baseline -0.007 -9"><span class='ocrx_word' id='word_1_223' title='bbox 37 2038 99 2068; x_wconf 88' lang='lat' dir='ltr'><strong>sin.</strong></span> <span class='ocrx_word' id='word_1_224' title='bbox 121 2035 220 2076; x_wconf 86' lang='lat' dir='ltr'><strong>Apud</strong></span> <span class='ocrx_word' id='word_1_225' title='bbox 236 2034 360 2066; x_wconf 84' lang='lat' dir='ltr'><strong>Pindar.</strong></span> <span class='ocrx_word' id='word_1_226' title='bbox 380 2035 432 2066; x_wconf 93' lang='lat' dir='ltr'><strong>Ol.</strong></span> <span class='ocrx_word' id='word_1_227' title='bbox 449 2036 540 2070; x_wconf 81' lang='lat' dir='ltr'><strong>XIV,</strong></span> <span class='ocrx_word' id='word_1_228' title='bbox 562 2043 604 2074; x_wconf 90' lang='lat'><strong>29</strong></span> 
     </span>
     <span class='ocr_line' id='line_1_40' title="bbox 39 2080 608 2122; baseline -0.004 -10"><span class='ocrx_word' id='word_1_229' title='bbox 39 2084 132 2113; x_wconf 85' lang='lat' dir='ltr'><strong>Fama</strong></span> <span class='ocrx_word' id='word_1_230' title='bbox 146 2081 186 2111; x_wconf 88' lang='lat' dir='ltr'><strong>ad</strong></span> <span class='ocrx_word' id='word_1_231' title='bbox 201 2082 320 2112; x_wconf 81' lang='lat' dir='ltr'><strong>inferos</strong></span> <span class='ocrx_word' id='word_1_232' title='bbox 336 2081 460 2122; x_wconf 82' lang='lat' dir='ltr'><strong>parenti</strong></span> <span class='ocrx_word' id='word_1_233' title='bbox 480 2080 608 2111; x_wconf 81' lang='lat' dir='ltr'><strong>nuntiat</strong></span> 
     </span>
     <span class='ocr_line' id='line_1_41' title="bbox 37 2126 283 2159; baseline -0.004 0"><span class='ocrx_word' id='word_1_234' title='bbox 37 2128 203 2159; x_wconf 71' lang='lat' dir='ltr'><strong>victoriam</strong></span> <span class='ocrx_word' id='word_1_235' title='bbox 214 2126 283 2158; x_wconf 89' lang='lat' dir='ltr'><strong>filii.</strong></span> 
     </span>
    </p>

    <p class='ocr_par' dir='ltr' id='par_1_8' title="bbox 87 2174 606 2216">
     <span class='ocr_line' id='line_1_42' title="bbox 87 2174 606 2216; baseline -0.006 -10"><span class='ocrx_word' id='word_1_236' title='bbox 87 2175 164 2206; x_wconf 85' lang='lat'>388.</span> <span class='ocrx_word' id='word_1_237' title='bbox 179 2191 226 2198; x_wconf 90' lang='lat'><strong>—-</strong></span> <span class='ocrx_word' id='word_1_238' title='bbox 237 2175 312 2214; x_wconf 81' lang='lat'><strong>392.</strong></span> <span class='ocrx_word' id='word_1_239' title='bbox 327 2174 478 2216; x_wconf 69' lang='lat' dir='ltr'><strong>Abrupto</strong></span> <span class='ocrx_word' id='word_1_240' title='bbox 495 2174 606 2214; x_wconf 83' lang='lat' dir='ltr'><strong>utique</strong></span> 
     </span>
    </p>
   </div>
   <div class='ocr_carea' id='block_1_6' title="bbox 649 978 1239 2216">
    <p class='ocr_par' dir='ltr' id='par_1_9' title="bbox 649 978 1239 1844">
     <span class='ocr_line' id='line_1_43' title="bbox 663 978 1237 1018; baseline 0.007 -11"><span class='ocrx_word' id='word_1_241' title='bbox 663 978 724 1008; x_wconf 89' lang='lat' dir='ltr'><strong>hoc</strong></span> <span class='ocrx_word' id='word_1_242' title='bbox 743 988 889 1008; x_wconf 87' lang='lat' dir='ltr'><strong>sermone</strong></span> <span class='ocrx_word' id='word_1_243' title='bbox 908 978 990 1008; x_wconf 77' lang='lat' dir='ltr'><strong>nihil</strong></span> <span class='ocrx_word' id='word_1_244' title='bbox 1008 978 1173 1018; x_wconf 85' lang='lat' dir='ltr'><strong>disertius,</strong></span> <span class='ocrx_word' id='word_1_245' title='bbox 1189 983 1237 1011; x_wconf 89' lang='lat' dir='ltr'><strong>ni-</strong></span> 
     </span>
     <span class='ocr_line' id='line_1_44' title="bbox 662 1024 1237 1065; baseline 0.007 -12"><span class='ocrx_word' id='word_1_246' title='bbox 662 1024 709 1053; x_wconf 89' lang='lat' dir='ltr'><strong>hil</strong></span> <span class='ocrx_word' id='word_1_247' title='bbox 725 1025 926 1063; x_wconf 81' lang='lat' dir='ltr'><strong>eloquentius</strong></span> <span class='ocrx_word' id='word_1_248' title='bbox 936 1047 944 1061; x_wconf 93' lang='lat'><em>‚</em></span> <span class='ocrx_word' id='word_1_249' title='bbox 962 1025 1026 1054; x_wconf 88' lang='lat' dir='ltr'><strong>dici</strong></span> <span class='ocrx_word' id='word_1_250' title='bbox 1040 1033 1174 1065; x_wconf 86' lang='lat' dir='ltr'><strong>poterat.</strong></span> <span class='ocrx_word' id='word_1_251' title='bbox 1191 1045 1237 1050; x_wconf 92' lang='lat'>—</span> 
     </span>
     <span class='ocr_line' id='line_1_45' title="bbox 665 1070 1234 1108; baseline 0.009 -9"><span class='ocrx_word' id='word_1_252' title='bbox 665 1070 742 1108; x_wconf 83' lang='lat'><strong>390.</strong></span> <span class='ocrx_word' id='word_1_253' title='bbox 759 1070 881 1099; x_wconf 80' lang='lat' dir='ltr'><strong>Cuncta</strong></span> <span class='ocrx_word' id='word_1_254' title='bbox 895 1078 981 1099; x_wconf 80' lang='lat' dir='ltr'><strong>metu</strong></span> <span class='ocrx_word' id='word_1_255' title='bbox 994 1072 1073 1101; x_wconf 87' lang='lat' dir='ltr'><strong>Exc.</strong></span> <span class='ocrx_word' id='word_1_256' title='bbox 1083 1073 1234 1104; x_wconf 84' lang='lat' dir='ltr'><strong>Burman.</strong></span> 
     </span>
     <span class='ocr_line' id='line_1_46' title="bbox 665 1116 1235 1157; baseline 0.009 -14"><span class='ocrx_word' id='word_1_257' title='bbox 665 1117 848 1144; x_wconf 79' lang='lat' dir='ltr'><strong>Sectamem</strong></span> <span class='ocrx_word' id='word_1_258' title='bbox 878 1116 972 1146; x_wconf 84' lang='lat' dir='ltr'><strong>Wall.</strong></span> <span class='ocrx_word' id='word_1_259' title='bbox 1002 1127 1018 1145; x_wconf 88' lang='lat' dir='ltr'><strong>a</strong></span> <span class='ocrx_word' id='word_1_260' title='bbox 1047 1128 1089 1147; x_wconf 90' lang='lat' dir='ltr'><strong>m.</strong></span> <span class='ocrx_word' id='word_1_261' title='bbox 1109 1129 1158 1157; x_wconf 88' lang='lat' dir='ltr'><strong>pr.</strong></span> <span class='ocrx_word' id='word_1_262' title='bbox 1175 1130 1235 1148; x_wconf 81' lang='lat' dir='ltr'><strong>vo-</strong></span> 
     </span>
     <span class='ocr_line' id='line_1_47' title="bbox 664 1160 1237 1195; baseline 0.009 -5"><span class='ocrx_word' id='word_1_263' title='bbox 664 1161 781 1190; x_wconf 82' lang='lat' dir='ltr'><strong>lentem</strong></span> <span class='ocrx_word' id='word_1_264' title='bbox 813 1160 930 1192; x_wconf 81' lang='lat' dir='ltr'><strong>Medic.</strong></span> <span class='ocrx_word' id='word_1_265' title='bbox 961 1172 1034 1192; x_wconf 90' lang='lat' dir='ltr'><strong>cum</strong></span> <span class='ocrx_word' id='word_1_266' title='bbox 1065 1165 1174 1195; x_wconf 74' lang='lat' dir='ltr'><strong>Heim.</strong></span> <span class='ocrx_word' id='word_1_267' title='bbox 1204 1172 1237 1195; x_wconf 89' lang='lat' dir='ltr'><strong>et</strong></span> 
     </span>
     <span class='ocr_line' id='line_1_48' title="bbox 662 1207 1236 1244; baseline 0.01 -9"><span class='ocrx_word' id='word_1_268' title='bbox 662 1207 812 1236; x_wconf 82' lang='lat' dir='ltr'><strong>Pierianjs</strong></span> <span class='ocrx_word' id='word_1_269' title='bbox 838 1214 869 1236; x_wconf 91' lang='lat' dir='ltr'><strong>et</strong></span> <span class='ocrx_word' id='word_1_270' title='bbox 892 1208 1000 1236; x_wconf 82' lang='lat' dir='ltr'><strong>multis</strong></span> <span class='ocrx_word' id='word_1_271' title='bbox 1024 1209 1110 1244; x_wconf 88' lang='lat' dir='ltr'><strong>aliis,</strong></span> <span class='ocrx_word' id='word_1_272' title='bbox 1145 1211 1236 1241; x_wconf 83' lang='lat' dir='ltr'><strong>solita</strong></span> 
     </span>
     <span class='ocr_line' id='line_1_49' title="bbox 661 1253 1238 1292; baseline 0.01 -12"><span class='ocrx_word' id='word_1_273' title='bbox 661 1253 844 1282; x_wconf 77' lang='lat' dir='ltr'><strong>variatione,</strong></span> <span class='ocrx_word' id='word_1_274' title='bbox 860 1254 925 1292; x_wconf 88' lang='lat' dir='ltr'><strong>Qui</strong></span> <span class='ocrx_word' id='word_1_275' title='bbox 942 1253 1036 1292; x_wconf 83' lang='lat' dir='ltr'><strong>apud.</strong></span> <span class='ocrx_word' id='word_1_276' title='bbox 1052 1256 1139 1284; x_wconf 79' lang='lat' dir='ltr'><strong>SerV.</strong></span> <span class='ocrx_word' id='word_1_277' title='bbox 1164 1256 1238 1286; x_wconf 75' lang='lat' dir='ltr'><em>Lin-</em></span> 
     </span>
     <span class='ocr_line' id='line_1_50' title="bbox 661 1297 1238 1341; baseline 0.012 -16"><span class='ocrx_word' id='word_1_278' title='bbox 661 1308 762 1337; x_wconf 76' lang='lat' dir='ltr'><strong>quens</strong></span> <span class='ocrx_word' id='word_1_279' title='bbox 774 1308 833 1337; x_wconf 86' lang='lat' dir='ltr'><strong>pro</strong></span> <span class='ocrx_word' id='word_1_280' title='bbox 846 1297 1050 1338; x_wconf 81' lang='lat' dir='ltr'><strong>delinquens,</strong></span> <span class='ocrx_word' id='word_1_281' title='bbox 1069 1299 1219 1332; x_wconf 84' lang='lat' dir='ltr'><strong>deficiens</strong></span> <span class='ocrx_word' id='word_1_282' title='bbox 1229 1327 1238 1341; x_wconf 86' lang='lat'>‚</span> 
     </span>
     <span class='ocr_line' id='line_1_51' title="bbox 661 1344 1236 1386; baseline 0.012 -14"><span class='ocrx_word' id='word_1_283' title='bbox 661 1353 828 1383; x_wconf 84' lang='lat' dir='ltr'><strong>accepere,</strong></span> <span class='ocrx_word' id='word_1_284' title='bbox 849 1345 884 1373; x_wconf 89' lang='lat' dir='ltr'><strong>in</strong></span> <span class='ocrx_word' id='word_1_285' title='bbox 901 1354 988 1384; x_wconf 87' lang='lat' dir='ltr'><strong>seqq.</strong></span> <span class='ocrx_word' id='word_1_286' title='bbox 1009 1344 1148 1376; x_wconf 87' lang='lat' dir='ltr'><strong>debuere</strong></span> <span class='ocrx_word' id='word_1_287' title='bbox 1163 1348 1236 1386; x_wconf 87' lang='lat' dir='ltr'><strong>jun-</strong></span> 
     </span>
     <span class='ocr_line' id='line_1_52' title="bbox 660 1389 1239 1434; baseline 0.009 -15"><span class='ocrx_word' id='word_1_288' title='bbox 660 1399 733 1430; x_wconf 87' lang='lat' dir='ltr'><strong>gere</strong></span> <span class='ocrx_word' id='word_1_289' title='bbox 746 1399 754 1420; x_wconf 87' lang='lat'>:</span> <span class='ocrx_word' id='word_1_290' title='bbox 769 1389 871 1419; x_wconf 86' lang='lat' dir='ltr'><strong>multa</strong></span> <span class='ocrx_word' id='word_1_291' title='bbox 882 1407 929 1413; x_wconf 86' lang='lat'>—</span> <span class='ocrx_word' id='word_1_292' title='bbox 942 1390 1046 1421; x_wconf 83' lang='lat' dir='ltr'><strong>dicere</strong></span> <span class='ocrx_word' id='word_1_293' title='bbox 1063 1392 1239 1434; x_wconf 78' lang='lat' dir='ltr'><strong>suscipiunt</strong></span> 
     </span>
     <span class='ocr_line' id='line_1_53' title="bbox 650 1435 1234 1477; baseline 0.012 -14"><span class='ocrx_word' id='word_1_294' title='bbox 650 1435 683 1477; x_wconf 84' lang='lat' dir='ltr'><strong>f.</strong></span> <span class='ocrx_word' id='word_1_295' title='bbox 697 1453 743 1458; x_wconf 92' lang='lat'><strong>—</strong></span> <span class='ocrx_word' id='word_1_296' title='bbox 756 1437 844 1465; x_wconf 79' lang='lat' dir='ltr'><strong>Metu</strong></span> <span class='ocrx_word' id='word_1_297' title='bbox 855 1458 864 1473; x_wconf 96' lang='lat'><strong>,</strong></span> <span class='ocrx_word' id='word_1_298' title='bbox 892 1436 1103 1469; x_wconf 80' lang='lat' dir='ltr'><strong>dubitatione.</strong></span> <span class='ocrx_word' id='word_1_299' title='bbox 1125 1441 1234 1470; x_wconf 80' lang='lat' dir='ltr'><strong>Auras</strong></span> 
     </span>
     <span class='ocr_line' id='line_1_54' title="bbox 649 1481 1233 1523; baseline 0.012 -13"><span class='ocrx_word' id='word_1_300' title='bbox 649 1481 760 1523; x_wconf 73' lang='lat' dir='ltr'><strong>ficgit,</strong></span> <span class='ocrx_word' id='word_1_301' title='bbox 781 1482 886 1512; x_wconf 86' lang='lat' dir='ltr'><strong>lucem</strong></span> <span class='ocrx_word' id='word_1_302' title='bbox 912 1491 920 1512; x_wconf 76' lang='grc' dir='ltr'>ε</span> <span class='ocrx_word' id='word_1_303' title='bbox 958 1484 1055 1513; x_wconf 81' lang='lat' dir='ltr'><strong>toedet</strong></span> <span class='ocrx_word' id='word_1_304' title='bbox 1087 1496 1233 1517; x_wconf 76' lang='lat' dir='ltr'><strong>convexa</strong></span> 
     </span>
     <span class='ocr_line' id='line_1_55' title="bbox 659 1528 1232 1566; baseline 0.01 -9"><span class='ocrx_word' id='word_1_305' title='bbox 659 1528 734 1558; x_wconf 80' lang='lat' dir='ltr'><em>coeli</em></span> <span class='ocrx_word' id='word_1_306' title='bbox 747 1528 829 1558; x_wconf 87' lang='lat' dir='ltr'><strong>tueri</strong></span> <span class='ocrx_word' id='word_1_307' title='bbox 841 1529 897 1559; x_wconf 85' lang='lat' dir='ltr'><strong>inf.</strong></span> <span class='ocrx_word' id='word_1_308' title='bbox 912 1529 973 1564; x_wconf 73' lang='lat'><strong>451</strong></span> <span class='ocrx_word' id='word_1_309' title='bbox 988 1552 997 1566; x_wconf 93' lang='lat'><strong>,</strong></span> <span class='ocrx_word' id='word_1_310' title='bbox 1008 1531 1043 1559; x_wconf 87' lang='lat' dir='ltr'><strong>in</strong></span> <span class='ocrx_word' id='word_1_311' title='bbox 1057 1530 1232 1563; x_wconf 83' lang='lat' dir='ltr'><strong>thalamum</strong></span> 
     </span>
     <span class='ocr_line' id='line_1_56' title="bbox 658 1575 1235 1619; baseline 0.01 -16"><span class='ocrx_word' id='word_1_312' title='bbox 658 1585 691 1604; x_wconf 90' lang='lat' dir='ltr'><strong>se</strong></span> <span class='ocrx_word' id='word_1_313' title='bbox 712 1576 852 1614; x_wconf 88' lang='lat' dir='ltr'><strong>recipere</strong></span> <span class='ocrx_word' id='word_1_314' title='bbox 874 1575 1024 1615; x_wconf 85' lang='lat' dir='ltr'><strong>putanda.</strong></span> <span class='ocrx_word' id='word_1_315' title='bbox 1039 1577 1144 1618; x_wconf 74' lang='lat' dir='ltr'><strong>AEgra</strong></span> <span class='ocrx_word' id='word_1_316' title='bbox 1157 1588 1235 1619; x_wconf 82' lang='lat' dir='ltr'><strong>prae-</strong></span> 
     </span>
     <span class='ocr_line' id='line_1_57' title="bbox 660 1620 1232 1664; baseline 0.01 -16"><span class='ocrx_word' id='word_1_317' title='bbox 660 1620 742 1649; x_wconf 84' lang='lat' dir='ltr'><strong>clare</strong></span> <span class='ocrx_word' id='word_1_318' title='bbox 752 1642 761 1657; x_wconf 88' lang='lat'><strong>,</strong></span> <span class='ocrx_word' id='word_1_319' title='bbox 790 1622 910 1660; x_wconf 76' lang='lat' dir='ltr'><strong>quippe</strong></span> <span class='ocrx_word' id='word_1_320' title='bbox 939 1631 1017 1651; x_wconf 86' lang='lat' dir='ltr'><strong>mox</strong></span> <span class='ocrx_word' id='word_1_321' title='bbox 1054 1622 1232 1664; x_wconf 78' lang='lat' dir='ltr'><strong>deliquium</strong></span> 
     </span>
     <span class='ocr_line' id='line_1_58' title="bbox 659 1666 1234 1705; baseline 0.01 -11"><span class='ocrx_word' id='word_1_322' title='bbox 659 1666 756 1695; x_wconf 78' lang='lat' dir='ltr'><strong>animi</strong></span> <span class='ocrx_word' id='word_1_323' title='bbox 782 1676 928 1705; x_wconf 75' lang='lat' dir='ltr'><strong>passura3</strong></span> <span class='ocrx_word' id='word_1_324' title='bbox 947 1667 1002 1697; x_wconf 89' lang='lat' dir='ltr'><strong>sed</strong></span> <span class='ocrx_word' id='word_1_325' title='bbox 1020 1667 1124 1698; x_wconf 87' lang='lat' dir='ltr'><strong>adhuc</strong></span> <span class='ocrx_word' id='word_1_326' title='bbox 1151 1670 1234 1700; x_wconf 76' lang='lat' dir='ltr'><strong>vires</strong></span> 
     </span>
     <span class='ocr_line' id='line_1_59' title="bbox 659 1711 1232 1754; baseline 0.01 -15"><span class='ocrx_word' id='word_1_327' title='bbox 659 1712 757 1741; x_wconf 70' lang='lat' dir='ltr'><strong>sumit</strong></span> <span class='ocrx_word' id='word_1_328' title='bbox 773 1711 812 1740; x_wconf 79' lang='lat' dir='ltr'><strong>ab</strong></span> <span class='ocrx_word' id='word_1_329' title='bbox 831 1712 886 1741; x_wconf 83' lang='lat' dir='ltr'><strong>irae</strong></span> <span class='ocrx_word' id='word_1_330' title='bbox 909 1719 998 1743; x_wconf 82' lang='lat' dir='ltr'><strong>aestu.</strong></span> <span class='ocrx_word' id='word_1_331' title='bbox 1020 1713 1232 1754; x_wconf 85' lang='lat' dir='ltr'><strong>Reliquorum</strong></span> 
     </span>
     <span class='ocr_line' id='line_1_60' title="bbox 659 1757 1232 1800; baseline 0.01 -14"><span class='ocrx_word' id='word_1_332' title='bbox 659 1757 733 1786; x_wconf 80' lang='lat' dir='ltr'><strong>vide</strong></span> <span class='ocrx_word' id='word_1_333' title='bbox 767 1763 916 1787; x_wconf 83' lang='lat' dir='ltr'><strong>ornatum</strong></span> <span class='ocrx_word' id='word_1_334' title='bbox 945 1768 1005 1798; x_wconf 88' lang='lat' dir='ltr'><strong>pro</strong></span> <span class='ocrx_word' id='word_1_335' title='bbox 1016 1780 1025 1795; x_wconf 93' lang='lat'>‚</span> <span class='ocrx_word' id='word_1_336' title='bbox 1053 1761 1232 1800; x_wconf 82' lang='lat' dir='ltr'><strong>suscipiunt</strong></span> 
     </span>
     <span class='ocr_line' id='line_1_61' title="bbox 659 1804 1197 1844; baseline 0.009 -12"><span class='ocrx_word' id='word_1_337' title='bbox 659 1813 728 1832; x_wconf 85' lang='lat' dir='ltr'><strong>eam</strong></span> <span class='ocrx_word' id='word_1_338' title='bbox 746 1809 776 1832; x_wconf 90' lang='lat' dir='ltr'><strong>et</strong></span> <span class='ocrx_word' id='word_1_339' title='bbox 790 1810 953 1844; x_wconf 88' lang='lat' dir='ltr'><strong>reportant</strong></span> <span class='ocrx_word' id='word_1_340' title='bbox 967 1805 1002 1834; x_wconf 88' lang='lat' dir='ltr'><strong>iu</strong></span> <span class='ocrx_word' id='word_1_341' title='bbox 1015 1804 1197 1837; x_wconf 80' lang='lat' dir='ltr'><strong>thalamum.</strong></span> 
     </span>
    </p>

    <p class='ocr_par' dir='ltr' id='par_1_10' title="bbox 657 1849 1231 2027">
     <span class='ocr_line' id='line_1_62' title="bbox 710 1849 1230 1892; baseline 0.008 -14"><span class='ocrx_word' id='word_1_342' title='bbox 710 1849 773 1888; x_wconf 80' lang='lat'><strong>393</strong></span> <span class='ocrx_word' id='word_1_343' title='bbox 789 1866 836 1872; x_wconf 90' lang='lat'><strong>—</strong></span> <span class='ocrx_word' id='word_1_344' title='bbox 852 1850 929 1888; x_wconf 81' lang='lat'>395.</span> <span class='ocrx_word' id='word_1_345' title='bbox 955 1852 1093 1889; x_wconf 88' lang='lat' dir='ltr'><strong>Ornate,</strong></span> <span class='ocrx_word' id='word_1_346' title='bbox 1117 1862 1230 1892; x_wconf 85' lang='lat' dir='ltr'><strong>quam-</strong></span> 
     </span>
     <span class='ocr_line' id='line_1_63' title="bbox 660 1896 1231 1937; baseline 0.011 -14"><span class='ocrx_word' id='word_1_347' title='bbox 660 1905 755 1934; x_wconf 89' lang='lat' dir='ltr'><strong>quam</strong></span> <span class='ocrx_word' id='word_1_348' title='bbox 773 1905 842 1924; x_wconf 90' lang='lat' dir='ltr'><strong>eam</strong></span> <span class='ocrx_word' id='word_1_349' title='bbox 857 1896 952 1925; x_wconf 85' lang='lat' dir='ltr'><strong>solari</strong></span> <span class='ocrx_word' id='word_1_350' title='bbox 966 1897 1125 1937; x_wconf 87' lang='lat' dir='ltr'><strong>cupiebat.</strong></span> <span class='ocrx_word' id='word_1_351' title='bbox 1145 1899 1231 1928; x_wconf 91' lang='lat' dir='ltr'><strong>Mul-</strong></span> 
     </span>
     <span class='ocr_line' id='line_1_64' title="bbox 658 1940 1230 1986; baseline 0.01 -17"><span class='ocrx_word' id='word_1_352' title='bbox 658 1947 726 1970; x_wconf 83' lang='lat' dir='ltr'><strong>tum</strong></span> <span class='ocrx_word' id='word_1_353' title='bbox 754 1940 864 1971; x_wconf 85' lang='lat' dir='ltr'><strong>dolens</strong></span> <span class='ocrx_word' id='word_1_354' title='bbox 880 1940 1005 1981; x_wconf 69' lang='grc' dir='ltr'>(πολλαί</span> <span class='ocrx_word' id='word_1_355' title='bbox 1030 1945 1062 1986; x_wconf 79' lang='grc' dir='ltr'><strong>γ’</strong></span> <span class='ocrx_word' id='word_1_356' title='bbox 1081 1940 1230 1986; x_wconf 59' lang='grc' dir='ltr'>ὀδυρόμε-</span> 
     </span>
     <span class='ocr_line' id='line_1_65' title="bbox 657 1986 1027 2027; baseline 0.008 -11"><span class='ocrx_word' id='word_1_357' title='bbox 657 1986 727 2027; x_wconf 71' lang='grc' dir='ltr'>νος)</span> <span class='ocrx_word' id='word_1_358' title='bbox 744 1993 774 2016; x_wconf 88' lang='lat' dir='ltr'><strong>et</strong></span> <span class='ocrx_word' id='word_1_359' title='bbox 784 1997 890 2017; x_wconf 90' lang='lat' dir='ltr'><strong>amore</strong></span> <span class='ocrx_word' id='word_1_360' title='bbox 903 1988 1027 2019; x_wconf 73' lang='lat' dir='ltr'><strong>ardens.</strong></span> 
     </span>
    </p>

    <p class='ocr_par' dir='ltr' id='par_1_11' title="bbox 660 2034 1230 2216">
     <span class='ocr_line' id='line_1_66' title="bbox 706 2034 1227 2074; baseline 0.01 -12"><span class='ocrx_word' id='word_1_361' title='bbox 706 2034 783 2073; x_wconf 74' lang='lat'><strong>397.</strong></span> <span class='ocrx_word' id='word_1_362' title='bbox 805 2034 1013 2070; x_wconf 83' lang='lat' dir='ltr'><strong>Incumbunt,</strong></span> <span class='ocrx_word' id='word_1_363' title='bbox 1030 2045 1096 2066; x_wconf 85' lang='lat' dir='ltr'><strong>nou</strong></span> <span class='ocrx_word' id='word_1_364' title='bbox 1112 2037 1227 2074; x_wconf 77' lang='lat' dir='ltr'><strong>remis3</strong></span> 
     </span>
     <span class='ocr_line' id='line_1_67' title="bbox 660 2079 1228 2114; baseline 0.009 -5"><span class='ocrx_word' id='word_1_365' title='bbox 660 2079 714 2109; x_wconf 88' lang='lat' dir='ltr'><strong>sed</strong></span> <span class='ocrx_word' id='word_1_366' title='bbox 732 2080 864 2110; x_wconf 79' lang='lat' dir='ltr'><strong>omnino</strong></span> <span class='ocrx_word' id='word_1_367' title='bbox 881 2080 919 2110; x_wconf 86' lang='lat' dir='ltr'><strong>de</strong></span> <span class='ocrx_word' id='word_1_368' title='bbox 942 2079 1049 2111; x_wconf 88' lang='lat' dir='ltr'><strong>studio</strong></span> <span class='ocrx_word' id='word_1_369' title='bbox 1066 2090 1076 2112; x_wconf 72' lang='grc' dir='ltr'><em>τ</em></span> <span class='ocrx_word' id='word_1_370' title='bbox 1100 2081 1141 2113; x_wconf 85' lang='lat' dir='ltr'><strong>cf.</strong></span> <span class='ocrx_word' id='word_1_371' title='bbox 1169 2082 1228 2114; x_wconf 77' lang='lat' dir='ltr'><strong>inf.</strong></span> 
     </span>
     <span class='ocr_line' id='line_1_68' title="bbox 660 2124 1227 2168; baseline 0.004 -12"><span class='ocrx_word' id='word_1_372' title='bbox 660 2127 708 2156; x_wconf 82' lang='lat' dir='ltr'><strong>lx</strong></span> <span class='ocrx_word' id='word_1_373' title='bbox 719 2148 728 2162; x_wconf 92' lang='lat'><strong>‚</strong></span> <span class='ocrx_word' id='word_1_374' title='bbox 757 2127 810 2164; x_wconf 80' lang='lat'><strong>73.</strong></span> <span class='ocrx_word' id='word_1_375' title='bbox 844 2127 1035 2168; x_wconf 76' lang='lat' dir='ltr'><strong>Comparant</strong></span> <span class='ocrx_word' id='word_1_376' title='bbox 1062 2127 1152 2160; x_wconf 77' lang='lat' dir='ltr'><strong>mad.</strong></span> <span class='ocrx_word' id='word_1_377' title='bbox 1186 2124 1227 2166; x_wconf 69' lang='grc' dir='ltr'><strong>ὃ,</strong></span> 
     </span>
     <span class='ocr_line' id='line_1_69' title="bbox 663 2171 1230 2216; baseline 0.005 -13"><span class='ocrx_word' id='word_1_378' title='bbox 663 2173 726 2204; x_wconf 77' lang='lat'><strong>223</strong></span> <span class='ocrx_word' id='word_1_379' title='bbox 741 2181 786 2214; x_wconf 84' lang='lat' dir='ltr'><strong>sq.</strong></span> <span class='ocrx_word' id='word_1_380' title='bbox 803 2171 841 2203; x_wconf 87' lang='lat' dir='ltr'><strong>de</strong></span> <span class='ocrx_word' id='word_1_381' title='bbox 855 2173 1110 2216; x_wconf 79' lang='lat' dir='ltr'><strong>Agamemnone3</strong></span> <span class='ocrx_word' id='word_1_382' title='bbox 1124 2174 1230 2206; x_wconf 78' lang='lat' dir='ltr'><strong>malim</strong></span> 
     </span>
    </p>
   </div>
   <div class='ocr_carea' id='block_1_7' title="bbox 1003 2236 1072 2274">
    <p class='ocr_par' dir='ltr' id='par_1_12' title="bbox 1003 2236 1072 2274">
     <span class='ocr_line' id='line_1_70' title="bbox 1003 2236 1072 2274; baseline 0.014 -1"><span class='ocrx_word' id='word_1_383' title='bbox 1003 2236 1072 2274; x_wconf 77' lang='lat'><strong>26*</strong></span> 
     </span>
    </p>
   </div>
  </div>
 </body>
</html>
