1433 2460
138 27 199 55 vus.

644 20 836 50 mxl-:mos

140 79 287 128 Effigies
302 90 417 113 sacrae
434 76 563 113 divum
582 77 812 127 Phrygiique
835 81 1008 123 Penates,

137 142 242 183 Quos*
263 150 409 172 nwvlltll
434 150 453 172 ιι
469 136 598 187 ija,
620 138 830 188 mediisque
847 151 893 175 ex
916 137 1066 188 ignibus
1087 137 1190 175 urbis

139 199 374 241 lixtulvram,
392 197 463 234 visi
481 206 567 235 ante
584 199 714 236 oculos
733 200 883 237 adstare
899 200 1059 249 jacentis
1302 209 1347 232 15⁰

138 259 340 303 lusomnis,
362 258 481 295 multo
500 261 689 297 manifesti
709 262 869 307 lumine,
891 274 966 310 qua
987 276 1026 298 sc

138 321 248 356 Plena
265 333 334 370 per
351 319 509 357 insertas
526 320 708 358 fundebat
729 322 817 358 luna
835 322 1037 369 senestt·as;

136 383 233 416 'rum
250 380 303 417 sic
323 380 464 426 adfari,
487 390 524 417 et
541 394 651 417 curas
672 381 730 418 his
751 381 904 419 demere
920 382 1030 420 (lictis
1048 397 1056 418 :

137 462 147 470 υ
175 439 287 485 Quod
308 440 376 477 tibi
398 440 522 477 dolato
541 441 742 491 Ortygiam
763 440 934 478 dicturus
952 442 1091 491 Apollo
1107 452 1181 488 cst,

137 500 207 535 liic
223 500 342 545 canit,
367 509 402 537 ‹·t
425 510 489 537 tua
509 514 578 537 nos
599 514 646 537 cu
667 501 768 538 ultro
786 500 832 537 ad
852 501 980 537 limina
998 501 1124 538 mittit.
1303 511 1347 534 155

139 562 212 595 No>
231 569 285 604 te,
303 560 496 597 Dardania
514 560 682 606 incensa,
703 568 843 610 tuaque
861 573 965 596 arma
986 561 1124 605 secuti,

135 674 319 704 destinatam
330 673 445 704 sedem.
455 678 535 704 Sunt
545 674 611 704 divi
619 674 714 704 iidem

135 721 190 760 qui
209 723 359 755 Penates,
385 728 414 750 et
440 720 629 751 declarative
648 721 713 751 dic-

137 775 200 796 tum
219 770 383 797 :Penates
408 775 438 796 rt
464 767 586 810 esJt'gI'es
614 779 715 798 sacra:

134 813 251 851 divum,
263 814 328 843 fere
340 822 375 844 ut
387 825 458 854 sup.
472 826 516 844 γε.
532 825 544 844 1
554 825 651 845 2.——1
661 816 677 844 5
687 826 697 844 1
707 839 714 845 .

136 862 175 890 In
189 860 309 890 somnis
324 861 436 901 passim
448 860 585 891 editum:
597 869 643 891 est
653 861 714 892 hoc

135 908 293 947 exquisite
305 918 364 947 pro
378 909 411 937 iu
422 918 546 944 somno,
561 919 618 948 per
630 920 713 938 som-

135 964 225 983 num.
244 955 406 984 Hactenus
422 953 513 983 bene.
525 954 602 991 Sed,
618 956 644 984 si
655 956 715 985 visi

135 1000 256 1030 adstare
274 1003 404 1031 Penates
427 1001 526 1030 multo
550 1000 718 1042 manifesti

134 1047 257 1076 lumine
270 1054 299 1077 et
314 1046 444 1087 quidem
458 1047 560 1084 lame,
577 1058 648 1088 quae
658 1059 716 1088 per

135 1093 286 1123 fenestras
295 1105 327 1123 se
338 1093 538 1130 immittebat,
553 1105 620 1124 non
632 1105 715 1124 som-

136 1142 226 1170 nium
239 1152 305 1170 esse
320 1140 382 1170 hoc
393 1141 508 1181 potuit.
524 1142 563 1171 Et
576 1141 633 1171 inf.
651 1152 662 1170 1
672 1142 713 1179 73

137 1188 205 1216 Nec
216 1197 312 1228 sopor
324 1187 408 1217 illud
420 1195 490 1217 erat
504 1194 563 1217 etc.
579 1187 675 1228 Quod
688 1189 715 1218 si

135 1234 196 1264 lioc
213 1234 295 1264 forte
314 1234 404 1263 aliter
421 1234 567 1274 expediri
582 1242 689 1275 posset
704 1257 712 1273 ,

136 1288 242 1310 tamen
260 1282 349 1321 prins
369 1280 450 1310 illud
469 1282 643 1311 necessario
667 1292 715 1311 re-

135 1329 260 1366 quirere
284 1326 409 1357 videtur
428 1327 606 1365 Iusomnis,
627 1328 714 1368 quod

135 1374 186 1403 alii
211 1373 349 1410 habent,
373 1381 410 1403 ut
435 1373 578 1414 vigilanti
596 1376 714 1414 species

135 1421 267 1450 deorum
285 1421 383 1449 fuerit
400 1420 554 1450 exhibita.
578 1421 713 1451 Dubita-

134 1469 254 1498 tionem
278 1474 363 1496 recte
382 1468 484 1497 movit
499 1467 592 1496 etiam
614 1469 713 1508 Trap-

133 1516 222 1554 pius;
245 1513 351 1543 datam
362 1513 556 1543 solutionem
571 1514 627 1543 vix
640 1524 713 1554 pro-

133 1560 199 1590 bes.
219 1562 388 1590 Insomnes
403 1571 452 1600 pr.
470 1559 622 1590 Rottend.
640 1561 712 1589 Μα-

133 1606 250 1647 nifesco
264 1606 383 1636 lumine
397 1606 519 1646 aliquot
534 1616 583 1646 ap.
601 1607 712 1636 Heius.

132 1653 271 1683 sollenni
287 1653 551 1683 aberratione.—
563 1653 637 1683 152.
658 1655 713 1682 In-

133 1708 235 1730 sertas
255 1699 423 1741 fenestras
453 1698 557 1740 simpl.
592 1698 713 1729 dictum

134 1749 241 1788 accipe
273 1757 334 1787 pro
351 1756 358 1777 :
378 1746 528 1776 fenestras
549 1756 621 1785 quae
639 1753 715 1776 sunt

133 1795 167 1823 in
187 1794 318 1834 pariete.
343 1793 384 1823 cf.
407 1794 516 1823 Burm.
536 1792 639 1823 Multa
657 1792 713 1823 hic

134 1840 242 1870 Guell.
268 1839 371 1870 cerda
389 1847 463 1880 post
487 1842 574 1870 Serv.
599 1850 713 1880 perpe-

133 1896 199 1916 ram
233 1893 428 1928 argutantur.
465 1885 576 1916 Videri
608 1893 713 1927 potest

134 1933 328 1963 vocabulum
342 1934 437 1963 nimis
452 1933 534 1963 exile
548 1943 608 1973 pro
623 1934 712 1973 epica

133 1978 296 2019 dignitate.
305 1982 429 2010 Verum
438 1979 612 2010 tenendum
619 1979 711 2017 illud,

132 2026 282 2055 fenestras
321 2037 386 2056 esse
410 2034 577 2067 aperturas
599 2028 633 2056 in
656 2037 711 2067 pa-

133 2073 210 2102 riete
222 2082 229 2102 1
245 2083 312 2102 non
325 2083 395 2113 quae
408 2084 470 2103 nos
486 2073 622 2103 dicimus
635 2083 712 2114 prae-

133 2124 219 2148 tenta
246 2119 284 2148 iis
302 2120 485 2159 specularia.
506 2121 557 2151 Sic
575 2121 624 2157 ΙΙ,
644 2119 709 2156 482

135 2166 172 2194 In
190 2165 313 2195 foribus
323 2165 399 2209 *lato
425 2166 515 2196 dedic
533 2178 587 2197 ore
601 2165 712 2208 senes-

769 683 863 705 ttam.
903 675 1004 705 Simili
1041 674 1136 705 modo
1175 673 1271 705 πύλαι
1310 675 1348 705 de

768 729 916 762 apertura
935 732 997 762 qua
1014 722 1138 751 insertae
1154 729 1229 751 sunt
1255 721 1348 752 fores.

769 769 872 798 Aliter
891 768 1044 809 Apollon.
1065 770 1129 805 111,
1152 769 1229 798 822.

821 815 895 845 155.
930 817 997 844 Tua
1023 815 1070 844 ad
1094 815 1222 846 limina.
1247 816 1348 855 Atqui

769 862 976 891 servabantur
989 862 1052 900 juin
1069 863 1102 891 in
1119 865 1214 893 AEnea
1228 861 1325 892 domo
1335 863 1348 891 Ξ)

768 909 895 938 Scilicet
909 907 1038 948 dsspso
1059 909 1211 939 cubiculo
1233 908 1349 938 limina

768 954 1027 995 accipienda.—-1
1037 956 1208 986 50—160.
1228 957 1348 985 Aes-—

769 1001 872 1031 Iidem
898 1001 1046 1031 tollemus
1069 1009 1130 1033 ete.
1153 1010 1208 1032 tna
1233 1012 1346 1039 arma,

770 1059 835 1077 non
848 1049 995 1089 proprie,
1011 1048 1064 1078 sed
1075 1049 1256 1090 imperium,
1272 1048 1347 1078 duc-

769 1101 859 1132 tum3
890 1101 922 1124 et
950 1095 994 1124 sic
1027 1097 1156 1125 Servius
1171 1106 1179 1131 ;
1210 1095 1322 1125 melius
1338 1119 1346 1132 ,

769 1151 863 1182 quain
879 1142 904 1171 si
920 1141 1061 1179 turbam,
1082 1152 1177 1182 quam
1191 1141 1346 1179 ducebat,

769 1189 903 1229 accipias
926 1197 933 1217 :
955 1198 1048 1225 mox,
1072 1188 1127 1217 sub
1147 1196 1194 1225 te,
1218 1189 1250 1219 h.
1270 1201 1297 1220 e.
1319 1196 1348 1218 te

769 1235 860 1265 duce.
884 1237 912 1265 T
911 1235 1044 1265 ollemus
1062 1235 1095 1264 in
1112 1242 1201 1265 astra
1223 1246 1290 1266 non
1309 1236 1347 1265 ad

770 1283 899 1312 Caesaris
922 1282 1126 1321 apotheosin,
1149 1289 1185 1312 ut
1200 1283 1265 1320 jam
1280 1285 1349 1313 Ser-

768 1330 854 1366 vius,
871 1338 947 1358 mox
966 1327 1033 1365 alii,
1055 1327 1127 1366 sed,
1144 1328 1231 1368 quod
1253 1329 1348 1360 docet

768 1375 927 1413 adjectum
939 1385 946 1405 :
958 1375 1196 1415 Imperiumque
1212 1375 1281 1405 urbi
1289 1377 1347 1406 da-

767 1421 868 1451 bimus
882 1444 890 1457 ,
928 1420 966 1450 ad
999 1432 1158 1451 summum
1194 1424 1347 1462 potentiae

766 1468 924 1508 fastigium
940 1467 1062 1505 refer0;
1081 1468 1169 1508 quod
1190 1469 1254 1499 fere
1272 1480 1346 1499 eum

767 1514 877 1555 gloriae
899 1525 935 1544 ac
963 1514 1055 1544 famae
1077 1525 1204 1546 summo
1222 1516 1346 1558 fastigio

768 1561 978 1598 conjunctum
1003 1572 1069 1590 esse
1094 1561 1190 1600 solet,
1217 1562 1257 1592 de
1279 1573 1345 1603 quo

766 1608 897 1647 proprie
912 1607 966 1636 illa
981 1606 1143 1638 dicuntur.
1158 1609 1284 1639 Illoem'a
1295 1620 1344 1640 re-

766 1653 814 1683 fer
829 1653 867 1682 ad
882 1654 1051 1683 Lavinium
1062 1676 1070 1690 ,
1094 1654 1133 1684 ab
1157 1657 1254 1686 AEnea
1268 1667 1345 1686 con-

767 1699 882 1730 ditum.
900 1703 975 1741 Sup.
997 1702 1045 1738 ΙΙ,
1068 1701 1134 1741 295
1152 1701 1268 1732 diserte
1281 1705 1345 1742 jam

767 1746 852 1776 dicta
884 1746 1023 1777 vidimus
1049 1757 1056 1778 :
1087 1750 1280 1779 Penates—
1298 1749 1346 1780 his

767 1788 889 1823 moenia
904 1804 1027 1834 qmere,
1041 1796 1168 1836 Dlagna
1177 1804 1345 1836 pererrato

766 1847 886 1870 statues
895 1851 968 1881 quae
981 1840 1121 1882 denique
1127 1849 1239 1882 ponto.
1251 1844 1345 1884 Mag-

767 1899 811 1917 na
835 1888 921 1917 enim
944 1893 1037 1924 sunt,
1061 1895 1192 1928 propter
1214 1899 1342 1930 magna-

766 1945 840 1964 rum
849 1944 957 1963 rerum
967 1934 1080 1963 seriem
1090 1944 1131 1964 ex
1145 1934 1241 1974 hujus
1254 1935 1342 1966 urbis

765 1979 948 2021 primordiis
972 1986 1134 2021 aptarum3
1158 1982 1186 2010 si
1217 1988 1340 2021 tamen,

765 2027 840 2067 quia
855 2025 943 2062 Urbi,
963 2026 1051 2066 quod
1064 2026 1160 2058 modo
1174 2028 1340 2068 antecedit,
1355 2059 1358 2061 Α

766 2073 806 2103 ad
820 2075 953 2104 Romam
969 2073 1077 2113 potius
1098 2081 1239 2115 spectare
1253 2075 1342 2107 vide-

763 2126 817 2150 tur
830 2142 839 2157 ‚
875 2120 969 2150 etiam
996 2119 1118 2150 tna-nia
1151 2132 1272 2164 magna
1302 2122 1342 2152 de

764 2168 865 2197 Roma
881 2167 1054 2207 acceperis,
1074 2169 1132 2198 etsi
1147 2167 1215 2199 haec
1229 2171 1341 2200 AEneas
