1433 2460
554 84 676 114 LIBER
702 84 727 113 1.
1198 97 1238 126 97

46 144 204 194 Inrigat,
220 150 256 179 et
279 142 399 179 sotum
419 141 563 192 gremio
584 141 655 178 dea
676 140 772 178 tollit
793 140 830 178 in
849 141 941 180 altos

46 203 173 240 Idaliae
189 203 292 239 lucos
306 230 316 248 ‚
337 201 404 239 ubi
423 202 544 239 mollis
560 214 754 239 amaracus
773 201 878 238 illum

46 261 219 299 Floribus
232 290 241 308 ,
261 271 298 299 et
318 261 419 299 dulci
443 262 638 312 adspirans
656 257 921 312 complectitur
940 261 1085 300 umbra.

45 325 203 371 Jamque
220 321 318 367 ibat,
341 321 442 359 dicto
465 335 619 372 parens,
635 331 672 359 et
693 322 791 359 dona
808 322 956 372 Cupido

1194 332 1242 364 695

45 382 162 432 Regia
181 382 358 432 portabat
371 383 514 432 Tyriis,
533 383 629 420 duce
648 384 754 420 laetus
771 383 935 419 Achate:

44 443 173 487 Quum
189 443 311 489 venit,
329 443 457 479 aulaeis
469 442 546 493 jam
567 456 605 480 se
625 443 755 492 regina
773 442 947 492 superbis

42 503 169 539 Aurea
189 503 402 553 composuit
418 503 581 554 sponda,
597 503 837 552 mediamque
858 504 1006 541 locavit.

94 565 177 599 Jam
197 572 305 614 pater
325 566 479 610 AEncas,
501 573 537 601 et
553 565 630 614 jam
650 564 813 614 Trojana
829 564 1007 614 juventus

44 624 300 670 Conveniunt,
317 633 512 674 stratoque
529 638 643 675 super
663 624 915 662 discumbitur
934 632 1049 661 ostro.
1197 643 1243 667 700

42 685 142 722 Dant
161 683 290 722 famuli
312 685 485 722 manibus
502 685 691 735 lymphas,
710 688 963 733 Cereremque
983 684 1153 722 canistris

43 828 96 857 bet
117 828 157 857 ab
181 827 415 867 antiquioribus
435 828 548 867 poetis,
562 830 622 857 Lu-

47 875 145 904 cretio
175 881 205 904 et
233 875 328 904 Furio
358 874 505 910 Antiate,
535 874 619 914 apud

47 920 192 951 Macrob.
218 922 285 957 vl,
321 930 349 950 1.
378 921 417 949 Et
443 920 477 949 hi
498 920 619 949 duxere

47 977 88 996 ex
114 968 285 997 Homerico
310 963 360 996 ἐπὶ
382 964 496 1009 γλυκὺν
525 964 616 995 ὕπνον

47 1011 163 1053 ἔχευεν.
188 1010 260 1055 περὶ
274 1009 304 1042 δ’
321 1008 487 1055 ἀμὲρόσιες
515 1011 619 1052 κέχυθ’

48 1058 151 1095 ὕπνος.
165 1061 246 1091 Nata
262 1066 365 1089 autem
388 1059 542 1099 loquendi
562 1061 621 1089 for-

48 1117 98 1136 ma
120 1117 160 1137 ex
177 1106 308 1136 notione
325 1106 487 1143 humoris,
506 1106 586 1135 forte
606 1116 620 1135 a

46 1163 118 1182 rore
141 1152 252 1189 ducta,
280 1162 346 1192 quo
364 1151 471 1181 herbae
492 1151 621 1192 perfun-

47 1198 188 1236 duntur,
228 1199 368 1239 primum
406 1198 511 1235 nocti,
553 1205 619 1228 tum

46 1255 158 1274 somno
177 1245 343 1284 adjuncta3
361 1244 447 1274 unde
461 1242 552 1288 ὑγρὸς
566 1242 621 1274 ὕπ-

45 1301 104 1326 νος.
129 1293 179 1321 Ex
204 1301 242 1321 eo
263 1292 334 1331 ipso
359 1289 517 1320 artificum
539 1292 618 1321 ratio

45 1337 140 1367 ducta
152 1360 160 1375 ‚
184 1337 271 1378 quod
293 1339 429 1368 Somnus
447 1348 550 1367 cornu
566 1337 619 1367 de-

44 1383 152 1414 fundit
166 1385 304 1424 quietem
319 1384 370 1413 vel
389 1385 530 1421 somnia3
552 1394 618 1414 non

43 1431 186 1466 inverse,
214 1437 252 1459 ut
275 1430 370 1471 vulgo
396 1430 547 1460 creditur.
571 1448 617 1453 —

44 1477 122 1517 692.
151 1479 263 1507 Focum
288 1475 411 1518 gremio
428 1500 437 1514 ‚
476 1478 617 1507 ornatius

44 1533 160 1563 quam,
184 1522 334 1563 positum.
360 1525 491 1553 Haereut
513 1524 616 1553 Inter-

42 1576 155 1609 pretes.
170 1569 254 1600 conf.
274 1580 290 1607 7
302 1570 338 1599 18
357 1570 522 1599 Interdum
543 1580 613 1610 gre-

45 1615 108 1645 mio
124 1614 226 1657 fovet.
258 1617 457 1653 Amat-acus,
475 1625 615 1655 sampsu-

45 1661 141 1691 chum
156 1661 208 1691 vel
223 1661 393 1702 major-ana
404 1685 412 1698 ‚
443 1672 512 1701 quae
534 1662 617 1691 inter

44 1708 222 1737 coronarias
231 1714 288 1738 est.
296 1708 412 1738 v.1³lin.
423 1709 514 1745 XXI,
529 1718 542 1737 1
553 1718 565 1737 1
573 1731 580 1745 ‚
590 1718 615 1738 s.

48 1755 102 1791 35,
125 1754 167 1793 39
185 1752 217 1782 ιἰι
240 1753 342 1793 Cypro
363 1753 615 1783 laudatissimum

46 1807 78 1830 ec
87 1798 351 1836 odoratissimum,
366 1798 409 1829 ib.
425 1809 452 1829 c.
471 1809 512 1829 22
523 1811 548 1830 s.
560 1801 616 1840 953

45 1853 95 1884 et,
118 1853 153 1876 ut
173 1845 315 1875 umbram
332 1845 365 1875 h.
380 1845 401 1875 l.
418 1844 534 1875 efficiat
545 1868 553 1882 ,
566 1846 617 1874 lu-

44 1894 224 1922 xuriantius
249 1891 294 1922 ibi
311 1892 397 1921 nasci
422 1891 526 1921 dehet.
543 1893 618 1922 Sua-

43 1940 125 1969 viter
150 1945 255 1968 autem
278 1938 401 1979 singula
422 1939 456 1967 in
478 1949 508 1969 v,
530 1938 616 1977 693,

44 1986 122 2026 694.
151 1984 378 2025 Complectt'cur
415 1984 586 2024 adspirans
603 2008 613 2020 ,

46 2027 222 2062 adhalando
238 2031 352 2062 odores
363 2054 371 2068 ,
391 2028 555 2066 ἦδὺπνευς.
570 2050 616 2054 -—

47 2079 113 2119 695
125 2101 133 2116 ‚
156 2078 234 2119 696.
254 2079 342 2107 Duce
359 2078 449 2107 Icelus
464 2080 506 2108 A.
525 2088 617 2108 orna-

45 2132 75 2155 te
88 2135 148 2166 pro
160 2125 281 2155 habens
293 2124 419 2155 ducem.
435 2124 519 2155 conf.
537 2125 615 2164 690.

93 2171 180 2212 697,
209 2171 287 2212 698.
312 2171 532 2201 Accumhebat
554 2173 618 2210 jam

45 2228 162 2248 mensae
175 2218 210 2247 in
225 2224 296 2248 toro
310 2217 395 2249 Dido
405 2241 414 2257 ‚
430 2229 504 2248 cum
524 2218 618 2248 falsus

168 2284 219 2318 11.

674 827 763 856 Iulus
777 827 914 857 advenit.
929 828 1046 856 Aula-a
1057 835 1133 857 sunt
1147 837 1247 859 vestes

673 874 820 913 stragulae
831 883 838 903 2
849 884 880 904 v.
899 874 965 913 639
978 897 985 911 ,
1003 874 1133 914 spondae
1147 882 1178 904 et
1192 886 1245 905 au-

672 930 709 948 ro
725 921 848 958 injectae
860 931 868 957 3
881 927 911 950 et
923 920 1093 958 subjicitur
1110 922 1245 961 sponda.

672 965 743 995 Alia
761 974 836 996 sunt
850 967 947 996 aulaea
967 967 1084 1007 Georg.
1099 969 1165 1005 111,
1191 969 1244 999 25.

674 1012 773 1042 Cerda
788 1023 861 1043 cum
879 1014 945 1042 aliis
965 1013 1004 1042 de
1031 1014 1108 1043 velis
1131 1025 1246 1055 appen-

673 1059 714 1087 sis
725 1081 733 1095 ‚
748 1070 818 1099 quae
832 1060 960 1100 proprie
975 1060 1099 1096 aulaea,
1127 1068 1164 1090 ut
1179 1063 1245 1092 Ho-

674 1111 730 1135 rat.
747 1107 777 1134 ΙΙ
793 1108 856 1136 Sat.
874 1106 904 1142 8,
925 1107 978 1143 54,
993 1106 1052 1135 sub
1066 1106 1184 1146 quibus
1198 1115 1245 1138 to-

674 1162 728 1181 rus
745 1153 811 1189 ejus
829 1152 1001 1182 collocatus
1017 1152 1123 1183 fuerit.
1143 1171 1188 1175 ——-
1206 1155 1246 1183 Se

674 1198 865 1238 composuit,
890 1199 1024 1239 pulchre
1048 1209 1108 1239 pro
1136 1210 1245 1229 conse-

673 1244 730 1274 dit.
752 1245 884 1284 Sponcla
905 1256 1005 1274 aurea
1025 1245 1243 1285 jungendum,

672 1301 712 1320 ne
726 1292 851 1331 sponda
872 1291 957 1321 nude
972 1292 1012 1321 sit
1026 1292 1137 1331 posita.
1152 1293 1244 1322 Dicta

672 1344 776 1367 autem
798 1338 923 1378 sponda
942 1338 1130 1378 exquisitius
1150 1349 1244 1378 quam

670 1383 780 1414 lectus.
807 1384 1015 1425 Dledt'czmque
1037 1384 1170 1422 locavit,
1193 1386 1242 1414 in-

672 1437 718 1460 ter
734 1433 865 1461 AEneam
881 1438 911 1461 et
926 1431 1038 1460 falsum
1056 1430 1180 1468 Iulum,
1209 1433 1245 1461 iu

671 1477 826 1514 triclinio,
858 1479 956 1508 aiunt.
982 1477 1117 1518 Copiose
1141 1477 1245 1518 expla-

670 1531 724 1552 nat
741 1524 852 1554 Cerda.
875 1524 982 1554 Verba
998 1531 1102 1553 tamen
1120 1530 1243 1553 tantum

669 1568 731 1598 hoc
755 1569 959 1610 suppeditant
975 1580 982 1600 :
998 1579 1067 1598 eam
1089 1569 1246 1599 consedis-

669 1616 751 1645 sein
773 1615 874 1653 lec¹03
899 1622 930 1646 et
953 1615 1093 1645 mediam
1109 1626 1141 1645 se
1160 1616 1244 1646 loca-

671 1661 713 1691 vit
727 1662 767 1691 ad
789 1664 950 1702 poeticum
967 1672 1145 1691 sermonem
1165 1663 1244 1692 refe-

669 1708 815 1739 rendum.
831 1711 910 1739 Sunt
922 1719 1051 1748 quoque
1065 1719 1142 1738 mox
1157 1708 1244 1738 sedes

670 1755 884 1792 Trojanorum
919 1755 1061 1784 diversae.
1089 1773 1136 1777 —
1164 1755 1242 1795 699.

670 1801 782 1830 Malim
799 1811 872 1830 cum
896 1801 1113 1840 superioribus
1134 1802 1246 1842 junge-

671 1856 704 1875 re
721 1856 729 1876 :
747 1846 824 1876 Cum
840 1846 951 1882 venit,
978 1857 1009 1876 α.
1030 1847 1103 1887 jam
1119 1857 1153 1876 se
1165 1847 1244 1889 regi-

673 1902 716 1921 na
743 1903 767 1922 s.
791 1892 966 1932 composuit
982 1910 1029 1917 ·—
1050 1895 1126 1923 Jam
1145 1902 1245 1934 pater

671 1939 726 1969 AE.
741 1939 948 1976 conveniunt,
964 1939 996 1970 h.
1014 1951 1041 1970 e.
1056 1939 1129 1981 jam
1148 1941 1242 1970 etiam

669 1996 702 2025 p.
718 2003 765 2008 --
778 1986 856 2025 699,
875 1996 951 2024 τοο.
966 1988 1071 2016 Strato
1084 1995 1177 2025 ostro,
1194 1997 1243 2018 su-

669 2042 727 2071 per
744 2039 813 2062 toro
823 2042 984 2072 purpurea
998 2040 1084 2063 veste
1094 2056 1103 2072 ,
1119 2041 1241 2076 stragu-

669 2078 715 2115 la,
731 2086 838 2109 strato.
853 2079 893 2109 cf.
912 2079 989 2120 639.

721 2136 783 2163 701
795 2148 804 2162 ‚
837 2136 913 2164 702.
945 2129 1021 2156 Post
1055 2126 1242 2157 discubitum

671 2171 733 2201 hoc
749 2172 822 2202 loco
832 2172 843 2213 (
854 2173 911 2202 etsi
925 2183 992 2203 nou
1004 2184 1137 2215 semper,
1154 2173 1243 2215 quod

674 2220 780 2260 Intpp.
799 2219 932 2258 volunt,
956 2221 1001 2250 ita
1016 2227 1160 2252 veterum
1176 2230 1246 2251 mos

1022 2299 1046 2334 9
