1433 2460
578 112 698 141 LIBER
726 111 749 140 1.
1219 113 1261 150 ὃς,

67 171 163 204 Sunt
183 167 344 204 lacrimae
365 180 510 213 rerum,
531 175 567 204 ct
587 176 750 204 mentem
772 170 945 205 mortalia
964 178 1130 219 tangunt.

68 226 179 264 Solve
198 234 336 273 metus;
358 226 452 263 seret
468 226 549 263 haec
566 226 731 276 aliquam
748 225 823 264 tibi
838 228 936 264 fama
952 229 1120 266 salutem.
1142 244 1156 260 »

119 285 182 322 Sic
198 285 267 331 ait,
285 295 398 335 atque
419 286 584 323 animum
602 287 751 337 pictura
768 288 887 338 pascit
907 288 1029 334 inani,

65 431 173 459 Burm.
197 429 261 458 scil.
277 440 317 458 ex
338 430 509 459 Homerico
529 428 635 464 xlix:

65 483 102 505 ut
117 483 225 505 contra
245 472 340 518 ἀρετὴ
362 486 421 516 pro
440 476 534 506 laude
555 487 637 517 saepe

65 522 150 562 apud
177 521 358 552 Pindarum.
391 523 514 552 Virtuti
545 524 638 553 etiam

65 568 117 598 hic
131 569 234 598 honos
246 579 322 598 suus
340 568 485 598 habetur.
501 586 548 591 ——
559 570 636 604 462.

66 616 117 644 En
139 614 282 645 lacrimae
308 614 448 645 Parrhas.
474 616 583 646 nefins.
603 617 638 646 in

66 671 120 690 ora
144 660 214 691 cod.
238 662 288 690 sui
309 668 485 691 mutaverat
507 662 638 692 distinc-

68 708 185 737 tionem
209 717 216 737 :
239 715 312 737 sune
338 707 479 737 lacrimoe
503 719 514 737 :
535 718 638 737 rerum

67 760 99 783 ec
119 765 159 784 m.
184 764 225 783 m.
250 760 271 783 t,
296 753 467 783 Arridebat
484 753 545 784 hoc
563 755 641 783 Bur-

66 810 182 829 manno
193 822 201 837 ,
222 806 257 828 ut
273 799 423 829 mortalia
436 810 541 829 rerum
556 801 619 829 siut
629 823 638 837 ‚

66 857 114 876 res
138 845 303 882 mortales3
327 845 414 886 quod
431 845 577 876 illustrat.
599 848 639 877 Et

65 893 126 922 hoc
143 891 270 932 quidem
285 893 327 921 ita
343 892 404 922 dici
418 902 508 932 posse
519 915 527 930 ,
545 904 638 923 nemo

66 938 200 968 dubitet.
228 938 289 968 Sed
312 939 452 979 primum
476 939 557 968 illud
579 939 638 969 du-

66 995 157 1021 rum,
181 984 269 1024 quod
296 985 498 1015 intersertum
520 987 563 1015 ita
585 986 638 1015 da-

66 1038 119 1061 tur
133 1040 140 1061 :
156 1041 258 1060 rerum
274 1037 305 1060 ec
321 1038 459 1061 mentem
476 1033 637 1063 mortalia.

67 1078 202 1108 Sensisse
230 1076 292 1107 hoc
318 1078 446 1107 uidetur
470 1079 536 1118 ipse
561 1080 639 1108 Bur-

67 1133 215 1160 mannus3
231 1124 336 1164 itaque
349 1125 480 1164 apponit
489 1125 639 1156 alterum:

68 1176 140 1198 sunt
150 1168 311 1205 lacrima»,
332 1177 364 1199 ec
383 1181 487 1200 rerum
502 1183 544 1202 m.
559 1182 602 1202 m.
617 1179 639 1201 t.

68 1217 187 1245 Tamen
209 1215 260 1244 vel
282 1217 325 1245 sic
349 1223 455 1245 manet
481 1217 637 1253 alterum,

68 1260 154 1301 quod
167 1271 294 1290 monere
306 1262 500 1300 volebamus,
515 1271 551 1293 ut
560 1263 641 1293 illud

67 1306 155 1336 unde
176 1308 315 1346 positum
339 1318 347 1338 :
371 1309 450 1337 Sunt
473 1308 636 1345 lact-lmae,

67 1352 128 1382 sibi
140 1352 219 1393 qnid
237 1353 312 1382 velit
326 1375 334 1390 ‚
349 1363 415 1383 non
428 1354 544 1385 videas.
559 1357 641 1385 Ten-

69 1398 155 1428 tabat
182 1398 267 1428 idem
298 1400 346 1428 vir
370 1401 585 1440 sagacissimus
610 1408 643 1430 et

64 1451 196 1486 gentem
223 1444 374 1474 mortalia
406 1452 564 1487 &1123an
597 1448 640 1477 ita

67 1501 144 1520 vero
159 1492 285 1530 poetica
301 1492 347 1520 vis
359 1491 452 1532 plane
464 1493 638 1534 jugulatur.

67 1537 194 1566 Scilicet
229 1536 367 1567 accidere
400 1537 462 1568 hoc
494 1546 640 1569 nostrum

69 1583 183 1622 cuique
213 1583 310 1620 solet,
346 1590 382 1613 ut
410 1585 506 1614 semel
540 1585 639 1615 offusa

69 1630 169 1658 menti
184 1629 271 1659 nube
292 1631 328 1659 in
347 1629 464 1660 sudum
481 1641 639 1673 emergere

69 1683 271 1714 nequeamus.
293 1676 476 1707 Burmanno
488 1688 582 1708 sensu
595 1689 640 1708 ca-

70 1730 138 1748 rere
163 1720 330 1750 videbatur
363 1722 444 1752 illud
466 1733 474 1753 :
496 1723 640 1754 lacrz'mce

69 1775 183 1796 rerum.
212 1765 273 1796 Sed
294 1777 342 1795 res
365 1768 550 1808 simpliciter
580 1781 640 1809 pro

70 1811 165 1841 rebus
188 1812 336 1841 humanis
350 1836 358 1850 ‚
378 1815 501 1844 casibus
528 1823 642 1845 morta-

69 1857 148 1887 lium
161 1880 169 1895 ,
194 1865 288 1899 atque
307 1860 400 1889 etiam
422 1860 460 1890 de
475 1860 568 1890 rebus
587 1861 641 1891 ad-

69 1905 166 1933 versis
187 1906 301 1944 passim
329 1905 411 1942 dici,
438 1907 543 1936 virum
564 1907 640 1937 doc-

68 1951 224 1980 tissimum
243 1961 309 1981 non
322 1952 456 1989 latebat3
478 1960 513 1982 ut
531 1954 564 1983 in
585 1954 641 1983 illo

70 2004 224 2036 quantum
246 2008 316 2037 spes
333 1998 446 2029 ultima
467 2010 571 2029 rerum
594 2000 643 2030 Li-

69 2041 198 2072 bertatis
206 2042 326 2073 habes:³
335 2046 545 2082 Lucan.VIII‚
558 2047 638 2084 4543

71 2095 165 2119 tanta
182 2089 324 2121 homines
336 2102 440 2122 rerum
460 2092 642 2122 inconstan-

70 2135 117 2165 tia
132 2144 244 2166 versat
252 2136 347 2168 Ovid.
358 2139 436 2169 Met.
447 2140 545 2176 XIII,
561 2140 638 2175 646.

72 2200 117 2204 —
134 2183 212 2212 Sunt
223 2184 316 2212 etiam
334 2184 386 2213 hic
400 2185 559 2221 Iacrimae,
577 2186 640 2215 hoc

72 2235 117 2258 est
137 2230 310 2268 miseratio,
333 2241 435 2261 rerum
445 2243 460 2269 ,·
482 2231 640 2263 deflentur

691 441 739 459 res
750 452 758 467 ,
773 430 891 459 scilicet
912 441 999 460 casus
1022 430 1173 468 humani;
1190 439 1264 461 suut

691 476 743 505 hic
767 483 912 516 pectora,
940 488 1011 518 quae
1039 477 1180 507 lacrimas
1206 479 1264 507 im-

691 524 827 563 pertiant
848 525 970 553 casibus
991 532 1021 554 et
1038 523 1265 553 calamitatibus

692 569 838 599 aliorum.
850 571 894 599 Ec
903 577 1040 600 mentem
1052 570 1186 599 moralia
1198 578 1267 600 can-

689 622 789 656 gtmc,
815 623 846 645 et
859 627 907 645 res
919 617 1066 645 humanae
1089 626 1240 657 casusque
1255 640 1263 654 ‚

692 661 809 701 quibus
831 663 940 699 jactari
965 662 1067 692 solent
1099 664 1264 700 mortales,

693 706 836 736 afliciunt
854 707 1019 737 homimmi
1031 731 1039 744 ‚
1064 709 1119 747 qui
1138 708 1193 737 has
1207 716 1268 738 ter-

694 763 742 782 ras
770 752 969 790 inhabitant,
996 755 1117 783 animos
1142 755 1268 785 misera-

693 800 789 829 tione.
815 800 883 829 Tali
908 800 1168 840 interpretatione
1194 803 1267 831 satis

691 845 772 875 lucis
793 846 931 875 affusum
952 846 1095 876 versibus
1118 846 1267 884 videtur3

692 893 753 922 nisi
778 892 926 922 fallimur.
944 892 1028 922 Illud
1047 903 1120 922 vero
1133 894 1265 933 praecla-

692 948 781 976 rum,
808 938 898 979 quod
918 939 1124 968 humanitatis
1143 940 1266 970 cultum

692 995 732 1014 ex
751 986 929 1025 conspectis
942 986 1016 1015 artis
1034 985 1184 1025 operibus
1195 1009 1203 1023 ,
1227 997 1267 1016 ex

692 1041 867 1071 eorumque
894 1033 1102 1073 argumentis,
1127 1032 1267 1073 colligit;

692 1077 800 1117 paullo
829 1077 919 1107 aliter
945 1088 1041 1118 quam
1065 1078 1266 1118 Aristippus,

693 1124 748 1163 qui
760 1145 767 1159 ‚
792 1123 954 1164 naufragio
968 1123 1006 1152 ad
1020 1123 1170 1155 Rhodum
1192 1135 1266 1153 cum

694 1176 863 1206 enatasset,
887 1171 1063 1210 conspectis
1075 1171 1110 1200 in
1123 1170 1216 1200 litore
1231 1169 1270 1199 fi-

694 1217 781 1255 guris
808 1217 1024 1256 geometricis,
1049 1216 1136 1246 bono
1161 1217 1267 1246 animo

693 1272 759 1291 esse
786 1262 880 1299 jussit
913 1264 1059 1298 comites,
1099 1261 1267 1292 hominum

694 1308 778 1337 enim
799 1318 832 1337 se
846 1309 972 1349 vestigia
987 1308 1094 1338 videre
1110 1317 1118 1338 z
1136 1309 1266 1339 Vita-tv,

692 1353 750 1384 lib.
768 1355 833 1389 VI,
858 1355 946 1394 praef.
969 1355 1181 1384 Imitationem
1203 1354 1267 1384 loci

692 1398 789 1429 habes
812 1401 847 1429 in
869 1400 974 1431 Valer.
995 1401 1127 1438 Flacco,
1149 1401 1206 1430 lib.
1230 1403 1266 1437 Ι,

696 1447 760 1483 723
771 1469 778 1482 ‚
793 1451 869 1483 724.
881 1463 928 1470 ·—
940 1448 1016 1482 463.
1038 1448 1158 1476 Mecum
1173 1447 1267 1476 multi

692 1493 803 1532 scripti
825 1499 855 1522 et
876 1492 962 1523 editi.
977 1493 1101 1524 Scilicet
1119 1492 1181 1522 hoc
1198 1493 1268 1522 vul-

692 1547 766 1578 gare
789 1545 821 1568 et
841 1539 979 1579 pedestri
1006 1540 1142 1570 orationi
1169 1541 1268 1579 magis

693 1591 951 1615 consentaneum.
968 1587 1016 1615 Ita
1031 1587 1124 1615 etiam
1142 1585 1269 1615 doctius

692 1629 797 1662 dixit:
813 1632 932 1661 solvere
955 1640 1072 1662 metum
1092 1643 1187 1672 quam
1209 1632 1268 1661 sol-

693 1687 726 1706 νε
739 1685 823 1706 metu
838 1688 882 1708 sc.
897 1678 1048 1708 animum.
1067 1696 1111 1701 —-
1127 1677 1268 1718 Hoecfa-

694 1733 766 1758 ma,
795 1724 882 1764 quod
904 1725 1120 1762 Trojanorum
1146 1724 1267 1753 calami-

695 1776 770 1798 tates
790 1770 825 1798 in
844 1770 894 1799 his
915 1770 990 1810 ipsis
1007 1772 1097 1800 terris
1117 1771 1266 1799 innotue-

694 1821 788 1851 runt,
822 1815 884 1845 hoc
907 1815 1001 1844 nobis
1023 1816 1139 1845 horum
1162 1815 1265 1845 homi-

693 1870 773 1889 num
804 1862 924 1890 animos
955 1861 1065 1891 reddet
1098 1862 1264 1901 propitios,

695 1905 772 1942 Sed,
799 1917 871 1936 cum
893 1907 1010 1944 majore
1036 1907 1266 1938 benevolentia:

694 1951 919 1992 sigificatione,
945 1953 984 1982 ad
1007 1954 1161 1984 Achatem
1189 1955 1267 1983 ami-

696 2008 770 2028 cum
784 1999 891 2029 retulit
907 2008 915 2029 :
933 1998 999 2030 tibi.

745 2046 821 2082 464.
838 2046 965 2083 Pascit,
985 2045 1144 2084 βουκολεῖ;
1158 2052 1195 2075 ut
1211 2057 1265 2087 spe

695 2100 774 2122 vana
788 2093 883 2132 pasci
899 2092 1046 2124 dicimur.
1063 2095 1199 2122 Inanem
1215 2103 1268 2133 ap-

693 2139 789 2178 pellat
813 2139 953 2180 epitheto
977 2150 1094 2170 ornans
1115 2150 1131 2169 a
1154 2146 1266 2169 natura

693 2187 782 2222 artis,
800 2196 867 2215 non
890 2187 972 2226 ipsas
993 2197 1060 2224 res,
1087 2185 1141 2215 sed
1159 2196 1266 2215 rerum

692 2232 842 2274 imagines
872 2242 1064 2274 quocunque
1092 2232 1189 2262 modo
1219 2242 1267 2262 re-
