1433 2460
580 125 702 156 LIBER
727 125 770 155 ΙΙ.

1215 133 1273 152 111

132 184 196 218 Est
216 181 253 217 in
274 189 478 231 conspectu
494 182 685 227 Tenedos,
706 182 901 219 notissima
918 182 1015 219 sama

79 241 222 287 Insula,
244 241 348 278 dives
369 254 503 291 opum,
521 243 659 279 Priami
681 241 771 279 dum
789 251 904 292 regna
924 240 1143 288 manebant;

77 304 188 339 Nunc
207 310 352 339 tantum
369 303 491 348 sinus,
508 312 545 340 et
560 303 672 341 statio
688 304 784 340 male
806 303 878 340 {ida
900 303 1048 340 carinis.

77 364 164 399 Huc
179 376 218 400 sc
234 364 406 413 provecti
424 364 574 401 deserto
590 364 629 400 in
644 365 755 401 litore
772 364 939 406 condunt
954 377 962 399 ε

77 425 156 460 Nos
177 423 313 461 abiisse
331 424 424 470 rati,
445 433 481 461 ct
498 433 613 461 vento
633 425 785 474 petiisse
800 428 990 473 Mycenas.
1248 433 1277 456 25

77 484 179 532 Ergo
200 483 320 520 omnis
343 483 456 532 longo
477 483 588 520 solvit
608 496 647 520 sc
664 483 826 520 Teucria
846 483 961 519 luctu.

77 542 299 580 Panduntur
315 553 452 592 portae3
467 544 575 592 juvat
591 544 666 589 ire,
687 552 723 580 et
738 544 880 580 Dorica
897 553 1018 580 castra
1030 571 1040 588 ,

76 604 332 652 Desertosquc
348 602 478 639 vidcrc
498 602 599 640 locos
616 631 626 649 ‚
646 603 810 652 litusque
828 603 1012 639 relictum.

76 661 148 698 Hic
167 662 358 712 Dolopum
378 674 528 707 manus,
548 662 610 698 hic
629 675 750 699 saevus
772 661 949 698 tendebat
969 660 1151 706 Achilles3

77 825 193 855 equum
215 815 383 851 extulerit,
401 815 530 855 ejusque
550 816 652 845 notio-

75 871 148 890 nem
179 872 274 901 quam
303 860 436 891 mirifice
467 862 650 899 variaverit3

75 907 162 947 quod
183 909 246 945 jam
275 909 362 938 Serv.
393 907 430 937 ad
459 918 488 938 ν.
523 909 588 938 230
619 915 650 938 et

76 953 177 984 Cerda
201 953 240 983 ad
264 953 352 984 hunc
379 954 486 984 locum
505 955 646 991 monuit,

74 1007 111 1030 ut
126 1010 312 1036 cavernam,
332 1008 470 1035 uterum,
489 1000 643 1036 latebras,

73 1056 201 1076 curvam
217 1046 422 1088 compagibus
437 1046 542 1076 alvum
557 1054 588 1077 et
602 1048 646 1077 sic

74 1102 182 1132 porro.

124 1149 141 1168 2
152 1140 272 1169 1—23.
286 1139 429 1169 Tenedos
440 1140 541 1169 insula
551 1162 558 1176 ‚
570 1140 646 1170 olim

72 1185 290 1225 Leucophrys,
312 1196 387 1226 agro
406 1187 544 1223 Trojano
565 1197 645 1226 prae-

72 1237 169 1267 tenta,
182 1233 236 1262 XL
249 1231 354 1261 stadiis
368 1242 384 1261 a
399 1233 582 1262 continente
594 1233 646 1262 al)-

70 1283 126 1306 est.
145 1277 241 1307 Dives
262 1288 355 1318 opum
375 1285 506 1318 propter
521 1278 641 1308 incola-

69 1332 142 1352 rum
170 1322 317 1360 disicias3
343 1325 404 1353 nisi
425 1323 464 1353 ad
490 1324 642 1365 templum

67 1370 204 1399 maxime
229 1370 388 1410 Apollinis
409 1370 564 1401 Sminthei
592 1382 640 1401 re-

67 1415 180 1455 spicit,
203 1416 291 1456 quod
315 1418 350 1446 in
373 1417 476 1446 insula
499 1424 582 1454 erat,
600 1418 638 1448 Il.

69 1470 106 1497 οι,
120 1462 172 1492 38.
190 1462 326 1499 Eodem,
343 1463 431 1502 quod
441 1463 640 1493 notissimam

64 1506 181 1547 (fiaema
194 1510 318 1549 poetice
331 1510 436 1550 ornat)
450 1517 559 1548 vocat,
572 1521 641 1550 per-

68 1553 168 1584 tinere
192 1562 282 1595 puto.
299 1556 392 1585 Nunc
415 1563 537 1586 tantum
556 1556 640 1586 sinus

68 1606 100 1628 ee
110 1600 222 1636 scatio,
240 1601 273 1631 h.
291 1612 318 1631 e.
333 1612 366 1630 ea
384 1603 521 1632 vastities
539 1603 573 1632 in
589 1604 639 1632 in-

66 1645 135 1674 sula
155 1646 250 1684 facta,
275 1653 311 1677 ut
331 1658 365 1676 ea
387 1647 449 1678 hoc
474 1659 541 1678 uno
564 1655 640 1678 nota

66 1691 124 1727 sit,
139 1691 226 1731 quod
239 1703 333 1722 naves
348 1700 530 1734 tempestate
542 1695 639 1732 jacta-

67 1742 106 1765 tae
124 1737 158 1766 in
181 1737 312 1767 litorum
331 1749 472 1775 recessu,
488 1750 584 1779 quem
600 1739 640 1769 si-

67 1792 142 1812 num
171 1784 308 1824 appellat
322 1807 330 1820 ‚
359 1785 547 1820 stationem,
583 1787 641 1814 etsi

58 1839 176 1868 parum
200 1837 320 1865 tutam,
346 1829 493 1861 habeant.
519 1831 640 1861 Eodem

65 1885 142 1905 mox
157 1883 277 1916 spectat
290 1876 446 1906 desertum
463 1877 553 1912 litus,
574 1888 639 1918 quo

65 1921 211 1951 condunt
234 1933 266 1952 se
294 1923 422 1952 Achixi.
448 1923 639 1954 Dubitatum

63 1977 129 1997 ὅδε
145 1967 254 2005 video,
270 1980 384 1998 verene
399 1969 467 1999 haec
484 1976 514 1999 et
530 1981 570 2000 ex
586 1981 639 1999 na-

64 2011 134 2043 t'ura
154 2015 280 2055 situque
295 2016 440 2045 locorum
456 2015 539 2046 dicta
563 2018 637 2047 sint.

63 2061 158 2090 Nunc
182 2067 289 2091 autem
314 2073 371 2103 per
396 2073 468 2100 eos,
494 2064 551 2103 qui
570 2063 639 2093 haec

64 2105 135 2135 loca
150 2106 316 2145 adierunt,
337 2110 372 2138 in
398 2111 568 2150 compertis
582 2109 637 2139 ha-

63 2150 126 2182 beo
133 2174 148 2190 ,A
158 2163 200 2184 ex
214 2153 292 2184 locis
313 2155 392 2192 illis,
408 2165 480 2196 quae
502 2156 554 2185 Ilii
568 2167 636 2186 ves-

65 2198 149 2238 tigiis
168 2201 318 2242 assignari
331 2201 453 2238 solent,
469 2202 636 2232 Tenedum

62 2242 148 2275 haud
189 2245 286 2278 dubie
321 2249 479 2290 prospici;
503 2255 534 2279 et
566 2260 633 2285 esse

705 815 739 844 in
761 816 826 853 ejus
846 814 941 844 litore
965 814 1092 844 australi
1108 815 1275 844 stationem

704 863 853 898 navium,
879 871 951 901 quae
982 871 1090 890 earum
1124 871 1276 901 conspec-

704 914 773 937 tum
796 907 898 937 oculis
930 918 970 938 ex
992 907 1053 938 Ilio
1081 909 1276 948 prospicien-

703 955 782 984 tium
797 954 921 994 eripiat.

750 1001 910 1031 25—30.
931 1002 1088 1040 ,Ἰζνεεηαε
1109 1010 1170 1040 pro
1203 1000 1274 1030 vul-

699 1049 766 1088 gari
780 1070 788 1084 ‚
824 1047 989 1077 Graeciam.
1021 1049 1143 1082 Vento,
1177 1053 1275 1076 vento

700 1093 852 1123 secundo.
864 1092 976 1122 Omnis
988 1092 1119 1123 Teucria
1128 1103 1172 1122 sc.
1181 1103 1273 1134 gens,

700 1141 743 1169 ait
759 1141 843 1170 Serv.
855 1162 863 1177 ‚
880 1150 989 1169 omnes
1009 1140 1119 1178 utique
1132 1139 1274 1176 l'rojani.

699 1186 810 1217 Malim
827 1185 865 1215 de
889 1185 1022 1226 regione
1047 1186 1199 1225 accipere.
1222 1186 1274 1216 Sic

700 1232 892 1267 Dardania,
911 1242 942 1262 v,
968 1243 994 1262 c.
1019 1232 1083 1261 282
1095 1254 1103 1268 ,
1121 1241 1181 1271 pro
1193 1232 1270 1271 ipsis

696 1280 836 1309 Teucris.
853 1277 953 1313 Solvit
974 1289 1007 1307 se
1037 1278 1121 1307 luctu
1131 1288 1142 1306 .·
1155 1278 1269 1316 exqui-

694 1325 784 1354 sitius
797 1334 910 1365 quarn,
930 1324 1068 1359 solvere,
1089 1323 1248 1364 deponere
1260 1346 1269 1359 ‚

694 1369 787 1401 finire
808 1372 943 1401 luctum.
965 1370 1090 1399 Solvere
1109 1377 1214 1399 autem
1231 1369 1270 1399 de

694 1418 779 1447 luctu
809 1417 948 1453 dictum,
977 1417 1128 1457 quoniam
1159 1415 1269 1452 dolor,

694 1465 822 1494 tristitia
831 1486 839 1501 ‚
849 1473 978 1500 moeror,
991 1462 1157 1503 congelare
1167 1485 1175 1499 ‚
1191 1472 1268 1492 con-

694 1510 816 1540 trahere
833 1534 842 1548 ,
871 1509 1064 1549 adstringere
1077 1532 1085 1545 ,
1123 1509 1265 1543 vincire,

694 1557 857 1587 dicuntur.
883 1556 968 1586 conf.
991 1557 1204 1585 Burmannus.
1222 1572 1269 1577 —

695 1613 749 1641 27.
767 1602 889 1632 Dorica
909 1610 1026 1632 castra.
1048 1601 1152 1631 Habet
1173 1601 1236 1632 hoc
1253 1612 1269 1631 3

693 1649 865 1679 serioribus
900 1649 1013 1689 poetis,
1045 1649 1206 1677 Homerus
1227 1649 1269 1677 A-

694 1695 798 1725 chaeos
806 1718 815 1732 ‚
826 1696 964 1735 Argivos
977 1694 1029 1724 vel
1039 1695 1167 1724 Danaos
1177 1716 1186 1730 ‚
1204 1703 1269 1723 me-

693 1748 805 1771 morat.
820 1743 942 1770 Dorum
958 1740 1055 1770 nullae
1071 1740 1159 1768 fuere
1175 1749 1268 1779 opes,

694 1788 755 1816 nisi
783 1794 951 1826 postquam
990 1796 1064 1815 cnm
1092 1785 1266 1814 Heraclidis

693 1833 728 1861 in
743 1833 999 1872 Peloponnesum
1021 1830 1248 1861 descenderant
1258 1854 1267 1868 ‚

693 1880 813 1909 LXXX
838 1879 929 1907 annis
959 1885 1030 1917 post
1048 1878 1177 1915 Trojam
1196 1887 1269 1918 eap-

693 1931 767 1954 tam.
782 1926 881 1954 Porro
897 1923 1029 1953 observa
1043 1924 1204 1964 poeticum
1216 1934 1268 1953 or-

692 1978 803 2000 natum
817 1981 847 2001 v.
867 1981 906 2007 27
922 1993 930 2007 ‚
947 1970 987 2000 28
1003 1980 1062 2010 pro
1073 1992 1081 2007 ,
1096 1977 1204 1999 castra
1217 1970 1269 2000 dc-

693 2024 777 2046 serta
796 2024 828 2046 et
846 2016 970 2047 relicta.
992 2018 1151 2046 Homerus
1173 2017 1267 2046 etiam

692 2063 754 2093 hoc
768 2063 876 2100 addit,
891 2063 998 2092 castris
1018 2062 1058 2092 ab
1072 2063 1148 2103 ipsis
1165 2062 1266 2092 Achi-

693 2111 740 2139 vis
758 2109 853 2139 fuisse
871 2110 976 2150 ignem
989 2109 1188 2147 subjectum,
1201 2109 1264 2140 Od.

693 2156 707 2185 θ
718 2179 726 2193 ,
760 2157 801 2186 50
812 2167 836 2186 1.
870 2157 1019 2196 Sequitur
1051 2155 1086 2185 id
1124 2157 1266 2196 Quintus

689 2203 754 2234 Cal.
776 2203 839 2232 XII
850 2225 859 2240 ‚
876 2203 916 2232 33
927 2212 939 2232 1
958 2209 990 2233 et
1004 2203 1066 2241 303
1083 2201 1263 2243 Tryphiod.

688 2260 718 2280 v.
747 2249 829 2286 138,
858 2259 920 2288 ²07
947 2260 1015 2290 sqq.
1040 2256 1071 2289 et
1095 2249 1263 2279 ceteri.—
