1402 2460
569 130 691 161 LIBER
717 131 775 159 IV.

1211 134 1273 173 337

76 193 178 230 Felix
191 222 200 239 ‚
216 192 292 229 heu
309 190 469 227 nimium
491 189 599 235 felix,
615 189 646 226 si
664 188 778 225 litora
799 197 945 226 tantum

76 255 281 302 Nunquam
297 250 499 289 Dardaniae
521 249 730 300 tetigissent
750 258 880 287 nostra
898 249 1051 288 carinae!
1069 266 1084 282 »

74 314 200 360 Dixit3
220 322 276 359 et,
297 325 338 350 os
354 312 536 363 impressa
554 320 639 348 toro
658 324 666 346 ε
688 328 703 344 «
716 310 928 348 Moriemur
944 311 1091 349 inultae!

75 374 151 411 Sed
171 373 401 421 moriamur,
417 373 480 410 ait.
503 373 585 419 Sic,
603 374 655 410 sic
667 372 778 423 juvat
798 372 854 409 irc
872 372 942 409 sub
964 372 1129 410 umbras.

1224 382 1273 406 660

75 435 236 472 Hauriat
252 434 354 472 hunc
372 435 491 472 oculis
506 433 631 484 ignem
647 433 811 471 crudelis
828 433 876 470 ab
893 433 969 471 alto

72 494 292 540 Dardanus,
314 503 351 531 et
372 503 510 532 nostrae
530 506 657 531 secum
676 493 772 530 ferat
793 493 919 530 omina
937 494 1082 532 mortis.
1099 511 1114 528 n

123 553 294 591 Dixerat.
311 558 437 603 Atque
457 554 558 591 illam
578 553 704 590 media
723 553 823 590 inter
845 553 932 590 talia
954 553 1056 590 ferro

69 614 294 665 Conlapsam
315 614 530 665 adspiciunt
545 614 720 660 comites,
741 626 944 664 ensemque
966 625 1102 650 cruore

59 773 168 815 fratre
181 775 307 815 Hugen.
319 776 419 805 Porro
435 775 544 804 Burm.
560 774 644 813 conj.

71 823 186 850 Poenos
208 820 339 850 inimico
357 831 377 849 α
390 819 500 862 fratre
519 819 642 860 recepi,

68 868 231 908 ingeniose
243 866 373 907 quidem
383 889 392 904 ,
408 866 464 896 sed
477 867 571 896 nimis
584 867 646 895 for-

68 920 109 942 te.
129 912 270 943 Tandem
294 919 356 942 tres
375 912 461 954 apud
484 913 593 943 Burm.
611 922 642 942 V.

68 959 135 989 656
154 958 353 989 antecedenti
374 965 578 999 praeponunt.
597 975 645 981 —-

68 1006 147 1044 657.
170 1005 265 1035 Felix
284 1004 368 1035 heu!
391 1005 560 1045 Comparat
578 1007 646 1036 Ser-

67 1053 138 1082 vius
155 1051 270 1083 Catull.
291 1052 334 1087 64
345 1074 354 1088 ‚
378 1062 414 1089 17
425 1062 437 1080 1
457 1061 524 1091 sqq.
536 1074 544 1088 ,
561 1058 592 1082 et
606 1051 645 1081 de

67 1098 244 1128 imitatione
259 1099 349 1129 Statii
366 1099 414 1127 III
435 1097 511 1127 Silv.
535 1099 552 1127 3
565 1121 573 1135 ‚
602 1098 644 1127 25

68 1143 142 1174 vide
159 1145 269 1174 Burm.
283 1145 387 1174 Etiam
402 1143 556 1182 Apollon.
578 1145 625 1174 IV
636 1165 644 1180 ‚

71 1191 112 1220 33
125 1212 133 1227 ,
149 1189 205 1220 sed
218 1190 324 1219 minus
341 1196 463 1220 ornate.

117 1236 312 1276 659-662.
325 1237 443 1266 Iterum
455 1236 550 1265 animi
565 1245 647 1276 mag-

69 1284 104 1313 ni
120 1290 152 1313 et
165 1282 295 1323 superbi
309 1282 388 1319 hoc,
404 1289 441 1312 ut
451 1306 460 1320 ,
478 1282 646 1323 ingloriam

69 1336 101 1359 et
113 1329 249 1359 inultam
269 1339 301 1359 se
323 1329 416 1365 mori,
429 1328 492 1358 hoc
509 1328 560 1357 vel
582 1338 645 1358 ma-

70 1377 155 1406 xime
168 1383 299 1417 pungat.
315 1375 458 1405 Tandem
471 1384 531 1415 pro
550 1374 645 1405 ultio-

70 1433 110 1453 ne
138 1422 276 1452 habetur
303 1421 412 1451 saltem
439 1421 502 1451 hoc
513 1443 522 1458 ‚
556 1421 645 1461 quod

72 1475 279 1509 conspectum
295 1478 360 1498 suae
375 1469 504 1503 mortis,
524 1474 556 1498 et
571 1477 644 1497 cum

69 1516 132 1545 hoc
146 1514 325 1555 spectaculo
337 1512 481 1554 perfidiae
490 1515 645 1553 poeniten-

71 1563 166 1597 tiam,
188 1561 350 1599 objectum
370 1561 410 1589 iri
432 1562 540 1590 AEneae
559 1560 644 1600 cogi-

71 1615 125 1639 tat.
148 1609 190 1637 Os
207 1607 360 1648 impressa
374 1613 461 1642 toro,
487 1605 555 1636 scil.
571 1616 644 1646 per-

71 1656 132 1684 cita
144 1655 252 1684 furore
263 1676 272 1691 ,
295 1653 394 1683 salute
415 1651 577 1692 desperata
587 1674 595 1689 ,
615 1659 647 1682 et

70 1708 173 1732 morte
195 1700 311 1730 vicina.
334 1700 408 1730 Non
431 1700 516 1729 enim
534 1699 560 1727 is
581 1705 646 1727 erat

67 1749 132 1786 jam
149 1747 264 1777 mentis
284 1745 432 1781 habitus,
454 1751 492 1774 ut
512 1754 646 1774 exoscu-

69 1794 127 1823 lari
141 1793 209 1823 illas
223 1794 353 1822 exuvias
362 1791 443 1821 velle
458 1790 559 1820 videri
575 1801 645 1831 pos-

70 1846 135 1876 set,
156 1849 260 1878 neque
278 1838 374 1867 verba
386 1859 394 1874 ,
420 1847 491 1877 quae
510 1836 642 1873 effatur,

69 1886 129 1915 tale
155 1884 234 1925 quid
257 1890 411 1925 arguunt;
437 1883 492 1912 sed
511 1893 565 1912 ore
588 1884 644 1912 im-

69 1942 177 1972 presso
190 1953 199 1968 ,
221 1940 287 1970 prae
307 1930 402 1959 animi
420 1929 530 1958 dolore
546 1930 581 1959 in
597 1935 644 1959 to-

69 1988 142 2007 rum
154 2000 162 2014 ,
177 1977 230 2006 cui
242 1976 373 2006 incubat
384 1998 392 2012 ‚
406 1976 545 2005 immisso
555 1998 563 2013 ,
577 1975 644 2005 haec

70 2024 243 2064 eloquitur.
258 2040 305 2045 -
318 2023 384 2052 660
396 2044 405 2059 ‚
431 2022 510 2052 661.
538 2021 645 2052 Inulta

70 2071 205 2106 moriar;
221 2069 317 2099 modo
332 2070 377 2098 sic
392 2069 520 2105 moriar,
539 2075 575 2097 ut
590 2067 645 2097 sal-

71 2122 135 2145 tem
157 2114 210 2145 ine
230 2115 356 2145 hauriat
379 2121 439 2145 etc.
465 2117 553 2144 Inter
576 2113 644 2143 haec

70 2161 167 2191 verba
190 2171 296 2190 ensem
314 2161 352 2191 ab
374 2161 428 2191 illa
452 2161 575 2202 pectori
592 2171 645 2201 ap-

73 2208 187 2247 plicari
212 2214 299 2247 puta.
330 2207 505 2238 Dardanus
533 2207 644 2248 paullo

74 2253 262 2284 insolentius
284 2263 343 2294 pro
368 2253 566 2292 Dardanius,
592 2253 646 2284 sed

204 2319 253 2354 ΙΙ.

701 779 731 803 et
749 773 909 803 Homerus
924 782 931 804 :
948 770 1107 816 Δάρδανος
1130 770 1226 816 ἀνῆρς
1248 782 1279 804 et

699 820 744 848 sic
772 819 842 849 alia.
858 836 904 842 --
918 819 997 850 662.
1023 820 1216 860 Splendide:
1237 830 1278 850 ex

700 874 777 894 meae
792 866 904 894 mortis
917 865 1037 896 indicio
1052 876 1087 895 ac
1102 867 1218 896 nuntio
1232 867 1278 896 in-

698 910 839 941 faustum
863 921 958 941 omen
981 914 1133 952 navigans
1156 913 1210 942 ille
1234 923 1278 942 se-

699 967 773 987 cum
794 957 934 988 auferat!
961 959 1007 989 Sit
1030 959 1077 988 illi
1098 959 1194 988 ferale
1215 959 1277 989 hoc

698 1004 914 1044 spectaculum
954 1015 1014 1045 pro
1050 1005 1179 1035 sinistro
1218 1007 1278 1035 viae

699 1060 816 1081 omme.

747 1096 826 1126 663.
842 1096 950 1125 Alledio
964 1096 1101 1127 Dorvill.
1120 1108 1136 1127 a
1155 1108 1198 1128 m.
1214 1109 1276 1129 sec,

699 1141 844 1172 ,Mediam
869 1142 932 1183 legi
959 1150 1092 1172 testatur
1118 1144 1276 1183 Taubm.,

700 1199 741 1217 ex
753 1191 909 1229 Pompon.
921 1189 993 1220 Sah.
1007 1196 1098 1229 puto.
1113 1191 1180 1220 Etsi
1193 1192 1279 1220 enim

700 1245 717 1264 e
741 1235 887 1266 Mediceo
901 1236 1046 1277 Fogginii
1069 1235 1152 1266 nihjl
1170 1247 1279 1266 occur-

700 1282 762 1319 rit,
790 1283 832 1311 ait
859 1289 964 1312 tamen
986 1282 1040 1312 ille
1063 1292 1071 1313 :
1101 1296 1117 1308 «
1135 1283 1276 1312 mediam

699 1327 774 1368 legit
799 1328 1025 1368 Apronianus3
1046 1338 1139 1366 nam,
1164 1330 1222 1369 qui
1245 1341 1277 1359 se

700 1374 883 1411 transfodit,
909 1374 1033 1404 medius
1060 1374 1188 1405 videtur
1212 1386 1278 1405 esse

698 1419 804 1462 gladii.
827 1435 843 1446 »ι
859 1421 954 1451 Silius
973 1423 1006 1457 Ι,
1033 1421 1096 1459 307
1132 1421 1279 1451 Concidit

699 1466 811 1496 exacti
835 1466 957 1496 medius
971 1477 1034 1506 per
1056 1466 1186 1497 viscera
1210 1468 1276 1498 teli.

698 1513 833 1554 Recepit
867 1512 1009 1543 Brunck.
1044 1515 1277 1544 correctionem

698 1559 889 1599 Aproniani.
903 1577 950 1582 -
963 1560 1029 1590 663
1041 1578 1086 1584 --
1097 1561 1175 1591 665.
1194 1561 1278 1590 Vide

698 1604 822 1635 facinus
842 1605 1037 1636 declaratum
1052 1607 1091 1636 ab
1106 1608 1144 1636 iis
1163 1607 1275 1643 rebus,

700 1661 772 1691 quae
800 1653 938 1682 maxime
967 1654 1102 1693 legentis
1135 1655 1276 1683 animum

698 1697 875 1737 impellant,
892 1705 923 1728 et
938 1699 1044 1729 verbis
1057 1700 1276 1730 ornatissimis.

698 1744 773 1774 Non
804 1744 915 1774 vident
946 1744 1034 1775 illam
1065 1756 1098 1775 se
1128 1745 1280 1776 transadi-

697 1796 824 1830 gentem
842 1790 946 1829 ferro,
973 1791 1028 1821 sed
1040 1791 1134 1833 fi’rro
1153 1792 1276 1832 collap-

698 1845 782 1871 sam,
805 1843 836 1866 et
852 1835 916 1867 hoc
938 1845 1060 1877 quanto
1081 1838 1153 1879 plus
1179 1849 1277 1879 quam

698 1881 890 1924 transfixam
905 1885 918 1912 !
932 1891 964 1913 et
975 1892 1176 1924 spumantem
1186 1885 1258 1925 plus
1266 1907 1274 1922 ,

698 1938 794 1967 quam
835 1929 970 1960 tinctum
1009 1941 1119 1961 cruore
1155 1942 1276 1961 ensem.

699 1975 784 2004 Bene
803 1976 897 2005 etiam
921 1978 1048 2007 Servius
1062 1987 1071 2009 :
1085 1978 1162 2007 Non
1186 1977 1277 2007 indu-

698 2019 751 2050 xit
767 2021 961 2052 occidentem
980 2033 1031 2059 se,
1057 2023 1117 2053 sed
1137 2023 1279 2053 ostendit

700 2066 835 2097 occisam
854 2079 864 2097 .·
882 2068 969 2099 addit
982 2069 1036 2099 ille
1052 2078 1062 2100 .·
1082 2075 1115 2100 ετ
1132 2068 1192 2099 hoc
1214 2077 1276 2100 tra·
1296 2105 1300 2108 ,

695 2112 770 2153 gico
782 2113 869 2155 secie
887 2115 1058 2156 exemplo,
1082 2116 1174 2157 apud
1195 2127 1275 2158 quos

698 2158 884 2202 (tragicos)
907 2172 971 2191 non
992 2162 1140 2199 videtur,
1165 2174 1274 2204 quem-

699 2206 872 2237 admodum
886 2207 932 2252 fic
955 2209 1076 2245 coedes,
1102 2209 1161 2239 sed
1175 2209 1275 2250 facta

701 2261 859 2286 narratur.
871 2272 917 2278 —
927 2255 1003 2291 664.
1022 2255 1194 2296 Accipz‘unc
1209 2256 1273 2285 duo

1066 2332 1113 2368 29
