1433 2460
604 91 725 121 LIBER
751 92 776 120 1.
1251 96 1263 110 Γ

1250 108 1290 135 ι’9

91 172 105 186 «ι
125 151 304 201 Quisquis
325 163 382 196 es,
400 148 522 195 haud,
540 149 675 196 credo,
692 149 835 186 invisus
856 150 1070 189 coelestibus
1089 165 1200 191 auras

90 213 229 250 Vitales
250 210 394 260 carpis,
414 211 569 260 Tyriam
584 210 650 260 qui
670 210 868 251 adveneris
885 210 1031 249 urbem.

90 278 206 324 Perge
221 272 335 309 modo
347 300 356 318 ‚
375 281 488 321 atque
506 271 595 308 hinc
612 279 648 307 te
664 271 803 321 reginae
823 271 869 308 ad
888 272 1016 309 limina
1035 274 1171 323 perfer.

89 336 261 383 Namque
282 331 352 369 tibi
366 332 526 369 reduces
543 331 665 369 socios
681 332 913 382 classemque
932 334 1088 371 relatam
1244 343 1291 376 390

89 394 252 440 Nuntio,
268 401 306 430 et
325 393 364 430 in
384 401 508 434 tutum
530 393 648 431 versis
664 392 906 443 aquilonibus
928 402 1068 441 actam,

88 455 138 492 Ni
160 455 300 492 frustra
322 454 630 504 augurium‘vani
652 454 817 491 docuere
836 465 1022 504 parentes.

89 513 254 565 Adspice
271 513 329 551 bis
348 527 456 551 senos
475 514 633 550 laetantis
649 514 797 563 agmine
818 527 975 563 cycnos,

89 572 260 610 AEtheria
278 586 373 623 quos
394 574 497 623 lapsa
516 574 626 624 plaga
643 574 747 611 Jovis
764 574 839 611 ales
855 584 988 625 aperto

90 633 285 671 Turbabat
302 634 414 681 coelo;
434 647 534 671 nunc
553 644 669 673 terras
687 634 821 672 ordine
838 635 951 684 longo
1244 646 1292 678 395

140 788 224 825 387,
246 788 323 817 388.
350 789 478 817 Ornate.
501 790 530 818 O
554 797 663 817 carum

93 842 122 864 te
135 834 256 875 superis
267 856 275 870 ‚
291 844 363 863 cum
375 833 595 874 Carthaginem
609 833 663 863 de-

92 881 172 911 latus
185 881 225 909 sis
237 881 243 909 !
265 881 428 920 Expressit
442 887 546 910 autem
564 880 645 910 illud
655 903 664 918 ‚

92 926 181 968 quod
195 927 361 966 aliquoties
373 926 459 967 apud
469 928 645 957 Homerum
657 937 664 958 :

93 974 127 1004 οὐ
144 969 207 1016 γὰρ
225 970 277 1003 ὀΐω
293 971 338 1003 Οὔ
352 983 385 1002 σε
401 973 475 1003 θεῶν
493 971 601 1007 ἀέκητι
614 985 666 1018 γε·

94 1019 197 1050 νέσθαι
218 1030 252 1049 τε
280 1018 436 1062 τραιφέμεν
463 1030 507 1050 τε.
535 1022 579 1051 Ut
603 1021 665 1052 Od.

95 1078 116 1110 γ
128 1090 135 1104 ,
155 1076 207 1104 27.
224 1066 346 1096 Vitales
365 1077 462 1095 auras
479 1078 520 1096 ex
536 1068 666 1107 antiquo

94 1123 239 1143 sermone
254 1112 366 1150 habet,
385 1124 414 1143 v.
432 1124 459 1144 e.
475 1124 526 1154 ap.
540 1115 665 1144 Lucret.

96 1161 159 1195 ΙΙΙ,
176 1160 241 1195 406
255 1166 286 1188 et
302 1159 340 1189 al.

142 1206 218 1245 389.
236 1205 291 1234 Ad
304 1206 421 1235 omittit
434 1205 585 1236 Rottend.
603 1217 664 1236 sec.

94 1252 178 1292 quod
194 1252 275 1281 forte
289 1251 423 1281 doctius.
438 1253 544 1292 Teque
554 1251 629 1281 hinc
641 1264 666 1282 r.

94 1297 235 1329 Parrhas.
250 1304 281 1327 et
294 1300 375 1328 Ven.
392 1297 480 1337 quod
493 1305 539 1327 est
552 1298 666 1329 lenius.

94 1345 152 1374 Ad
158 1344 282 1373 lumina
295 1344 404 1385 fragm.
418 1345 535 1375 Moret.
551 1352 581 1374 et
591 1345 665 1375 edit.

96 1392 216 1422 GeneV.
228 1390 342 1431 Profi2r
349 1390 435 1421 Leid.
448 1390 508 1421 Sed
522 1402 551 1421 v.
560 1393 668 1422 Burm.

95 1455 141 1461 ψ
155 1439 231 1478 390.
259 1437 364 1466 Socios
387 1437 517 1467 reduces
532 1438 668 1468 Dorvill.

99 1485 318 1524 Classesnqne,
343 1491 502 1524 receptam
563 1487 668 1524 Sprot.

96 1531 271 1572 Hamburg.
282 1541 331 1571 pr.
342 1530 428 1561 Leid.
441 1542 496 1562 un.
505 1537 535 1560 et
545 1530 668 1561 Zulich.

98 1578 247 1613 Relatam
262 1585 345 1607 recte
359 1577 499 1608 defendjt
512 1579 669 1608 Burni.—

100 1622 396 1667 Classemfrelatam
408 1648 417 1661 ,
434 1624 599 1654 reductam
620 1636 668 1654 re—

101 1669 225 1700 ducem.
243 1670 348 1700 Versis
367 1670 613 1712 alz'quc'lom'bus,
636 1671 668 1701 h.

100 1727 127 1745 e.
145 1718 249 1746 ventis
274 1717 466 1756 simpliciter.
493 1719 575 1747 Mox
604 1719 668 1758 392

101 1762 184 1792 ‘vani
196 1762 234 1792 ad
247 1769 392 1792 ornatum
403 1764 535 1804 egregie.
547 1765 671 1801 Vanus,

102 1820 169 1839 non
196 1809 294 1839 modo
321 1810 377 1848 qui
407 1810 577 1849 pollicetur
604 1820 675 1849 quae

100 1862 249 1896 praestare
264 1856 394 1895 nequit,
409 1855 463 1885 secl
484 1863 514 1886 et
535 1856 591 1895 qui
604 1866 677 1895 pro-

101 1901 211 1931 fitetur
225 1902 275 1931 vel
283 1901 391 1931 falsam
404 1902 455 1932 vel
463 1904 591 1933 inanem
601 1901 675 1932 doc-

105 1950 228 1980 trinam.
247 1948 287 1979 cf.
304 1950 391 1979 Serv.

151 1996 228 2035 393.
264 1995 414 2025 Heinsius
448 1997 532 2025 varie
565 2002 675 2032 tentat,

104 2052 183 2083 aegre
205 2042 323 2072 seilicet
344 2042 448 2073 serens
470 2041 677 2082 procedentes

103 2088 216 2118 eodem
227 2096 336 2119 tenore
349 2098 438 2119 casus
451 2088 496 2118 bis
511 2099 604 2118 senos
620 2089 676 2118 [ιε’-

105 2143 220 2166 tames.
243 2135 335 2165 Malit
357 2135 485 2166 Iaetanti
506 2135 552 2165 bis
572 2146 675 2171 senos,

105 2181 154 2211 vel
179 2182 225 2212 bis
249 2193 326 2212 seno
343 2182 484 2212 laetantis
507 2193 539 2213 α.
568 2183 618 2212 vel
633 2182 679 2212 bis

106 2238 197 2258 senos
213 2228 341 2259 [celanti
354 2229 517 2260 stramine.
533 2229 593 2261 Sed
612 2229 678 2260 vul-

717 794 818 828 gatam
836 794 868 818 et
892 786 984 818 codd.
1002 793 1033 818 et
1048 788 1225 818 Priscianus
1241 788 1294 818 de-

718 834 875 872 fendunt3
894 845 978 864 unus
1011 837 1116 874 Sprot.
1142 845 1202 875 pro
1226 846 1291 865 var.

718 881 792 912 lect.
809 881 977 912 luctantes.
1001 882 1052 911 Tu
1074 882 1153 911 vitio
1178 883 1222 911 sic
1245 893 1294 912 oc*

719 939 830 966 curre,
846 934 883 957 ut
897 928 1074 957 accuratius
1088 929 1294 968 interpungas

720 982 750 1004 et
762 974 897 1015 legendo
910 985 1031 1005 moram
1047 974 1160 1005 facias:
1176 975 1293 1015 Adspi-

720 1032 755 1051 ce
774 1021 819 1050 bts
843 1032 954 1059 senos,
973 1021 1121 1051 laetantes
1146 1021 1291 1061 agszne

721 1079 847 1107 cycnos.
870 1085 917 1090 —
929 1069 992 1108 393
1004 1085 1050 1090 -—-
1062 1073 1139 1103 400.
1166 1068 1295 1098 Duode-

722 1116 783 1144 cim
798 1124 892 1144 naves
903 1125 977 1144 cum
990 1114 1294 1154 Autheo‚Sergesto‚

722 1160 943 1201 Cloanthoque
959 1167 1095 1192 servatas
1117 1171 1193 1190 mox
1208 1160 1295 1190 vide-

721 1207 837 1237 bimus.
864 1209 928 1237 Has
956 1206 1087 1239 totidem
1116 1207 1219 1237 olores
1248 1208 1297 1236 in-

721 1261 827 1283 nuunt
840 1276 849 1291 ‚
877 1264 975 1294 quos,
1001 1253 1040 1282 ab
1069 1253 1172 1293 aquila
1201 1253 1298 1283 modo

722 1300 852 1341 agitatos
863 1307 893 1329 et
908 1299 1075 1339 dispersos,
1085 1299 1176 1330 hoste
1187 1299 1298 1329 abacto

720 1345 920 1376 ludibundos
926 1345 1174 1386 plaudentesque
1184 1353 1299 1376 terram

724 1392 872 1422 advolare
885 1392 1023 1422 ostendit
1041 1394 1164 1423 Venus.
1184 1393 1300 1422 Turba-

723 1439 779 1468 bat
791 1438 949 1480 eleganter
962 1449 1022 1479 pro
1033 1438 1168 1480 agitabat
1182 1437 1298 1471 ἐκλόνει

723 1486 959 1526 insequebatur.
986 1487 1109 1525 Aperte
1130 1485 1229 1521 coelo,
1244 1486 1300 1516 alii

723 1542 846 1568 seren0‚
863 1539 900 1562 ut
912 1542 1009 1573 supra
1021 1543 1051 1563 V.
1074 1532 1148 1569 155,
1164 1543 1222 1574 ego
1239 1543 1300 1562 ma-

722 1579 779 1608 lim
792 1589 852 1620 pro
861 1579 971 1616 libere,
982 1579 1094 1619 pervio
1107 1578 1298 1610 volantibus,

723 1627 803 1665 Quae
818 1632 1006 1666 sequuntur,
1025 1626 1102 1665 395,
1121 1626 1198 1665 396,
1217 1627 1301 1655 varie

724 1672 926 1712 accipiuntur
954 1679 985 1702 et
1020 1673 1122 1712 accipi
1153 1679 1298 1712 possunt.

724 1719 906 1748 Difficultas
926 1725 972 1748 est
990 1720 1023 1748 in
1040 1729 1119 1747 voce
1137 1728 1251 1757 capere
1271 1725 1302 1747 et

726 1772 853 1804 captas,
871 1765 961 1802 cujus
978 1776 1013 1794 ea
1026 1765 1115 1794 notio
1131 1764 1301 1804 exquiren-

728 1810 768 1839 da
787 1817 842 1847 est,
860 1821 932 1850 quae
946 1821 1019 1840 cum
1033 1821 1104 1840 voc.
1119 1810 1302 1850 despectare

729 1857 899 1886 conveniat
919 1866 926 1886 ε
944 1856 1100 1896 siquidem
1125 1863 1205 1886 terra
1228 1856 1302 1897 jam

729 1910 836 1943 capta,
853 1909 1019 1943 occupata,
1033 1902 1243 1943 despectandi
1258 1903 1304 1932 lo-

730 1959 786 1978 cus
799 1959 863 1978 esse
878 1959 945 1979 non
959 1948 1097 1979 videtur.
1118 1949 1238 1989 Capere
1246 1959 1302 1978 au-

731 2002 793 2025 tem
806 2002 852 2025 est
868 2002 921 2025 aut
940 2006 1116 2036 occupare,
1133 2001 1187 2025 aut
1203 1995 1304 2026 oculjs

730 2042 910 2083 designare,
925 2042 1053 2083 eligere,
1068 2049 1185 2083 petere.
1208 2041 1305 2072 Pleri-

731 2100 793 2130 que
797 2066 918 2129 ²³Intpp.
938 2095 1039 2118 terras
1062 2096 1120 2119 aut
1137 2099 1251 2129 capere
1269 2088 1301 2119 h.

733 2146 760 2166 c.
791 2143 916 2172 tenere,
940 2134 1095 2174 insidere,
1118 2142 1172 2165 aut
1192 2143 1305 2175 captas

725 2182 797 2223 jum
823 2182 1019 2222 despectare,
1038 2181 1070 2213 h.
1093 2193 1121 2212 e.
1144 2181 1305 2222 despicere

731 2231 763 2260 in
797 2236 910 2259 terram
941 2229 1067 2268 jamjam
1095 2228 1301 2269 captendam,
