1433 2460
143 80 209 100 ‘120

644 68 837 99 AENEtDOS

141 133 249 166 Jussa
271 128 384 172 mori,
402 139 486 176 quae
507 126 662 165 sortitus
682 140 756 164 non
776 128 931 177 pertulit
951 129 1062 174 ullos,

139 191 219 226 Nec
241 187 394 224 victoris
413 185 495 223 heri
515 186 633 237 tetigit
651 188 800 238 captiva
820 187 963 224 cubile!

139 253 237 295 Nos,
254 247 376 298 patria
394 247 562 293 incensa,
582 248 731 285 diversa
754 261 820 298 per
838 262 990 299 aeqnora
1008 258 1124 287 vet-tm
1136 279 1144 295 ‚

1297 260 1344 284 325

139 309 276 359 Stirpis
296 307 476 345 Achillem
496 308 899 359 fastus,juvenemque
919 311 1126 360 superbmn

137 368 302 406 §ervitio
320 368 440 405 enixae
457 368 629 415 tulimus;
650 369 717 418 qui

738 368 894 415 deinde,
912 379 1063 407 secutus

136 429 312 466 Ledaeam
330 429 581 475 Hermionen,
602 429 986 480 Lacedaemoniosque
1008 433 1038 467 H
1047 445 1232 480 ynwtlaeos
1244 461 1252 476 ,

136 491 201 524 Me
218 488 358 524 famulo
380 488 633 537 famulamque
654 489 800 526 Heleno
822 490 1027 527 transmisit
1049 490 1273 529 habenulam.

136 553 205 586 Ast
224 548 349 594 illum,
366 557 506 597 ereptae
523 562 659 599 magno
678 549 930 587 inflammatus
950 564 1077 588 amore

1299 561 1345 584 331)

135 608 334 659 Conjugis,
352 618 389 646 et
408 609 592 646 scelerum
614 609 722 646 furiis
742 610 924 660 agitatus,
942 612 1097 648 Orestes

137 669 288 718 Excipit
307 669 519 715 incautum,
538 670 756 721 patriasque
777 670 980 707 obtruncat
1002 671 1048 707 ad
1067 685 1160 708 aras.

137 732 264 766 Morte
283 730 542 778 Neoptolemi,
561 744 765 781 regnorum
788 730 936 768 reddita
956 731 1066 768 cessit

138 864 206 886 tore
230 858 264 887 iu
283 857 446 897 amplexus
460 864 587 898 accepta
606 868 711 887 narra-

138 910 209 932 tura
223 910 328 933 est.—-
340 904 416 933 323.
431 905 561 933 Sortitio
576 906 713 944 captiva-

138 960 211 979 rum
229 951 262 979 in
277 950 447 990 partitione
463 950 578 990 praeda:
596 960 603 980 :
620 950 715 980 obvia

137 996 172 1024 iu
193 998 334 1026 Homero
361 1003 392 1025 et
414 996 447 1025 in
463 998 614 1037 TragiciS.
632 999 670 1026 In
684 1008 714 1028 v.

141 1043 207 1078 324
224 1042 438 1084 nec—tetigit
453 1043 579 1083 captiva
601 1042 714 1079 cubile,

138 1091 247 1129 potuit
275 1090 432 1129 respicere
456 1091 663 1120 Homericum
682 1090 717 1119 il-

137 1135 196 1164 lud
211 1134 301 1175 λέχος
321 1133 492 1166 &niemez-a
508 1136 597 1166 Iliad.
615 1147 636 1166 α
648 1160 656 1174 ,
674 1137 711 1166 31

137 1182 194 1223 (h.
211 1193 238 1212 e.
257 1179 342 1212 κατὰ
355 1205 363 1220 ,
381 1181 457 1225 πρὸς
473 1181 595 1223 λέχος),
620 1190 651 1213 et
677 1184 716 1212 si-

139 1229 234 1259 milia.
259 1228 346 1260 Solet
372 1229 500 1260 fortuna
518 1231 716 1270 captivarum

135 1276 326 1315 plerumque
338 1286 356 1305 a
370 1276 451 1305 tristi
460 1275 518 1305 hac
532 1277 715 1306 necessitate

137 1321 305 1362 designari.

187 1369 253 1398 325
271 1385 318 1391 —-
333 1367 410 1405 327.
439 1368 484 1398 At
504 1379 562 1410 ego
592 1368 715 1408 captiva

138 1414 256 1456 Pyrrhi
278 1425 318 1444 ex
338 1425 376 1445 eo
392 1425 501 1454 parere
529 1421 645 1445 coacta.
674 1415 713 1445 cs.

138 1462 249 1502 Eurip.
265 1461 422 1491 Androm.
444 1470 504 1500 109
519 1472 565 1501 sq.
584 1460 716 1491 Diversa

138 1519 270 1549 aequora
288 1507 464 1549 longinqua
482 1518 512 1537 v.
537 1518 608 1547 sup.
630 1518 660 1537 v.
683 1514 713 1543 4.

137 1554 258 1584 Enixoe
286 1554 324 1584 de
351 1560 445 1594 partu
472 1553 694 1594 accipiendum
705 1577 713 1592 ‚

137 1608 173 1631 ut
183 1602 249 1639 jam
261 1607 334 1641 post
347 1602 502 1640 Pompon.
520 1600 592 1630 Sab.
613 1601 714 1631 Cei-da

137 1655 168 1677 et
185 1648 295 1677 Heius.
318 1647 468 1676 docuere.
483 1648 565 1677 Nam
586 1647 713 1677 Andro-

137 1693 250 1723 maehe
273 1704 364 1723 serva
379 1692 591 1732 Neoptolemo
610 1692 714 1724 filium

137 1740 316 1770 Molossum
338 1746 521 1780 pepererat,
541 1746 578 1768 ut
599 1740 650 1769 vel
673 1751 714 1770 ex

136 1786 300 1827 Euripidis
333 1785 556 1816 Andromacha
589 1793 712 1817 notum.

136 1851 182 1856 —
203 1833 280 1863 326.
309 1834 440 1862 Fanum
461 1831 583 1872 aliquot
608 1834 709 1869 Pien,

136 1881 241 1909 minus
259 1880 395 1920 poetice.
417 1880 515 1908 Fatus
530 1878 608 1909 alter
622 1880 713 1909 Men-

136 1926 188 1955 tel.
209 1936 226 1954 a
247 1937 288 1955 m.
322 1937 372 1966 pr.
398 1924 479 1954 forte
506 1931 537 1954 et
567 1925 713 1963 anich.‚

135 1971 221 2001 unde
238 1973 348 2003 Heius.
365 1972 449 2010 conj.
455 1971 572 2013 slatus.

182 2019 260 2055 327.
291 2020 320 2047 Is
360 2018 477 2048 deinde
505 2018 712 2048 Hermione-m

134 2063 265 2093 Helenae
289 2064 385 2094 filiam
408 2067 517 2104 Sparta
543 2065 710 2105 conjugem

134 2109 287 2146 adduxit,
304 2121 416 2151 meque
440 2111 564 2141 Heleno
580 2112 616 2140 in
632 2122 709 2141 con-

131 2157 256 2197 jugium
271 2155 367 2187 dedit.
378 2158 417 2187 cf.
428 2159 540 2198 Eurip.
551 2157 708 2188 Androm.

139 2203 378 2247 1244‘I'uvzim.
399 2200 428 2234 δ’
448 2203 635 2245 αί.-329.
656 2205 709 2235 Me

757 856 890 898 ficmrdo
905 857 1137 898 famulamque
1158 859 1262 888 licius.
1295 870 1342 888 rt·-

769 905 862 944 cepit.
876 906 921 934 lta
937 905 1021 933 enim
1039 904 1101 933 fere
1115 916 1225 934 omncs
1236 906 1346 935 Pieria-

769 951 847 980 niet
864 951 1027 980 Heinsiani
1045 962 1173 989 omne-S,
1190 962 1262 980 eum
1285 953 1346 981 Do-

770 1003 845 1025 nato
864 996 964 1038 (adde
986 997 1095 1037 fragm.
1116 999 1220 1028 Vatic.
1237 998 1264 1038 ).
1291 1009 1345 1027 ex-

770 1049 862 1082 cepto
880 1043 994 1073 Hamb.
1006 1054 1054 1083 pr.
1065 1066 1073 1081 ,
1091 1045 1142 1073 cui
1152 1044 1232 1073 adde
1247 1044 1344 1074 Goth.

769 1100 831 1119 sec.
862 1096 893 1119 et
929 1095 998 1119 tert.
1009 1112 1018 1126 ‚
1047 1090 1104 1130 qui
1132 1097 1262 1120 tuentur
1292 1090 1325 1119 id
1337 1114 1344 1127 ‚

770 1134 858 1175 quod
872 1136 948 1166 olim
966 1135 1132 1176 legebatur
1148 1145 1155 1166 :
1176 1135 1348 1177 illesama-

769 1182 836 1211 lam
842 1181 1046 1223 famuloque.
1060 1184 1225 1222 Ingratum
1242 1189 1345 1212 tamen

769 1235 844 1257 utru
849 1230 1030 1269 nique.Non
1037 1228 1116 1257 male
1123 1229 1227 1268 itaque
1235 1230 1343 1259 Heins.

769 1275 852 1312 conj.
869 1276 922 1305 Me
931 1274 1064 1316 famulo
1068 1274 1237 1315 famulam
1254 1276 1346 1305 Hele-

769 1331 832 1357 no,·
857 1328 893 1351 ut
914 1321 1037 1351 hiatum
1059 1322 1199 1361 imperiti
1225 1321 1346 1352 librarii

769 1367 850 1396 ferre
863 1368 1027 1398 noluerint
1043 1377 1051 1397 2
1066 1369 1123 1397 etsi
1136 1368 1238 1398 hiatui
1253 1369 1346 1398 inter-

769 1413 852 1443 cedit
864 1413 1028 1444 Schrader.
1051 1416 1127 1444 Eme
1135 1415 1188 1444 nd.
1205 1426 1237 1455 p.
1260 1424 1271 1443 1
1282 1416 1321 1444 38
1336 1438 1343 1452 ‚

769 1470 828 1489 nec
848 1467 951 1489 tamen
970 1460 1061 1489 aliam
1083 1460 1234 1489 medelam
1251 1471 1346 1501 appo-

769 1507 827 1535 nit.
839 1508 985 1547 Ingratus
1000 1514 1046 1536 est
1059 1517 1183 1544 versus,
1202 1518 1345 1547 quocun-

769 1563 830 1592 que
845 1559 874 1582 te
885 1559 996 1583 vertas.
1013 1555 1140 1583 Poterat
1154 1560 1255 1582 tamen
1274 1563 1345 1594 poe—

769 1605 799 1627 ta
824 1598 978 1640 refingere
994 1608 1002 1630 :
1021 1610 1071 1628 me
1082 1598 1216 1640 famulo
1229 1599 1343 1640 finnu-

767 1644 834 1674 lam
863 1645 1012 1675 dominus
1034 1646 1213 1676 transmisit
1227 1645 1345 1676 haben-

767 1691 856 1722 dam.
887 1693 941 1721 Me
959 1691 1192 1733 famulamque
1209 1691 1342 1734 famulo

768 1737 818 1768 ed.
848 1738 981 1769 Mediol.
1013 1738 1216 1769 Transmt'ccit
1239 1741 1343 1780 Sprot.

770 1784 933 1814 concessit
962 1795 1010 1825 pr.
1044 1785 1159 1816 Hamb.
1196 1785 1346 1815 Permisit

768 1831 866 1862 Goth.
882 1838 952 1861 tert.
964 1849 1009 1854 ——-
1021 1832 1098 1862 330.
1115 1831 1276 1872 Pyrrhum
1288 1841 1343 1861 au·
1383 1868 1385 1872 Ι

768 1883 831 1906 tem
847 1879 990 1915 Orestes,
1006 1878 1060 1907 oui
1085 1878 1258 1908 Hermione
1272 1877 1342 1914 illa,

768 1923 897 1953 Helenae
907 1922 972 1953 filia
983 1947 992 1961 ,
1009 1923 1165 1964 Ledaeque
1176 1923 1255 1954 adeo
1269 1934 1344 1964 nep-

768 1972 826 2006 tis,
843 1970 908 2009 jam
938 1970 1015 2000 olim
1040 1970 1194 2010 promissa
1223 1969 1340 2008 fuerat,

733 2033 753 2054 ,γ
766 2017 926 2046 interemit
936 2015 1064 2056 patrias
1091 2015 1139 2045 ad
1152 2026 1243 2052 aras,
1263 2017 1339 2047 Del—

744 2055 746 2059 ’
764 2062 855 2103 phis,
875 2069 948 2092 ante
976 2073 1061 2092 aram
1086 2063 1168 2103 patri
1197 2062 1318 2093 Achilli
1332 2086 1340 2100 ,

764 2117 913 2151 tanquam
928 2107 1036 2147 heroi,
1051 2108 1175 2140 factam.

812 2158 829 2187 3
836 2157 852 2186 3
859 2157 946 2187 3—3
953 2157 1004 2187 36.
1011 2158 1091 2186 Pars
1100 2156 1226 2186 reddita
1236 2156 1339 2197 simpl.

763 2203 833 2233 data
861 2210 897 2234 ut
924 2205 1011 2235 Serv.
1042 2205 1123 2233 Pars
1149 2210 1252 2233 autem
1266 2226 1275 2241 ‚
1293 2213 1339 2233 re-
