1402 2460
491 149 551 180 AD
575 148 739 180 LIBRUM
764 148 822 177 III.
1192 146 1252 184 377

58 210 152 248 piunt
174 215 278 240 autem
306 214 487 239 constanter
509 210 627 249 spirare
654 208 737 237 circa
758 206 855 236 XVII
878 205 946 235 Kal.
973 204 1070 245 Aug„
1096 213 1169 234 cum
1194 206 1259 243 jam

60 262 170 293 decem
185 263 252 293 dies
265 269 336 293 ante
351 264 455 293 exorti
470 263 532 292 sint
550 273 557 293 :
574 273 605 292 v.
622 262 703 291 Plin.
720 262 766 298 ΙΙ,
786 267 840 298 45.
856 262 910 290 Est
924 259 987 289 hoc
1003 266 1127 300 tempus
1146 258 1259 302 ὀπωρι-

60 314 108 347 νὶν
125 318 348 357 antiquorum,
363 315 474 359 ὀπώρα
489 316 576 357 apud
586 317 761 345 Homerum
771 338 780 351 ,
795 325 859 354 quo
874 315 1005 344 Boream
1020 313 1094 343 flare
1113 314 1155 342 ait
1170 313 1207 344 11.
1223 324 1256 354 φ,

63 370 147 406 3463
164 369 224 400 Od.
246 380 277 408 ε,
295 370 371 400 328.
396 370 495 399 Iidem
512 371 614 400 etesiae
637 379 702 399 esse
715 368 882 406 videntur,
899 370 954 409 qui
969 370 1003 397 in
1015 368 1120 398 fabula
1133 369 1260 398 Aristaei

60 432 348 456 commemorantur
363 435 370 455 :
388 424 426 454 de
443 424 560 465 quibus
573 435 604 454 v.
621 423 773 464 Apollon.
793 424 841 461 11,
859 424 924 453 516
935 446 943 461 ,
964 424 1029 454 525
1048 430 1078 453 et
1094 423 1140 453 ibi
1153 422 1259 454 Schol.

60 481 98 509 In
121 479 256 510 hiemem
276 481 382 521 igitur,
404 480 466 509 nisi
487 478 701 520 procellosum
720 484 845 519 tempus
870 478 1043 519 intelligas,
1060 477 1155 507 dilata
1173 477 1261 506 Grae-

59 543 169 563 corum
186 535 346 573 navigatio
369 533 432 563 dici
456 535 577 573 nequit.
595 532 722 562 Tradita
744 532 812 562 haec
834 533 1010 562 accuratius
1029 532 1159 561 fuerunt
1173 529 1261 560 haud

60 587 156 618 dubie
173 598 189 617 a
204 588 381 625 veteribus,
399 589 447 618 uti
460 598 500 618 ex
512 589 629 629 Dictye
643 587 758 629 colligo
772 587 829 618 lib.
844 589 885 623 V,
902 587 919 616 8
929 609 937 624 ,
953 586 1010 616 ubi
1023 587 1057 616 in
1071 584 1261 626 paciscendo

62 651 136 670 cum
161 642 326 671 Antenore
356 641 485 682 L'lysses
512 648 620 683 urget,
649 649 771 681 tempus
799 640 846 670 ad
868 639 1083 682 navigandum
1113 639 1263 669 idoneum

57 695 298 735 praetervolare,
325 703 356 726 et
377 698 420 735 V,
449 696 489 726 16
508 703 641 738 urgente
661 694 783 737 navigii
807 702 965 735 tempore,
989 700 1019 723 et
1044 704 1072 724 c.
1096 704 1133 731 17
1152 703 1200 734 pr.
1215 709 1261 715 -—

62 749 177 786 veria,
196 761 236 780 ne
249 762 312 792 per
329 762 469 788 moram,
490 752 665 782 interventu
689 749 822 785 hiemis,
842 761 914 791 quae
931 749 1111 790 ingruebat,
1135 759 1155 777 α
1176 747 1264 777 navi-

59 804 172 845 gando
191 805 445 836 excluderentur.

110 859 155 888 At
175 860 303 897 AEneas,
321 861 377 900 qui
395 867 484 901 capta
505 861 600 898 Troja
618 870 651 889 se
669 860 704 889 in
721 865 864 888 montem
886 857 976 888 Idam
997 866 1071 887 cum
1096 858 1159 887 suis
1180 867 1266 886 rece-

64 918 171 951 perat,
193 912 232 941 ab
255 914 384 943 australi
405 921 494 954 parte
515 924 625 943 versus
649 912 855 943 Antandrum
874 911 1054 949 descendit,
1070 917 1101 940 et
1116 912 1152 940 in
1169 910 1266 949 hujus

64 964 154 995 urbis
175 972 271 1006 portu
298 967 427 997 classem
449 967 533 997 facit,
556 968 595 997 In
620 968 716 997 classe
742 966 884 996 facienda
906 973 937 995 et
960 965 1147 995 instruenda
1167 965 1268 994 hiems

65 1022 274 1060 consumitur,
288 1022 345 1053 lib.
360 1024 408 1061 H,
429 1024 458 1060 5,
476 1023 495 1052 6
513 1023 710 1063 classemque
725 1022 780 1051 sub
797 1021 866 1062 ipsa
883 1021 1057 1051 Antandro
1073 1027 1104 1050 et
1118 1019 1269 1061 Phrygiae

66 1076 218 1105 molimur
224 1077 382 1107 montibus
396 1078 477 1108 Idae.
489 1077 671 1108 Secundum
681 1077 830 1118 Dionysii
840 1075 942 1106 Halic.
953 1077 978 1112 1,
988 1076 1030 1105 63
1046 1075 1196 1111 cachJOS,
1204 1075 1269 1113 jam

64 1133 211 1161 autumni
223 1130 273 1173 (1)
288 1132 385 1171 hujus
401 1133 477 1161 anni
492 1132 585 1162 initio
598 1133 730 1171 Trojani
744 1131 989 1171 Hellespontum
1004 1129 1168 1166 trajiciunt
1182 1135 1214 1158 et
1232 1129 1268 1158 in

65 1184 200 1214 Thracia
221 1186 357 1217 hiemem
380 1187 529 1228 exigunt,
555 1185 593 1216 ad
611 1186 751 1216 historiae
776 1186 939 1215 veritatem
965 1182 1052 1213 haud
1074 1182 1171 1212 dubie
1194 1192 1270 1223 pro-

65 1239 149 1278 pin-53
169 1241 224 1272 sed
246 1241 328 1272 hanc
348 1241 490 1271 deserere
509 1247 593 1271 recte
609 1241 715 1281 potuit
735 1245 838 1280 poeta.
856 1238 909 1269 Ab
929 1238 1076 1268 omn-ium
1091 1243 1271 1267 ceterorum

67 1296 132 1327 fide
147 1295 282 1333 recedit,
297 1295 387 1336 quod
402 1294 440 1325 ad
455 1297 527 1325 AEn.
546 1296 593 1325 ΠΙ
603 1318 612 1332 ,
629 1295 646 1324 8
666 1295 793 1325 Servius
814 1303 855 1322 ex
875 1291 1054 1332 Palaephato
1067 1291 1145 1332 (qui
1160 1291 1271 1330 junior

67 1351 138 1387 ille,
160 1349 307 1392 Τρωϊκῶν
331 1355 440 1378 auctor
461 1358 526 1378 esse
540 1347 704 1389 videtur‚)
723 1352 829 1384 notat,
851 1353 944 1386 capto
959 1344 1020 1374 llio
1036 1345 1179 1374 AEueam
1197 1351 1274 1385 post

68 1404 239 1435 triennium
255 1403 433 1445 navigasse.
938 1400 944 1406 ”

115 1460 262 1489 Antenor
277 1458 395 1487 interea
413 1463 444 1486 et
458 1457 525 1497 ipse
540 1456 712 1486 discessum
730 1461 836 1495 parat,
852 1461 883 1484 et
900 1455 960 1484 iter
974 1452 1119 1495 quidem,
1134 1452 1224 1494 quod
1241 1459 1272 1482 et

70 1515 182 1544 AEneas
201 1512 303 1540 facere
318 1510 516 1547 decreverat,
536 1520 645 1539 versus
668 1508 791 1538 Italiam
813 1508 961 1538 instituit.
977 1508 1010 1538 Si
1031 1517 1171 1547 quaeras‚
1191 1516 1271 1546 quo-

70 1567 168 1597 modo
181 1567 216 1595 in
236 1565 299 1595 hoc
312 1564 479 1594 consilium
493 1570 629 1603 uterque
643 1562 792 1592 devenire
808 1562 965 1603 potuerit,
981 1560 1188 1601 cogitandum
1207 1567 1253 1590 est
1263 1583 1271 1597 ‚

69 1621 128 1651 illo
145 1627 285 1660 tempore
308 1624 406 1647 terras
424 1618 561 1657 Europae
580 1615 791 1646 occidentales
807 1616 926 1645 Graecis
947 1615 1156 1654 Trojanisque
1178 1615 1273 1644 fuisse

72 1675 185 1706 eodem
198 1674 287 1711 loco,
304 1679 397 1713 atque
415 1672 579 1712 Europaeis
595 1678 668 1701 ante
682 1670 751 1700 haec
767 1669 832 1699 duo
845 1669 959 1699 saecula
974 1676 1007 1698 et
1018 1668 1105 1709 quod
1121 1669 1274 1706 excurrit,

73 1730 262 1759 Americam.
278 1726 445 1757 Tenebant
460 1732 564 1755 autem
589 1725 695 1754 Graeci
711 1731 780 1754 tum
803 1724 910 1753 omnia
925 1724 1019 1752 maris
1042 1724 1141 1763 AEgaei
1163 1722 1272 1758 litora,

74 1790 110 1813 ut
127 1782 205 1812 adeo
220 1781 282 1811 nisi
295 1781 330 1810 in
342 1780 434 1810 Ionio
448 1785 594 1819 receptus
608 1785 687 1808 esset
700 1778 845 1816 Trojanis
860 1776 980 1806 nullus.

214 1870 240 1890 a.
258 1860 292 1890 C.
306 1860 347 1889 N.
491 1868 508 1887 a
520 1858 614 1896 Troja
629 1864 720 1898 capta
858 1857 1014 1886 Errornm
1028 1856 1136 1884 AEneae

242 1925 254 1944 1
265 1914 326 1943 183
563 1922 589 1942 a.
609 1922 622 1941 1
954 1920 980 1939 a.
999 1919 1016 1938 2

78 1981 148 2029 En.
169 1996 233 2032 ΙΙΙ,
249 1994 266 2023 8
289 1995 321 2022 V
319 1992 354 2022 ι’,τ
363 1991 474 2033 prima
495 1991 659 2032 inceperat
685 1997 780 2021 aestas
793 2007 838 2013 —
855 1989 966 2020 Litora
994 1999 1063 2019 cum
1080 1988 1199 2030 paeriae
1224 1989 1273 2019 la-

125 2125 176 2167 (1)
198 2125 335 2165 Dionys.
355 2122 483 2164 quidem
510 2124 554 2164 τῷ
582 2119 649 2159 ἑξῆς
704 2122 812 2151 aestivo
841 2120 1025 2160 proximum
1052 2127 1117 2157 est,
1147 2121 1275 2149 initium

82 2173 114 2203 ἔτ
119 2183 187 2209 ει,
178 2169 292 2214 πρώτῳ
309 2166 344 2199 δὲ
357 2167 438 2212 μετὰ
453 2180 507 2202 rm
525 2167 565 2199 ἅ)
567 2179 621 2198 ωσι
623 2178 649 2197 ν·
702 2167 814 2204 habet,
831 2173 862 2196 et
876 2176 950 2196 cum
964 2167 1054 2196 annis
1069 2166 1148 2196 adeo
1164 2166 1276 2206 Olym-

82 2219 137 2250 aed
150 2220 252 2249 utitur
263 2216 316 2246 ille
331 2227 414 2246 anno
426 2216 535 2246 Attico
547 2225 650 2252 novo,
704 2214 800 2254 picis,
818 2213 875 2253 qui
892 2219 922 2242 et
944 2214 1005 2254 ipsi
1024 2212 1099 2243 inde
1117 2212 1276 2243 duceban-

82 2267 139 2307 qui
153 2275 170 2296 a
181 2263 367 2301 novilunio,
382 2262 471 2304 quod
483 2272 500 2293 a
516 2261 652 2295 solstitio
707 2268 774 2298 tur,
792 2260 959 2300 conspirat.

1046 2322 1114 2359 32*
