1433 2460
181 89 240 118 144

684 79 875 108 Atx'lilluss

176 141 371 177 Insultans.
392 138 513 175 Portis
531 138 592 175 alii
610 137 868 186 bipatentibus
887 138 1042 181 adsunt,

1331 147 1380 171 330

175 202 293 238 Minia
313 208 404 249 quot
425 199 568 248 magnis
586 212 751 249 unquam
771 212 908 235 venere
932 197 1114 247 Mycenis.

173 261 368 297 obs-‹wlm-
385 259 447 296 alii
465 259 546 296 telis
563 268 720 309 angusta
740 259 888 295 viarum

173 321 368 370 ()ppositi;
387 328 459 356 stat
482 319 570 356 ferri
589 320 686 357 acies
708 333 890 356 mucron(¹
911 332 1069 355 corusco

173 381 329 425 Stricta,
348 390 478 431 parata
498 381 599 426 ιιι-οἱς
622 380 685 416 vix
704 380 816 429 primi
837 381 964 430 praelia
986 388 1130 418 tentant

173 444 370 478 Portarum
391 442 543 492 vigiles,
563 449 599 477 ct
617 453 717 477 caeco
739 444 862 478 Marte
885 442 1073 479 resistunt.
1097 458 1110 471 »
1329 449 1375 473 335

220 501 377 539 Talibus
397 501 606 551 Othryadae
626 501 754 548 (lictis,
771 510 808 538 ct
828 503 981 538 numine
999 502 1130 538 divum

172 566 212 599 Iu
235 562 402 599 ssanunas
424 572 460 599 ct
479 563 515 599 in
536 575 638 599 arma
662 563 783 608 soror,
803 575 879 612 quo
898 561 1013 599 tristis
1031 561 1207 611 Erinnys,

171 628 259 669 Quo
278 624 447 661 fremitus
469 632 598 669 vocat,
616 631 652 660 et
672 624 843 660 sublatus
863 623 909 660 ad
927 624 1068 660 aethera
1089 623 1240 660 clamor.

172 685 325 722 Addunt
347 701 384 722 so
403 687 524 722 socios
546 686 733 736 Rhipeus,
756 695 792 722 ct
814 699 1010 722 maxumus
1028 685 1140 722 armis

171 749 332 795 Epyt1153
351 745 467 783 oblati
488 759 555 795 por
574 746 699 782 lunam
719 747 965 795 Hypanisque
981 749 1216 795 Dymasque;
1327 754 1373 784 3⁴¹0

168 809 214 843 Et
234 806 343 843 lateri
360 806 620 857 adglomerant
644 815 793 852 nostro,
809 806 1037 856 juvenisque
1058 804 1243 843 Coroebus

167 1010 199 1029 το
218 998 362 1040 fitndere
387 997 418 1028 h.
444 998 465 1028 l.
491 1008 507 1026 a
533 1004 625 1037 partu
654 1008 742 1037 repe-

166 1052 256 1083 tunt,
277 1046 350 1085 quia
370 1055 399 1074 v.
427 1045 491 1073 238
506 1068 514 1081 ‚
529 1043 605 1084 feta
630 1043 740 1073 armis.

165 1094 219 1122 Est
234 1092 337 1132 simpl.
356 1091 609 1131 e111iuit‚0dyss.
624 1090 639 1119 θ
651 1113 659 1127 ,
676 1090 740 1120 515

166 1136 293 1168 ἱππόθεν
310 1136 482 1180 ἐκχύμενοι.
502 1139 570 1178 Que
586 1137 672 1167 abest
686 1139 743 1168 Re-

163 1186 226 1225 gio,
243 1184 410 1225 Fictorquc
425 1184 526 1214 Sinon
546 1185 630 1222 conj.
642 1186 684 1214 W
687 1184 742 1213 ad-

163 1231 287 1269 delius3
304 1231 396 1261 sedv.
418 1233 590 1261 Buunann.
611 1230 737 1267 Victor,

163 1279 320 1319 propositi
352 1279 504 1315 effector,
530 1284 614 1307 lecte
642 1279 741 1307 inter-

161 1331 305 1364 pretatur
320 1326 458 1356 Servius.

213 1384 289 1414 330.
304 1384 385 1421 Alii,
393 1383 545 1413 -millia
555 1390 645 1424 quot,
662 1383 694 1413 h.
710 1395 737 1414 e.

162 1438 209 1460 tot
230 1430 327 1460 millia
353 1437 432 1471 quot
458 1441 570 1461 eorum
594 1438 653 1460 etc.
679 1441 738 1470 pro

160 1477 246 1519 vulg.
263 1477 377 1518 reliqui
394 1488 516 1507 omnes.
532 1477 636 1506 Portis
652 1476 739 1517 bipa-

159 1523 304 1560 tentibus,
324 1524 477 1553 variatum
502 1534 562 1563 pro
581 1524 734 1564 simplici:

158 1577 313 1610 patentes,
323 1577 447 1611 apertae.
458 1570 676 1610 Intelligendae
686 1581 738 1600 au-

160 1624 222 1646 tem
241 1625 342 1658 portae
360 1619 463 1647 Scaeae.
481 1617 520 1647 cf.
537 1628 608 1658 sup.
624 1629 654 1648 v.
668 1617 734 1647 266

154 1663 320 1705 portisque
338 1663 526 1705 patentibus
551 1674 662 1693 omnes
683 1675 736 1693 ac-

159 1710 283 1750 cipiunt
294 1711 405 1741 soczssos
423 1711 489 1740 Alii
504 1721 565 1740 vss.
586 1712 669 1748 332,
690 1712 732 1748 3,

161 1763 190 1791 4.
217 1758 283 1786 vias
308 1763 456 1799 angustas
483 1757 630 1786 obsident
645 1759 734 1787 stric-

158 1804 198 1832 tis
235 1804 375 1835 ensibus.
410 1803 567 1833 Obsedere
598 1803 736 1843 oppositi

159 1856 268 1880 ornate
284 1857 315 1880 et
336 1851 397 1880 hoc
420 1850 589 1888 adjectum.
608 1852 737 1880 Scae—-

157 1896 267 1926 stricta
276 1908 335 1938 pro
345 1898 453 1927 stricta
466 1904 530 1934 est3
547 1904 626 1933 stat,
641 1898 735 1938 quip-

159 1953 197 1982 pe
213 1943 355 1974 sublatus
376 1950 408 1973 et
423 1951 547 1973 erectus
561 1945 654 1974 ensis.
671 1944 736 1974 Cae-

158 2000 195 2017 co
210 1991 315 2020 ,Marte
327 2013 334 2027 ‚
345 1997 507 2021 nocturno
522 1991 633 2030 praelio
643 2013 651 2028 ‚
668 2001 734 2031 quo

160 2037 247 2064 cerni
271 2047 306 2066 ac
332 2037 471 2067 discerni
489 2037 588 2066 hostis
610 2039 732 2077 nequit.

160 2099 205 2103 ——
228 2082 304 2113 321.
339 2086 488 2124 Unquam
514 2085 623 2113 Heius.
658 2093 733 2113 cum

158 2127 248 2157 libris
263 2130 459 2168 potioribu33
477 2129 530 2160 alii
541 2153 549 2168 ,
565 2137 602 2160 ut
617 2129 731 2171 vulgo,

160 2184 325 2215 nunquam
337 2198 345 2211 ‚
372 2176 460 2216 qnod
492 2183 523 2206 et
553 2177 732 2207 Priscianus

157 2219 214 2251 lib.
229 2222 324 2251 XVII
342 2222 447 2253 habet.
463 2223 523 2253 Sed
543 2230 646 2254 totum
660 2233 730 2253 ver-

795 1010 865 1028 sum
891 998 998 1027 abesse
1026 997 1130 1027 malim
1155 1007 1162 1027 2
1184 1003 1264 1037 quot
1287 999 1371 1028 enim

796 1057 836 1075 ex
857 1046 918 1075 illis
943 1044 1083 1074 millibus
1105 1055 1162 1084 per
1186 1043 1295 1073 decem
1319 1055 1375 1074 an-

795 1103 854 1121 nos
896 1102 992 1121 coesos
1031 1101 1096 1120 esse
1135 1097 1248 1131 putare
1279 1090 1371 1121 licet!

796 1139 898 1168 Etiam
928 1139 997 1168 Jac,
1014 1139 1135 1178 Bryant
1145 1139 1185 1167 V.
1198 1137 1233 1167 C.
1250 1147 1372 1178 suspec-

796 1193 864 1215 tum
874 1185 1012 1215 habebat
1022 1185 1206 1214 versum.Ut
1214 1183 1372 1221 defendas,

796 1232 969 1262 dicendum
984 1241 992 1262 z
1009 1231 1062 1261 alii
1078 1229 1116 1260 ad
1131 1237 1238 1271 portas
1253 1236 1373 1268 ruunt,

795 1287 883 1309 tanto
899 1288 1034 1308 numero
1047 1301 1054 1315 ‚
1071 1284 1107 1306 ut
1122 1278 1178 1306 vix
1191 1277 1299 1317 plures
1312 1278 1373 1317 pri-

794 1336 844 1356 ma
866 1326 971 1355 statim
995 1324 1193 1365 profectione
1211 1334 1228 1353 e
1249 1323 1371 1353 Graecia

793 1374 906 1403 exiisse
920 1378 1058 1413 putares.

842 1420 964 1449 336—
983 1418 1060 1448 358.
1092 1416 1234 1447 Numine
1263 1415 1369 1445 divum

792 1473 942 1506 tanquam
965 1476 982 1496 a
1006 1465 1066 1494 deo
1091 1464 1198 1505 aliquo
1221 1469 1309 1492 actus
1323 1480 1370 1485 —

791 1514 825 1542 in
844 1512 983 1543 medium
1002 1510 1188 1542 incendium
1202 1517 1233 1540 et
1248 1519 1370 1550 pugnas

790 1560 855 1589 ruit
880 1562 1003 1589 AEneas.
1019 1558 1181 1597 Erinnys,
1208 1565 1280 1596 quae
1296 1563 1367 1586 ante

790 1608 904 1643 Furor,
919 1605 952 1636 h.
967 1616 994 1635 e.
1011 1605 1108 1634 animi
1124 1605 1273 1644 impetus.

837 1663 1047 1699 340—346.
1066 1664 1114 1692 De
1132 1663 1239 1692 AEneae
1259 1671 1367 1702 pugna

787 1710 855 1752 lege
874 1712 1033 1750 Quintum
1051 1711 1115 1739 XII
1128 1732 1136 1747 ,
1163 1709 1229 1738 300
1254 1717 1301 1748 sq.
1320 1724 1368 1731 —

788 1759 852 1787 Per
867 1757 976 1786 lunam
1004 1756 1098 1786 docte
1127 1754 1242 1794 adjecit
1259 1760 1364 1794 poeta.

788 1804 1043 1845 Adglomerant‚
1065 1802 1159 1833 docte
1171 1825 1179 1839 ‚
1207 1812 1239 1831 se
1257 1799 1366 1839 adjun-

790 1857 881 1891 gunt.
912 1861 983 1891 sup.
1015 1850 1081 1880 315
1097 1849 1280 1891 glomerare
1295 1857 1365 1876 ma-

789 1907 865 1926 num
885 1896 1055 1939 adjungere
1077 1906 1209 1931 manus,
1233 1894 1363 1924 sociare.

788 1945 934 1974 Suaviter
949 1954 1055 1974 rernm
1068 1940 1255 1972 miserabilis
1270 1940 1365 1970 facies

788 1989 994 2031 distinguitur
1024 1988 1167 2030 episodio
1202 1987 1294 2017 brevi
1323 1985 1363 2017 de

788 2037 927 2066 Coroebo
940 2035 1114 2077 Mygdonis
1126 2032 1206 2064 filio.
1221 2050 1267 2056 —
1282 2034 1360 2068 341.

790 2082 977 2112 Glomeranc
999 2085 1076 2123 Reg.
1098 2080 1243 2110 Coroebus
1266 2080 1361 2110 unice

785 2140 879 2167 veie,
903 2129 941 2159 ab
962 2129 1095 2159 Heinsio
1117 2128 1299 2157 restitutum
1319 2136 1360 2156 ex

785 2171 944 2218 Κόροιῧος.
969 2175 1076 2216 Vulgo
1089 2174 1152 2204 fere
1168 2172 1355 2208 Clzoroebus‚

787 2221 962 2261 Chorebus,
983 2221 1128 2252 Corebus.
1147 2222 1257 2261 Puget.
1278 2220 1306 2251 T
1303 2217 1359 2249 Ιιο·
