1433 2460
164 83 228 124 296

667 80 858 111 AENEIDOS

161 140 411 186 Adreetaeque
427 136 589 173 horrore
607 148 742 182 comm,
763 145 799 172 et
815 149 891 173 vox
911 134 1082 172 saucibus
1103 136 1220 173 haesit.

1315 145 1361 168 280

160 199 279 236 Ardet
299 198 405 235 abire
428 197 534 247 fuga,
557 197 752 247 dulcisque
770 197 982 246 relinquere
1003 206 1138 243 {erra-5,

161 258 365 295 Adtonitus
383 265 487 294 tanto
508 258 651 294 monitu
674 257 910 307 imperioque
927 257 1098 293 ‹li-orum.

163 320 244 353 lleu
263 317 354 366 quid
373 318 479 366 agat?
495 329 572 366 quo
590 331 690 353 nunc
709 317 877 366 reginam
896 316 1041 354 ambire
1061 318 1246 354 furentem

160 378 309 414 Audeat
329 377 482 414 adfatu?
500 391 584 428 quae
606 378 727 427 prima
747 377 903 414 exordia
923 381 1068 414 sumat?

160 438 303 487 'Atque
320 438 487 475 animum
506 452 606 475 nunc
624 438 699 475 huc
717 438 896 484 celerem,
918 450 1018 473 nuuc
1034 437 1169 474 dividit
1190 437 1296 483 illue,
1317 445 1362 468 28⁵

159 498 219 534 *In
241 500 435 549 partisque
457 500 557 550 rapit
579 500 721 546 varias,
739 511 885 550 perque
905 499 1031 535 omnia
1053 508 1186 535 versat.

158 561 248 596 Haee
265 560 465 597 alternanti
482 561 610 610 potior
629 561 814 598 sententia
832 561 910 597 visa
928 567 995 596 est.

157 619 355 656 Mnesthea
374 623 669 671 Sergestumque
691 631 819 667 vocat,
839 621 1052 670 sortemque
1072 619 1316 663 Cloanthum·,

156 679 318 717 Classem
336 690 465 730 aptent
488 682 610 727 taciti,
631 682 754 719 socios
776 682 823 720 ad
842 682 951 718 litora
971 689 1125 730 cogant3

155 742 278 793 Arma
291 750 442 789 parent,
462 749 519 786 et,
540 754 624 790 quae
641 742 688 777 sit
709 741 822 778 rebus
844 753 974 777 caussa
995 739 1179 776 novandis
1193 766 1203 784 ,

1311 754 1357 777 200

155 798 423 845 Dissimuleut3
441 814 522 837 sese
544 801 706 846 interea,
731 802 883 849 quando
906 801 1050 849 optima
1070 800 1169 836 Dido

155 859 325 903 Nesciat,
343 868 379 896 et
397 867 520 895 tantos
542 859 667 908 rumpi
686 872 761 895 non
784 869 910 909 speret
931 872 1100 905 amores,

155 921 405 956 Tentaturum
427 919 570 966 aditus,
593 927 629 956 et
646 933 731 969 quae
750 920 966 957 mollissima
986 919 1086 955 sandi

460 965 465 981 1

156 981 362 1029 Tempora,
383 979 467 1029 quis
489 979 603 1016 rebus
622 980 755 1017 dexter
776 980 922 1017 modus.
942 980 1058 1017 Ocius
1080 991 1208 1016 omnes

158 1130 272 1174 Θαλερὴ
294 1128 331 1161 δέ
345 1129 372 1162 οἱ
392 1130 499 1172 ἔσχετο
520 1130 616 1174 φωνή.
639 1132 678 1163 cf,
695 1133 730 1163 Il.

159 1191 182 1209 ω
195 1202 203 1217 ,
224 1179 289 1209 358
306 1190 374 1220 sqq.

206 1226 247 1255 28
258 1227 401 1262 1—284.
422 1226 546 1267 Egregii
563 1236 672 1255 versus
688 1236 735 1256 re-

158 1283 231 1302 rum
264 1274 396 1302 veritate
425 1279 456 1301 et
483 1272 657 1302 verborum
686 1272 733 1301 di-

157 1320 254 1349 lectu.
272 1319 366 1348 Heu!
390 1318 471 1359 quid
483 1322 590 1359 agat:⁷
618 1326 653 1348 ut
667 1320 713 1349 lx
725 1341 733 1355 ‚

160 1368 225 1406 399
248 1374 279 1396 et
298 1365 338 1395 al.
357 1364 506 1401 Ambfre,
527 1375 601 1394 cum
615 1365 732 1395 dilectu

159 1424 218 1453 pro
232 1413 327 1443 adire.

207 1459 285 1490 285.
311 1461 418 1499 Atque
448 1469 558 1488 omnes
586 1457 678 1488 codd.
703 1466 734 1488 et

158 1505 261 1536 Schol.
277 1507 398 1546 Cruqu.
414 1506 539 1535 Horatii
555 1506 585 1534 ΙΙ
599 1505 659 1535 od.
683 1506 732 1535 16.

158 1553 384 1593 Importunum
409 1558 514 1581 tamen
538 1559 568 1581 et
593 1552 672 1581 forte
694 1563 733 1581 ex

158 1598 214 1629 lib.
234 1600 335 1634 VIII,
357 1609 398 1628 2ο
424 1598 563 1634 illatum,
589 1598 645 1627 ubi
669 1598 732 1628 duo

157 1645 190 1674 hi
199 1656 306 1675 versus
314 1651 515 1685 repetuntur.
525 1645 629 1674 Placet
639 1646 734 1675 Heiu-

158 1692 196 1720 sii
211 1693 295 1730 conj.
313 1699 408 1731 utque
424 1690 579 1723 animum.
589 1710 637 1715 —-
649 1693 714 1721 235
723 1715 732 1729 ‚

161 1738 237 1768 286.
252 1741 369 1769 Putant
385 1748 569 1777 expressum
591 1740 734 1769 Homeri-

159 1795 234 1814 cum
253 1784 343 1814 Iliad.
359 1794 397 1821 οι,
422 1795 453 1814 v.
482 1785 544 1824 189
558 1796 566 1821 ;
581 1782 732 1825 διάνδιχα.

159 1828 341 1879 μερμήριξεν
354 1841 362 1865 ;
377 1847 424 1852 ——
436 1831 498 1868 287
511 1853 519 1866 ‚
535 1842 576 1861 ex
593 1833 683 1863 Iliad.
700 1830 732 1868 ξ,

161 1878 201 1907 23
221 1887 228 1908 ;
245 1874 309 1908 Ωδε
326 1874 362 1907 δέ
379 1875 406 1906 οἱ
423 1876 578 1919 φρονέοντι
598 1875 732 1909 δοάσσα-

159 1935 192 1954 το
208 1921 329 1967 κέρδιον
343 1920 437 1956 sivum:
452 1933 483 1955 et
494 1936 530 1962 π,
543 1926 732 1965 647-652

160 1979 190 2000 et
203 1982 284 2012 saepe
300 1971 393 2002 alibi:
411 1972 451 2002 cf.
464 1972 580 2013 Odyss.
592 1976 610 2003 λ
620 1995 628 2010 ,
648 1973 712 2002 228
724 1995 732 2010 ,

163 2028 239 2057 229.
284 2018 406 2048 Dividit
441 2018 602 2049 efficacius
639 2030 734 2059 quam

160 2065 256 2093 vertit
267 2087 275 2101 ‚
286 2072 406 2103 versat,
421 2066 540 2103 volvit,
558 2074 594 2096 ut
610 2078 639 2097 v.
657 2076 734 2104 701,

163 2120 240 2147 702.
273 2111 460 2141 Alcertzanti
471 2136 479 2149 ,
516 2114 601 2143 varia
629 2120 734 2143 mente

161 2158 318 2187 tractanti.
343 2159 429 2188 Serv.
444 2171 454 2193 ;
481 2161 579 2191 immo
608 2160 734 2191 alternis

162 2204 267 2233 animo
285 2206 421 2246 versangi
436 2205 511 2236 haec.

836 1133 913 1163 288.
932 1134 1120 1172 For-temque
1137 1133 1292 1160 Serestum
1309 1141 1362 1171 op-

788 1180 857 1209 timi
886 1180 960 1209 libri
989 1178 1107 1209 Medic.
1140 1176 1225 1207 Gud.
1253 1184 1283 1206 et
1310 1177 1361 1206 alii

787 1225 873 1267 apud
885 1227 963 1256 l'ier.
976 1232 1006 1255 et
1017 1227 1126 1256 Heius.
1141 1231 1172 1254 et
1187 1224 1362 1265 fragm.Va-

789 1274 841 1302 tic.
857 1284 892 1302 ac
908 1272 974 1302 duo
992 1271 1089 1301 Goth.
1102 1294 1110 1307 ‚
1129 1279 1160 1301 et
1172 1277 1276 1311 potest
1291 1270 1360 1300 vul-

788 1326 857 1360 gata
876 1329 915 1348 ex
934 1319 990 1348 lib.
1014 1320 1048 1354 Ι,
1081 1318 1145 1347 510
1167 1317 1296 1357 repetita
1322 1318 1363 1345 vi-

788 1365 855 1395 deri
868 1376 875 1402 3
894 1365 978 1395 uude
994 1366 1087 1395 etiam
1099 1362 1229 1393 Anthea
1243 1365 1276 1392 in
1286 1373 1363 1393 non-

788 1412 895 1442 nullos
925 1413 1022 1441 venit.
1053 1412 1193 1446 Mescea,
1223 1409 1363 1440 Cloanea

789 1459 883 1489 al.--
897 1459 961 1488 288
981 1470 1048 1499 sqq.
1076 1459 1188 1487 Forma
1212 1457 1363 1486 orationis

788 1512 913 1546 poetam
930 1506 1037 1541 decet,
1057 1514 1135 1544 pro,
1161 1504 1363 1543 Hoc—opti-

788 1564 877 1583 mum
910 1554 994 1582 factu
1018 1553 1122 1581 visum
1155 1557 1220 1586 est,
1249 1559 1362 1579 vocare

788 1600 1158 1636 Mnestheum—eosque
1179 1596 1291 1636 jubere
1305 1607 1363 1625 ηα-

789 1657 838 1675 ves
860 1647 945 1676 clam
964 1645 1117 1675 instmere
1130 1665 1138 1680 ,
1155 1643 1255 1673 socios
1269 1652 1363 1671 nava-

788 1692 833 1722 les
852 1703 1026 1722 convocare
1043 1689 1105 1733 (cf.
1126 1690 1187 1720 Od.
1204 1688 1239 1727 ξ,
1264 1689 1361 1730 332),

787 1739 939 1779 expedire
953 1744 1156 1768 armamenta
1170 1734 1318 1770 navalia,
1333 1743 1364 1764 et

787 1785 986 1815 dissimulare
1015 1794 1076 1824 qua
1103 1782 1142 1811 de
1165 1792 1272 1812 caussa
1296 1781 1362 1811 haec

787 1838 902 1872 praeter
916 1832 1172 1873 expectationem
1189 1829 1314 1860 faciant.

837 1879 918 1917 293,
953 1885 1031 1918 294.
1059 1880 1140 1908 Pro:
1166 1883 1361 1906 tentaturum

789 1923 895 1953 adicus
904 1942 951 1948 —-
960 1932 1103 1964 tempora
1113 1940 1158 1946 -
1166 1929 1197 1952 et
1209 1922 1337 1952 modum
1350 1945 1357 1957 ,

788 1972 844 2012 qui
858 1971 898 2000 sit
920 1971 1014 2001 rebus
1035 1968 1160 2011 agendis
1176 1975 1207 1998 et
1223 1969 1362 1999 consiliis

789 2017 1055 2048 accommodatus.
1087 2015 1220 2052 Aditus,
1239 2022 1275 2045 ut
1302 2016 1361 2046 inf.

791 2066 873 2101 423,
899 2064 937 2094 de
963 2061 1102 2103 alloquio
1123 2071 1130 2091 :
1156 2061 1358 2098 mollissima,

789 2110 916 2151 quando
935 2110 973 2140 tle
992 2108 1130 2139 discessu
1147 2109 1317 2140 consilium
1332 2109 1361 2139 ei

788 2158 907 2197 exponi
930 2161 1035 2197 posset
1061 2155 1262 2195 mollissime,
1287 2166 1362 2187 cum

789 2205 921 2234 minimo
935 2204 1003 2242 ejus
1018 2201 1138 2233 dolore.
