1402 2460
562 95 682 126 LIBER
707 95 750 124 ῙῘ.
1193 103 1204 120 1
1215 103 1228 128 7
1242 103 1251 119 1

58 154 191 203 Eripe,
208 162 312 198 nate,
331 153 475 203 fugam,
494 152 683 201 finemque
703 151 855 199 impone
875 149 1008 186 labori.

59 216 254 262 Nusquam
270 212 405 258 abero,
423 220 460 249 et
476 220 599 249 tutum
615 210 740 261 patrio
758 219 793 246 tc
811 209 938 257 limine
959 209 1096 246 sistam.
1116 224 1130 239 ›1
1202 216 1252 240 διο

51 323 59 329 .
110 275 288 320 Dixerat,
305 283 342 312 et
362 274 489 324 spissis
508 273 628 310 noctis
649 284 687 309 se
707 270 876 309 condidit
893 270 1048 308 umbris.

61 332 253 382 Adparent
269 333 360 370 dirae
378 333 509 379 facies,
527 332 755 381 inimicaque
773 331 898 381 Trojae

59 394 224 431 Numina
238 407 372 445 magna
389 393 512 430 deum.

112 457 210 491 Tum
227 467 318 491 vero
335 466 445 491 omne
461 452 555 490 mihi
573 452 696 489 visum
716 451 912 488 considere
928 452 968 488 in
982 451 1079 502 ignis

60 515 171 552 Ilium
183 543 193 561 ‚
211 524 247 552 et
264 528 311 552 ex
327 515 404 551 imo
421 514 518 551 verti
534 512 726 562 Neptunia
742 512 873 562 Troja3

1207 519 1256 544 625

61 577 116 610 Ac
131 574 248 611 veluti
266 575 420 612 summis
437 573 630 622 antiquam
647 571 686 608 in
705 571 898 609 montibus
918 583 1055 608 ornum

63 635 190 679 Quum
210 634 311 670 ferro
331 633 495 670 adcisam
512 632 732 680 crebrisque
752 630 982 680 bipennibus
1002 632 1142 667 instant

62 694 204 729 Emere
223 693 396 743 agricolae
414 691 603 738 certatim3
620 690 683 727 illa
703 703 822 739 usque
843 689 1027 734 minatur,

63 879 223 908 Dardana
241 889 344 914 arma,
366 878 516 908 adversus
529 878 635 917 Troja-

62 935 120 955 nos
134 932 320 966 pugnantes.

109 971 188 1011 619.
209 971 305 1011 Eripe
328 982 387 1012 pro
397 970 517 1012 fitgam
533 982 628 1011 rape,

63 1019 177 1057 raptim
197 1028 338 1058 capesse,
354 1018 500 1047 accelera.
516 1017 588 1047 Fin.
611 1018 630 1047 i.

63 1063 174 1099 labori,
189 1074 304 1104 pugnae
314 1086 322 1101 ‚
333 1063 458 1094 discede
472 1063 510 1093 ab
527 1064 630 1093 armis.

62 1111 129 1151 Ego
162 1117 190 1140 te
224 1121 280 1150 per
307 1110 412 1141 hostes
437 1110 558 1140 medios
581 1117 632 1139 tu-

63 1162 131 1185 tum
160 1156 309 1186 reducam
331 1158 364 1186 in
380 1156 511 1186 domum
534 1163 631 1186 tuam.

64 1202 148 1232 conf.
165 1213 244 1232 vers.
263 1203 341 1239 632,
359 1204 437 1239 634.
452 1202 634 1242 ——Excipe

65 1255 140 1278 reate
165 1251 273 1289 Puget.
303 1250 392 1290 Fuga
415 1259 500 1278 unus
524 1248 632 1285 Leid.‚

63 1301 94 1324 et
113 1295 158 1324 sic
173 1295 255 1333 conj.
281 1296 446 1336 Scioppius
462 1317 470 1331 ‚
490 1302 521 1324 et
543 1294 633 1324 facile

63 1347 110 1370 est
134 1342 308 1379 conjicere,
333 1348 369 1371 ut
395 1341 558 1371 subintell.
591 1348 632 1370 te.

61 1387 168 1417 Burm.
184 1388 267 1425 conj.
288 1388 394 1428 arripe
407 1394 483 1417 nate
486 1386 605 1429 fugam
619 1399 631 1423 ;

62 1443 251 1473 quamquam
259 1441 289 1463 et
298 1434 393 1473 hujus
408 1434 517 1463 formae
526 1444 633 1463 exem-

61 1479 153 1519 plum
185 1479 361 1517 desideres3
387 1486 424 1509 ut
449 1481 490 1509 sit
511 1479 634 1509 dietum

61 1535 121 1565 pro
137 1535 233 1566 rape,
261 1525 379 1566 raptim
402 1536 493 1565 cape.
518 1525 637 1556 Probat

62 1577 166 1601 tamen
183 1571 392 1613 Oudendorp.
413 1572 489 1602 Cur.
509 1582 571 1602 sec.
597 1571 638 1601 ad

17 1653 21 1657 ι
62 1617 207 1647 Frontin.
225 1629 258 1658 p.
285 1619 361 1649 356.
382 1620 450 1648 JOS.
474 1617 636 1648 Schrader.

63 1664 187 1692 acutius
199 1665 283 1701 conj.
299 1666 319 1693 I
328 1675 416 1703 rape.
427 1663 544 1693 Melius
560 1670 640 1693 esset

63 1707 169 1738 dicere
189 1711 401 1749 compositum
423 1719 484 1749 pro
500 1710 636 1750 simplici

63 1756 203 1794 positum
213 1778 222 1791 ,
248 1761 283 1784 ut
299 1766 367 1785 mos
379 1756 482 1795 poetis
492 1778 501 1791 ‚
515 1762 546 1784 et
567 1757 637 1795 qui-

63 1800 135 1830 dem
150 1802 185 1830 in
202 1801 260 1830 hac
286 1802 354 1842 ipsa
378 1811 457 1830 voce
478 1801 534 1831 inf.
551 1802 615 1831 VII
626 1824 635 1838 ‚

68 1857 80 1876 1
92 1857 131 1886 19
152 1846 266 1887 eripuit
277 1858 336 1888 pro
355 1848 461 1887 rapuit
474 1869 482 1883 ‚
499 1849 634 1888 excepit.

62 1894 103 1923 Et
117 1893 230 1923 similia
239 1895 355 1934 passim
368 1893 454 1924 alibi.
465 1894 637 1923 Enimvero

62 1949 178 1969 veram
196 1941 350 1976 rationem
375 1939 457 1969 hanc
476 1950 542 1969 esse
565 1951 639 1970 cen-

63 1995 117 2028 seo
132 1995 139 2015 :
156 1993 203 2015 est
221 1986 359 2026 eripere,
378 1985 411 2015 h.
430 1997 458 2016 e.
469 1996 582 2025 rapere
585 1985 639 2027 fic-

60 2041 140 2073 gam
154 2042 196 2061 ez
210 2032 259 2061 his
272 2032 382 2069 rebus,
397 2038 428 2061 et
442 2032 504 2062 hoc
518 2032 636 2063 labore.

62 2077 203 2119 ,Vulgare
227 2085 306 2108 esset
324 2087 332 2108 :
356 2077 476 2118 eripere
496 2089 528 2108 se
537 2078 636 2120 fitga.

111 2124 191 2155 622.
201 2125 287 2155 Dum
302 2124 354 2154 illa
363 2123 522 2164 loquitur,
533 2128 638 2155 AEneae

65 2177 239 2200 cernuntur
251 2170 296 2200 dii
305 2173 454 2211 occupati
461 2171 541 2201 urbe
551 2182 639 2202 ever-

64 2215 170 2246 tenda.
191 2216 318 2248 Grande
335 2223 367 2247 et
381 2217 524 2248 mirabile
540 2218 638 2260 phan-

689 878 802 907 tasma!
815 895 862 901 —
872 877 951 908 623.
963 877 1054 907 Dirce
1058 875 1177 918 facies,
1194 886 1261 906 non

687 930 827 954 monstra
838 947 846 961 ‚
866 923 921 954 sed
935 923 1041 954 dirum
1054 924 1168 953 visum.

735 970 813 1000 625.
833 972 907 1001 Post
925 969 1022 1011 Troja
1048 969 1149 1000 nolim
1167 969 1260 1010 plene

686 1018 911 1057 interpungere
921 1039 930 1053 ‚
950 1023 987 1046 ut
1001 1016 1098 1057 vulgo
1112 1014 1150 1045 fit
1164 1026 1172 1046 ε
1188 1026 1261 1045 nani

687 1063 894 1104 repetendum
912 1064 947 1092 in
961 1073 1048 1102 seqq.
1063 1064 1113 1092 Ac
1127 1061 1204 1092 visa
1218 1069 1264 1091 est

687 1109 814 1139 minam
846 1108 990 1146 trahere,
1018 1108 1124 1138 veluti
1147 1119 1260 1144 ornus,

689 1167 784 1197 quum
797 1166 864 1185 cam
875 1162 934 1185 etc.
946 1166 971 1185 r.
989 1154 1100 1185 traxit.
1116 1156 1206 1184 Dura
1222 1162 1264 1184 ta-

689 1213 761 1232 men
772 1202 840 1232 haec
851 1225 859 1239 ‚
875 1209 906 1231 et
916 1202 1001 1231 curis
1010 1201 1159 1231 secundis
1175 1200 1264 1230 facile

689 1256 851 1289 exspectes
865 1249 900 1277 in
912 1248 1033 1277 leniora
1044 1247 1112 1276 haec
1125 1254 1265 1276 mutatu-

689 1305 761 1324 rum
775 1294 869 1323 fuisse
881 1293 1227 1334 poetam.—-626—63
1236 1303 1264 1322 1.

688 1340 807 1372 Similia
821 1351 862 1370 ex
877 1342 1018 1370 Homero
1032 1338 1121 1369 Iliad.
1139 1335 1160 1368 ὃ
1172 1361 1181 1376 ,
1198 1339 1262 1375 482

688 1398 735 1427 sq.
764 1393 795 1416 et
817 1386 993 1427 Apollonio
1019 1387 1086 1422 IV,
1109 1385 1194 1415 1682
1218 1395 1265 1425 sq.

687 1434 760 1463 loca
784 1432 918 1462 laudaut
942 1431 1090 1461 Macroh.
1118 1433 1164 1468 V,
1190 1442 1264 1467 11.,

689 1480 844 1515 Ursinus3
860 1477 1008 1508 Guelh'ns
1026 1484 1057 1507 et
1076 1476 1195 1515 Cerda3
1212 1477 1267 1507 sed

691 1524 730 1554 ad
748 1525 890 1562 occisos,
912 1534 982 1554 non
1010 1523 1049 1553 ad
1074 1523 1164 1553 urbis
1179 1524 1267 1554 exci-

691 1571 780 1601 dium
794 1594 804 1607 ‚
834 1572 996 1606 instituta,
1029 1569 1268 1611 verborumque

693 1624 807 1648 ornatu
847 1627 920 1646 cum
955 1617 988 1647 h.
1023 1616 1045 1646 l.
1080 1617 1269 1656 neutiquam

694 1663 916 1704 comparanda.
947 1663 1000 1693 Ab
1030 1662 1124 1692 initio
1161 1661 1270 1692 deficit

691 1710 857 1740 commoda
869 1710 1020 1739 transitus
1040 1708 1177 1738 formula
1194 1719 1202 1739 :
1219 1710 1269 1737 Ac

690 1755 804 1786 veluti.
816 1757 892 1786 Non
901 1756 986 1784 enim
996 1755 1141 1794 seqnitur
1151 1754 1270 1794 apodo·

691 1803 749 1837 sis,
770 1812 842 1841 qnae
854 1801 945 1830 facile
960 1801 1119 1840 expectari
1133 1807 1268 1840 poterat.

691 1849 786 1878 Nunc
817 1846 1012 1888 explendum
1039 1855 1047 1876 :
1069 1845 1145 1875 visa
1170 1847 1269 1887 Troja

692 1893 797 1930 verti,
819 1894 935 1930 everti,
956 1903 996 1922 ac
1014 1893 1141 1921 ruinam
1165 1892 1268 1922 trahe-

694 1950 742 1976 re,
760 1939 866 1969 veluti
892 1949 988 1969 ornus
1007 1938 1126 1976 traxit,
1150 1938 1265 1977 trahit,

694 1985 831 2016 ruinam.
847 1996 864 2015 e
888 1997 919 2016 v.
938 1986 1017 2016 631.
1044 1987 1204 2016 Ornatam
1227 1986 1265 2016 il-

692 2032 748 2061 lud
766 2032 952 2062 vulneribus
979 2041 1159 2072 supremum
1183 2032 1267 2073 inge-

693 2078 794 2108 muit:
811 2085 842 2108 et
865 2078 1028 2119 traxitque
1042 2077 1133 2119 jugis
1156 2078 1267 2108 avulsa

692 2125 840 2161 ruinam,
862 2125 935 2166 plus
963 2134 1058 2166 qnam
1090 2123 1202 2160 darie,
1219 2123 1268 2164 [ὲ-

692 2171 752 2207 c1't;
773 2178 803 2201 et
817 2171 886 2201 haec
898 2181 974 2212 pro,
991 2169 1136 2201 evellitur
1151 2170 1265 2208 arbor,

686 2218 823 2258 proruit.
841 2236 888 2242 ——
907 2218 984 2256 627.
1010 2216 1176 2248 Abscisam
1200 2217 1264 2247 duo
