1433 2460
123 86 183 122 352
598 81 817 112 tixct'ttst's
843 80 889 111 111

167 144 252 172 Inter
267 142 332 170 lime
351 143 481 171 Penates
504 140 716 179 'l'rojnnorum
740 138 898 169 confundi
913 148 1037 179 empore
1051 147 1124 168 cum
1141 137 1202 168 diis
1217 140 1324 169 Samo-

120 198 263 226 thracum
281 195 416 237 magnis.
435 196 500 224 Noc
520 195 656 231 miruni;
674 195 698 223 si
715 193 842 234 quidem
863 194 1041 223 columnulis
1057 200 1191 232 utraque
1205 192 1265 221 suit
1280 202 1325 221 re-

120 253 214 292 ligio:
231 258 363 290 utraque
379 256 533 279 xetustate
555 249 780 278 memorabilis.
798 248 891 279 Redit
912 248 989 278 adeo
1007 247 1180 288 disputatio
1195 245 1233 275 ad
1251 245 1326 275 deos

122 305 279 344 sab->705
296 305 335 333 (le
358 304 494 344 quibus,
520 310 591 343 post
625 302 829 332 Guthberleti
861 302 1004 332 libellum
1016 324 1024 337 ‚
1049 308 1079 330 et
1111 299 1322 337 Bochartum,

120 360 218 389 multa
233 361 305 388 satis
322 358 481 388 subtiliter
492 358 620 398 quaesita
636 363 710 385 sunt
728 357 820 385 ctiam
837 367 853 385 a
869 358 1013 394 Fracto,
1028 356 1108 386 Ilist.
1125 355 1165 384 cle
1176 355 1261 384 l'Ac.
1273 353 1328 383 des

123 417 219 444 Inscr.
242 421 317 444 tom.
347 415 473 444 xxvll
488 413 518 453 )‚
541 411 594 441 sed
620 410 657 440 ad
687 411 855 451 opiniones
881 411 979 451 magis
1009 417 1039 440 et
1063 411 1328 449 conjectationes,

120 479 213 509 quam
232 467 271 497 ad
287 474 430 497 veterum
446 466 651 496 historiarum
670 463 767 494 fidem
783 474 790 495 :
810 463 848 494 ad
861 474 997 504 quarum
1016 463 1148 494 ductum
1165 463 1278 493 melius
1290 461 1329 492 de

121 524 158 552 iis
177 523 373 563 disputatum
393 528 437 551 est
454 531 558 561 nuper
573 531 588 549 a
602 520 672 550 viro
689 519 816 550 doctiss,
834 521 897 549 Ste.
920 518 1019 549 croix
1034 517 1251 559 (Becherckes
1276 527 1330 547 sur

121 578 166 606 les
184 577 338 616 Mystercs
354 587 385 616 p.
399 574 468 616 26.)
483 577 569 604 Inter
585 574 755 603 Britannos
769 574 893 614 ingenia
909 574 944 603 in
961 573 1025 603 hoc
1045 578 1231 613 argumento
1244 581 1330 602 exer-

122 641 215 660 cuere
235 630 247 671 (
263 630 350 659 U't'se
364 629 376 671 )
392 628 581 671 Oftlzefirst
604 626 810 657 lnlzabicants
829 626 1005 668 ofEurope
1019 638 1050 667 p.
1069 627 1109 656 38
1121 649 1130 666 ,
1146 632 1177 656 et
1191 625 1242 655 vir
1257 625 1332 655 doc-

122 687 186 715 tiss.
199 685 283 715 idem
295 692 325 714 et
336 685 491 726 sagaciss„
504 685 574 712 Jac.
592 684 727 721 Bryant,
742 681 898 721 Analysis
910 689 986 712 tom.
1001 683 1044 719 11,
1058 692 1090 722 p.
1108 681 1149 716 46
1158 691 1184 711 1.
1196 679 1334 721 Quando

121 738 250 779 quidem
261 739 388 768 Gemini
400 739 433 767 in
448 736 585 767 Zodiaco
599 735 638 765 ab
652 736 808 777 AEgyptiis
822 737 998 766 constituto
1008 742 1201 773 occurrunt,
1213 733 1252 764 ad
1262 735 1335 765 Gat-

123 795 217 824 tereri
233 794 333 823 nostri
348 792 480 822 ductum
500 791 643 832 Cabyros
668 801 707 820 ex
730 789 910 820 calendario
926 791 1151 832 AEgyptiorum
1166 788 1337 820 illustravit

124 851 279 879 Hermam.
305 846 437 886 Mrthol.
463 846 528 875 vol.
549 847 597 875 ΙΙΙ
610 867 618 881 ,
635 856 665 885 p.
692 846 754 874 160
772 856 840 885 sqq.
866 844 1020 875 Alienum
1039 844 1080 874 ab
1097 844 1130 874 h.
1144 843 1166 874 l.
1184 850 1215 874 et
1231 844 1335 874 consi-

124 903 169 933 lio
189 909 267 932 esset
280 925 288 939 ‚
305 901 342 931 ad
361 899 553 941 hypotheses
584 905 613 928 et
644 899 812 939 opiniones
843 897 999 929 deerrare.
1021 900 1104 929 Loca
1137 897 1226 928 class.
1256 904 1336 927 sunt

125 958 273 989 Strabou.
293 959 323 987 X
335 979 343 994 ‚
364 966 434 996 pag.
463 954 527 992 723
542 971 588 978 —-
600 953 665 991 726
678 965 686 990 ;
706 952 812 983 Schol.
833 952 1021 993 Appollonii
1040 956 1053 983 1
1063 976 1070 990 ,
1095 953 1182 993 916;
1197 953 1332 994 Dionys.

126 1011 227 1040 Halic.
249 1013 264 1040 I
276 1033 284 1047 ‚
299 1009 454 1048 67—693
473 1009 578 1037 Varro
598 1006 637 1037 de
650 1008 685 1037 L.
705 1008 739 1036 L.
754 1007 812 1044 IV,
828 1017 860 1047 p.
884 1017 920 1045 17
935 1018 944 1044 ;
960 1006 1105 1037 Macrob.
1124 1008 1190 1044 111,
1209 1012 1240 1043 4.
1257 1008 1337 1047 Quae

127 1077 166 1095 ex
179 1066 229 1096 his
241 1089 249 1103 ,
265 1072 301 1094 ut
314 1063 507 1104 simpliciora
519 1085 527 1100 ,
545 1063 586 1092 ita
603 1061 819 1103 probabiliora
837 1061 955 1101 habeo,
972 1062 1041 1092 haec
1057 1068 1132 1092 sunt
1145 1071 1153 1093 :
1168 1061 1337 1102 religiones

125 1122 199 1150 istas
213 1127 244 1150 et
258 1120 445 1160 antiquitate
459 1124 490 1148 et
506 1118 629 1158 origine
642 1117 736 1146 fuisse
760 1115 929 1154 obscuras;
946 1118 1047 1158 ipsam
1058 1116 1192 1147 deorum
1205 1116 1337 1147 formam

127 1185 240 1215 parum
257 1174 334 1203 scite
353 1182 550 1214 expressam,
569 1179 605 1202 ut
628 1181 687 1201 nec
705 1178 868 1212 appareret
884 1172 1062 1210 juveniline
1092 1182 1133 1201 an
1156 1170 1248 1200 senili
1267 1180 1337 1211 spe-

128 1230 176 1259 cie
192 1235 295 1258 essent
313 1227 453 1257 habendi
471 1236 478 1257 t
494 1227 527 1257 id
543 1225 631 1268 quod
653 1227 687 1256 in
703 1225 791 1256 rudis
809 1236 914 1267 operae
933 1226 1110 1256 simulacris
1125 1225 1266 1255 evenisse
1283 1225 1339 1254 mi-

128 1294 200 1314 rum
219 1294 286 1314 non
310 1289 376 1320 cst3
394 1282 495 1312 videri
516 1283 624 1322 itaque
646 1281 834 1311 Phoenicum
857 1281 986 1310 Pataecis
1004 1280 1120 1310 similes
1135 1279 1247 1317 fuisse,
1259 1278 1340 1309 sorte

129 1340 225 1369 etiam
241 1338 280 1367 ab
295 1337 362 1367 aliis
376 1337 535 1378 profectos
551 1336 694 1376 Cabyros
710 1334 771 1375 (cf.
783 1334 938 1365 Herodot.
953 1336 1000 1365 111
1011 1357 1019 1372 ‚
1037 1336 1076 1373 37
1088 1334 1120 1376 );
1135 1344 1260 1376 magnas
1269 1343 1341 1364 suc-

129 1394 255 1424 cessisse
271 1392 464 1421 mutationes
487 1391 602 1419 harum
627 1389 844 1428 religionum:
866 1388 905 1418 ab
928 1389 1022 1418 initio
1046 1387 1140 1418 fuisse
1160 1388 1285 1419 Coelum
1309 1394 1340 1417 ct

128 1451 258 1480 Terram
274 1458 282 1485 ς
297 1453 405 1488 postea
423 1445 586 1475 accessisse
601 1443 667 1473 duo
682 1443 778 1475 alios:
793 1453 880 1472 nunc
894 1450 1032 1483 quatuor
1047 1444 1106 1473 ista
1119 1443 1250 1472 numina
1262 1465 1270 1479 ‚
1286 1441 1339 1472 do-

131 1503 271 1534 mesticis
287 1500 474 1531 nominibus
487 1499 652 1539 insignita,
667 1497 930 1537 interpretatione
948 1498 1034 1526 varia
1049 1496 1087 1526 ad
1103 1497 1244 1527 diversos
1266 1496 1342 1527 deos

133 1559 320 1587 Graecorum
335 1554 446 1584 referri
464 1554 594 1592 coepisse
608 1561 617 1582 ε
634 1551 732 1591 igitur
748 1551 782 1579 in
799 1551 862 1580 illis
880 1552 1049 1581 memorari
1070 1550 1176 1581 videas
1196 1552 1341 1582 Cererem

133 1619 163 1642 et
181 1611 421 1650 Proserpinam3
437 1607 549 1637 ssaden
566 1612 596 1635 et
612 1605 811 1635 Mercurium
823 1628 831 1642 ‚
849 1605 888 1635 ab
903 1606 970 1635 aliis
982 1604 1144 1636 Bacchum
1160 1613 1191 1636 et
1206 1607 1339 1646 Jovem3

134 1666 227 1695 etiam
237 1663 421 1693 Vulcanum
431 1660 464 1689 in
476 1659 525 1688 his
536 1657 703 1698 quaesitum
714 1667 722 1694 3
735 1657 810 1686 item
825 1657 968 1697 Cybelen
979 1667 987 1689 :
1001 1668 1060 1687 nec
1073 1658 1284 1699 improbabile
1294 1658 1342 1697 fit,

135 1719 250 1748 adscita
280 1717 376 1746 fnisse
400 1715 469 1744 liaec
495 1715 561 1754 ipsa
587 1722 673 1741 sacra
691 1711 810 1741 seriore
825 1718 935 1749 aetate3
951 1722 1022 1752 quae
1044 1712 1172 1743 fortuna
1191 1712 1251 1743 suit
1270 1723 1342 1743 cum

137 1774 269 1804 aliarum
287 1771 501 1811 religionum,
527 1774 596 1797 tum
621 1766 767 1806 inprimis
794 1776 997 1797 arcanarum:
1023 1766 1058 1796 in
1078 1778 1171 1808 quas,
1186 1775 1222 1798 ut
1235 1775 1343 1798 nostra

134 1839 264 1870 quoque
280 1833 370 1857 aetate
383 1825 502 1854 factum
517 1821 676 1858 videmus,
688 1821 868 1850 intulerunt
881 1831 953 1861 quae
969 1823 1105 1862 quisque
1117 1822 1250 1864 vigilans
1265 1829 1346 1852 ster-
1391 1809 1417 1834 Λ·

136 1891 245 1913 tensve
261 1879 438 1911 somniabat
450 1901 457 1915 ‚
471 1876 618 1917 inprimis
631 1885 727 1915 super
740 1885 848 1905 rerum
863 1882 977 1905 natura
988 1876 1118 1916 ejusque
1133 1876 1165 1906 vi
1179 1877 1342 1917 genitrice.

137 1938 222 1978 Quia
236 1943 340 1966 autem
359 1934 496 1964 duorum
513 1930 755 1961 simulacrorum
767 1953 775 1969 ,
791 1930 898 1971 prisco
918 1940 1026 1967 more,
1046 1937 1198 1971 tanquam
1210 1930 1344 1960 fratrum
1392 1926 1394 1931 ’

136 1994 339 2030 junctorum,
356 1990 475 2030 species
495 1986 597 2017 oculis
616 1986 828 2017 occurrebant
842 2008 850 2023 ‚
868 1985 992 2016 confusi
1011 1984 1137 2015 tandem
1155 1984 1272 2026 Cabyri
1287 1996 1344 2016 seu
1386 1974 1391 1998 '¹
1422 2023 1423 2030 ἵ

138 2047 191 2075 Dii
217 2045 323 2085 magni
350 2050 426 2074 sunt
446 2053 519 2072 cum
535 2042 718 2079 Dioscuri53
737 2040 878 2081 dictique
902 2039 981 2070 adeo
1006 2046 1037 2069 et
1059 2038 1094 2068 hi
1114 2040 1219 2079 magni
1241 2040 1295 2068 Dii
1314 2046 1345 2069 et

141 2103 282 2131 Penates.
299 2101 326 2129 T
331 2098 425 2128 urbas
447 2097 519 2127 alias
540 2095 712 2134 fecithoc,
730 2095 819 2137 quod
841 2101 872 2125 et
890 2096 955 2135 ipse
971 2092 1148 2123 sacerdotes
1170 2093 1247 2123 dicti
1268 2100 1343 2124 sunt

144 2153 273 2184 Cabvri.

192 2207 339 2237 Ceterum
360 2208 509 2243 Penates,
535 2205 640 2245 ignem
655 2213 776 2234 sacrum
789 2224 798 2241 ,
822 2209 852 2233 et
865 2203 1040 2237 Palladium
1056 2204 1149 2236 etiam
1163 2203 1268 2246 jungit
1281 2204 1343 2234 Lu-
