1433 2460
596 127 717 157 Lmen
741 127 767 158 1.
1245 136 1284 165 (μ

83 187 211 224 Fortia
232 187 328 223 facta
347 195 498 236 patrum
512 213 521 231 ‚
538 187 653 224 series
670 184 887 234 longissima
905 197 1050 230 rernm,

83 250 154 284 Per
176 255 231 284 tot
248 248 362 284 ducta
380 246 482 282 viros
501 246 658 296 antiqua
673 245 722 282 ab
738 245 884 294 origine
902 245 1034 294 gentis.

134 309 269 344 AEncas
286 306 299 358 (
309 320 433 357 neque
450 306 550 344 enim
571 307 716 357 patrius
740 306 945 343 consistere
967 315 1130 343 mentem

81 371 214 405 Passus
231 368 361 419 amor)
384 367 561 418 rapidum
578 369 625 406 ad
645 368 751 405 navis
769 367 965 418 praemittit
979 366 1168 413 Achaten,

81 428 243 465 Ascanio
261 428 356 464 ferat
371 428 467 474 haec;
489 428 690 478 ipsumque
707 427 754 463 ad
775 428 911 463 moenia
927 427 1052 464 ducat.

82 489 216 526 Omnis
234 488 272 524 in
291 489 454 525 Ascanio
472 490 550 526 cau-i
571 497 644 526 stat.
660 501 752 525 cura
770 488 948 537 parentis.

79 552 242 586 Munera
260 559 464 600 praetcrea,
483 550 608 587 Iliacis
630 559 761 599 erepta
781 549 900 585 ruinis
912 576 923 594 ‚

80 613 196 646 Ferre
213 609 341 659 jubct;
364 610 501 660 pallam
519 610 634 660 signis
651 621 822 658 auroque
841 609 1025 657 rigentem
1037 636 1046 653 ‚

81 672 127 706 Et
147 670 441 707 circumtextum
460 683 598 707 crocco
615 670 788 706 velamen
809 668 991 713 acantho,

81 727 249 764 Ornatus
265 728 417 777 Argivae
434 728 588 764 Hclcnae
606 742 614 763 ε
636 739 731 776 quos
749 727 811 762 illa
827 726 998 774 Mycenis
1010 753 1019 770 ,

1238 734 1288 758 650

80 787 262 835 Pergama
278 799 396 835 quum
414 794 562 836 pctcrct
577 786 893 835 inconcessosque
910 787 1135 834 Hymcnaeos
1146 811 1155 827 ‚

81 846 295 892 Extulerat,
311 846 442 883 matris
458 847 570 883 Lcdae
590 845 764 883 mirabile
783 844 941 882 donum.

80 1023 191 1053 magna
209 1019 356 1053 argentea
380 1019 411 1042 et
424 1023 517 1042 aurea
529 1035 537 1050 ‚
554 1024 654 1054 eaque

81 1059 188 1089 caelata
197 1070 213 1089 e
222 1068 311 1089 more
321 1066 464 1089 veterum
481 1059 655 1090 admodum

81 1106 281 1145 frequentato
292 1129 300 1143 ‚
315 1113 346 1135 et
363 1106 395 1136 h.
410 1106 431 1135 l.
448 1106 579 1145 quidem
592 1107 656 1135 fac-

80 1153 120 1181 tis
137 1153 294 1190 majorum
316 1151 452 1182 Didonis
476 1152 656 1192 anaglypho

81 1208 196 1239 opere,
216 1209 273 1228 seu
296 1198 494 1228 exstantibus
518 1198 630 1239 figuris
645 1220 654 1235 ‚

79 1245 254 1285 expressis3
281 1244 320 1274 de
341 1255 406 1285 quo
425 1244 554 1285 quidem
581 1255 656 1274 con-

77 1298 196 1321 stanter
217 1291 333 1321 caelare
360 1298 391 1321 et
413 1291 570 1321 caelatura
593 1290 657 1320 dici

79 1337 255 1367 observavi.
273 1337 382 1378 (conf.
399 1337 571 1378 Anciqttar.
590 1338 655 1367 Ab-

79 1376 193 1414 handl.
207 1395 239 1424 p.
258 1385 307 1422 Π,
328 1396 359 1425 p.
386 1383 484 1424 135.)
501 1385 545 1414 At
559 1384 656 1414 ducta

79 1440 145 1460 non
164 1429 203 1460 ad
221 1440 303 1471 opus
327 1438 358 1460 et
375 1431 504 1461 metallo
520 1453 528 1469 ‚
548 1430 602 1461 sed
618 1431 656 1461 ad

78 1476 191 1506 seriem
216 1484 346 1517 spectat.
365 1495 413 1500 -—
428 1478 507 1514 642.
535 1478 655 1519 Vulga-

81 1530 149 1552 tum
164 1531 236 1553 ante
245 1531 311 1553 erat
323 1525 466 1565 antiquae
474 1524 514 1554 ab
531 1524 656 1566 origine

77 1569 193 1610 gentis.
206 1571 266 1607 At,
281 1571 463 1611 quodnunc
473 1581 548 1601 cum
558 1572 657 1600 Brun-

80 1615 154 1646 ckio
166 1618 207 1646 V.
223 1617 259 1647 C.
276 1617 350 1648 dedi
361 1641 370 1655 ,
385 1617 522 1658 antiqua
538 1617 578 1646 ab
594 1616 656 1647 ori-

79 1661 157 1702 gine
175 1663 299 1703 geneis,
324 1664 508 1694 obtulerant
534 1664 656 1693 Gudia-

83 1718 144 1737 uus
155 1729 163 1743 ‚
191 1707 256 1738 duo
278 1711 467 1740 vetustiores
481 1709 632 1741 Rottend.
644 1733 652 1746 ‚

84 1761 145 1783 tres
164 1754 217 1784 alii
231 1765 258 1785 c.
274 1754 383 1797 fragm.
398 1757 515 1786 Moret.
532 1763 564 1786 et
579 1766 656 1796 qua-

84 1807 159 1830 tuor
186 1801 361 1832 Burmann.
392 1812 467 1831 cum
492 1801 590 1832 Goth.
606 1812 656 1841 pr.

83 1847 123 1876 Et
137 1848 183 1876 sic
205 1847 324 1878 Medic.
346 1849 440 1878 Pierii
461 1855 492 1877 et
514 1847 656 1888 Longob.

83 1903 157 1922 cum
177 1893 244 1923 aliis
257 1894 379 1934 aliquot
393 1905 442 1934 ap.
459 1904 550 1930 eum;
571 1893 659 1934 quod

84 1939 231 1979 equidem
256 1941 390 1980 praefero
408 1948 558 1980 tanquam
582 1940 659 1969 doc—

83 1986 149 2027 tius
174 1992 205 2016 et
232 1987 365 2024 melius,
391 1994 421 2016 et
440 1989 485 2016 sic
503 1988 568 2025 jam
583 1986 660 2017 editi

85 2033 236 2062 nonnulli
247 2033 363 2063 habere
382 2033 544 2064 videntur.

132 2079 211 2115 645.
246 2081 360 2117 Ferat,
394 2081 522 2110 nuntiet
555 2081 661 2109 omnia

85 2123 174 2162 haee,
191 2136 262 2166 quae
292 2126 481 2156 accidissent
493 2148 502 2164 ‚
520 2133 557 2156 ut
579 2126 660 2156 bene

85 2171 150 2209 jam
165 2173 281 2203 Donat.
299 2180 330 2202 et
343 2174 487 2210 Servius,
506 2173 561 2214 qui
575 2172 661 2202 idem

88 2217 170 2247 bene
184 2218 330 2250 illustrat.
347 2220 386 2250 In
400 2231 432 2250 v.
441 2229 529 2260 sequ.
542 2218 576 2249 τὸ
594 2226 660 2249 stat

86 2273 148 2304 pro
172 2272 235 2303 esc,
248 2266 373 2307 vulgari
385 2266 496 2297 verbo.
517 2265 660 2307 Caripa-

708 1012 782 1050 tris,
798 1010 886 1054 φίλου
901 1009 1020 1055 πκτρὸς
1031 1034 1040 1050 ,
1057 1011 1120 1041 hoc
1136 1011 1209 1042 loco
1227 1023 1286 1052 pro

710 1061 851 1089 amantis.

757 1107 821 1144 647
841 1123 886 1128 —-
901 1105 979 1135 656.
995 1104 1092 1145 Apud
1108 1106 1285 1134 Homerum

711 1163 844 1182 munera
869 1152 932 1181 fere
966 1149 1082 1188 ξεινήϊα
1104 1150 1286 1191 hospitibus

710 1198 838 1228 advenis
862 1198 979 1227 dantur
1010 1197 1049 1227 ab
1077 1197 1115 1227 iis
1142 1198 1199 1236 qui
1233 1207 1287 1226 ex-

711 1246 854 1285 cipiunt;
882 1244 1033 1273 abeuntes
1058 1244 1111 1273 isti
1138 1253 1286 1272 remune-

710 1298 822 1320 rantur
837 1302 866 1320 V.
892 1301 919 1320 c,
939 1290 1009 1320 Val.
1030 1290 1076 1319 Fi.
1090 1291 1124 1326 Ι,
1146 1289 1212 1318 660
1228 1289 1288 1318 ubi

710 1338 750 1368 cf.
774 1344 842 1367 not.
860 1339 931 1367 Hoc
958 1336 1031 1365 loco
1052 1335 1144 1374 jubet
1172 1337 1287 1365 AEneas

709 1383 865 1414 Achatem
899 1389 1065 1423 apportare
1087 1392 1104 1411 e
1130 1381 1284 1417 navibus,

709 1440 782 1471 qnae
794 1429 916 1460 Didoni
932 1429 1040 1459 donet.
1061 1428 1161 1458 Palla
1186 1427 1288 1469 signis

710 1487 850 1517 auroque
883 1476 1009 1517 rigens,
1030 1476 1161 1505 intextis
1179 1485 1288 1504 rerum

709 1524 760 1553 vel
790 1523 959 1553 hominum
991 1522 1101 1551 formis
1127 1532 1169 1551 ex
1197 1531 1286 1551 auro.

709 1569 852 1600 Laudant
866 1569 995 1600 Pindari
1011 1568 1123 1598 Isthm.
1142 1569 1210 1605 VI,
1227 1568 1268 1597 58
1279 1590 1287 1604 ‚

713 1618 766 1657 59.
784 1611 951 1647 Οίνοδόκον
969 1613 1083 1656 φιάλαν
1110 1616 1214 1656 χρυσῷ
1231 1624 1287 1644 πε-

711 1663 865 1706 φρικυῖαν.
888 1662 949 1693 Sed
973 1662 1036 1691 hoc
1050 1661 1221 1691 illustraret
1228 1671 1288 1700 pa-

711 1717 815 1740 teram
843 1709 947 1739 aureis
969 1707 1068 1750 signis
1087 1707 1286 1743 horrentem,

708 1755 742 1786 h.
757 1767 785 1786 e.
810 1766 950 1796 asperam
965 1755 1062 1795 signis
1078 1753 1286 1783 exstantibus.

711 1802 773 1831 Sed
790 1801 896 1841 rigent
913 1807 1018 1830 vestes
1033 1799 1136 1840 plenae
1157 1808 1193 1828 ac
1214 1798 1289 1828 den-

711 1857 753 1877 sae
768 1857 858 1877 auro.
874 1848 924 1877 Sic
942 1856 1071 1886 quoque
1091 1846 1200 1875 Burm.
1214 1847 1285 1874 AEn.

712 1895 780 1929 XI,
805 1903 847 1931 72
882 1895 971 1923 Tunc
996 1890 1147 1933 geminas
1176 1898 1284 1921 vestes

712 1950 852 1979 auroque
872 1947 1018 1979 ostroque
1048 1937 1184 1979 figentes
1215 1939 1287 1967 Ea:-

712 1985 787 2015 tulit
799 1987 920 2016 AEneas
931 1997 942 2015 .·
955 1995 1034 2025 quas
1048 1983 1133 2014 Dido
1141 2001 1189 2007 --
1197 1984 1289 2013 tenui

714 2032 795 2061 telas
819 2032 1010 2062 discreverat
1030 2041 1119 2061 auro.
1138 2030 1287 2072 Rigentes

714 2086 805 2120 togas
820 2089 861 2108 ex
875 2085 985 2108 nostro
1007 2077 1100 2107 duxit
1117 2077 1284 2108 Claudian.

713 2126 748 2162 1,
766 2126 842 2156 205.
869 2127 967 2155 Porro
987 2135 1034 2154 vs.
1060 2124 1127 2164 649
1153 2123 1286 2153 circum-

714 2179 837 2201 textum
868 2182 977 2201 croceo
1001 2170 1157 2200 velamen
1186 2180 1285 2199 acan-

711 2217 781 2256 tlzo,
809 2225 998 2259 praetextum
1024 2217 1152 2247 achanti
1179 2217 1284 2253 foliis,

712 2275 799 2295 oram
817 2264 1045 2296 ambientibus.
1057 2265 1106 2295 De
1125 2262 1286 2299 acantho,
