1402 2460
180 85 244 140 P.
287 82 685 151 VIRGILII
730 83 1126 141 MARONIS

369 261 935 347 AENEIDOS

266 478 534 545 LIBER
580 479 1052 593 QUARTUs

52 676 949 700 mnzstsswstmmmmwshswsmussmus
955 689 1011 700 m
1015 689 1253 702 mmmmmmmm

423 844 880 880 ARGUMENTUM.

94 1003 182 1032 Dmo
203 1011 307 1031 amore
329 1001 436 1030 AEneae
454 1000 633 1039 insaniens,
653 1002 750 1031 animi
769 1003 818 1032 sui
838 1002 988 1032 morbum
1007 1005 1110 1033 sorori
1130 1007 1230 1045 aperit
1250 1017 1257 1038 :

51 1064 180 1103 ejusque
197 1061 365 1092 consilium
385 1068 491 1090 secuta
503 1083 511 1098 ,
529 1060 567 1089 ad
584 1062 711 1102 nuptias
728 1063 869 1092 animum
889 1061 995 1100 adjicit
1016 1074 1027 1092 1
1041 1081 1088 1086 —
1100 1064 1153 1104 89.
1170 1066 1258 1095 Juno

51 1132 196 1162 quoque,
219 1128 256 1150 ut
272 1123 404 1151 AEueam
425 1120 547 1149 facilius
569 1119 608 1149 ab
633 1120 723 1150 Italia
748 1128 902 1151 averteret
914 1143 922 1157 ‚
939 1123 1003 1162 agit
1022 1132 1096 1151 cum
1114 1125 1239 1153 Venere
1252 1147 1260 1161 ‚

48 1188 83 1211 ut
98 1182 165 1218 ejus
179 1180 262 1210 bona
277 1190 351 1210 cum
365 1181 456 1209 venia
468 1179 563 1209 liceat
576 1181 683 1209 AEneae
696 1180 811 1210 Elisam
825 1190 962 1210 uxorem
973 1180 1090 1211 ducere
1106 1192 1113 1211 :
1129 1193 1259 1222 quoque

48 1240 81 1270 id
109 1239 309 1270 commodius
333 1238 403 1269 fieri
432 1240 547 1280 possit,
567 1249 599 1268 se
627 1241 904 1280 opportunitatem
923 1240 1102 1271 oblaturam
1121 1241 1259 1273 ostendit

49 1318 94 1324 -—
117 1299 191 1330 128.
213 1296 368 1329 Postridie
389 1299 502 1328 AEneas
526 1305 557 1327 et
575 1298 659 1328 Dido
678 1306 828 1329 venatum
844 1297 1105 1340 proficiscuntur.
1126 1300 1175 1330 Ibi
1192 1312 1259 1331 om-

52 1358 146 1389 uibus
159 1358 222 1397 jam
235 1356 350 1399 praedae
365 1358 512 1394 intentis,
527 1358 548 1388 J
551 1367 616 1387 uno
634 1357 773 1387 subitam
788 1358 933 1387 immittit
947 1365 1184 1399 tempestatem;
1205 1370 1258 1390 co-

52 1418 141 1448 mites
160 1417 239 1447 alius
263 1416 325 1446 alio
344 1415 536 1456 diffugiunt3
557 1417 670 1446 AEneas
686 1422 717 1446 et
737 1415 824 1446 Dido
846 1417 881 1445 in
896 1416 983 1446 idem
998 1424 1124 1447 antrum
1144 1428 1260 1449 couve-

51 1479 161 1513 niunt,
193 1477 302 1518 ibique
329 1475 474 1506 infaustis
498 1476 660 1506 ominibus
685 1477 928 1518 conjunguntur
951 1494 998 1500 --
1024 1487 1098 1515 172.
1127 1480 1259 1508 Interim

53 1537 194 1577 Jupiter,
211 1535 322 1572 Iarbae,
340 1534 539 1565 Gaetulorum
558 1535 655 1576 regis,
673 1535 729 1575 qui
746 1533 897 1564 advenam
914 1534 975 1564 sibi
991 1535 1134 1576 praeferri
1146 1537 1260 1577 iuicpo

52 1598 157 1626 animo
182 1596 318 1632 ferebat,
341 1596 490 1636 precibus
513 1595 677 1636 fatigatus,
702 1596 901 1625 Mercurium
923 1596 1021 1625 mittit
1045 1594 1084 1624 ad
1107 1596 1259 1634 AEneam,

53 1654 241 1695 mandatque
255 1676 263 1691 ,
278 1660 332 1690 ut,
349 1652 458 1682 relicta
475 1652 600 1689 Africa,
615 1653 649 1681 in
665 1652 787 1681 Italiam
802 1663 856 1681 naz
865 1653 929 1693 iget
940 1669 987 1675 —-—
1005 1653 1081 1691 278.
1099 1652 1156 1682 Ille
1170 1655 1260 1684 Jovis

49 1714 184 1754 impexio
208 1722 328 1742 morem
350 1722 479 1752 gerens,
500 1720 708 1751 quaecumque
731 1710 771 1740 ad
790 1712 1024 1752 navigationem
1039 1718 1129 1741 erant
1152 1722 1259 1741 neces-

51 1775 145 1810 saria,
173 1772 252 1803 clam
277 1782 334 1812 per
361 1772 463 1801 socios
487 1771 590 1811 parari
616 1769 707 1808 jubet
727 1787 775 1792 —
795 1771 873 1810 295.
905 1770 1053 1801 Cetemm
1072 1770 1176 1809 Dido,
1202 1771 1260 1801 ubi

53 1834 180 1864 classem
200 1833 369 1863 instaurari
394 1831 506 1868 sensit,
531 1830 685 1871 suspicata
704 1830 737 1859 id
756 1829 844 1870 quod
863 1840 912 1860 res
929 1837 1012 1867 erat,
1027 1832 1164 1872 graviter
1188 1841 1260 1861 cum

54 1894 122 1934 ipso
138 1892 335 1934 expostulat,
354 1890 567 1932 precibusque
583 1896 613 1919 et
630 1889 767 1919 lacrimis
784 1896 851 1919 tum
871 1900 930 1930 per
950 1900 982 1919 se
997 1891 1112 1930 ipsam,
1129 1907 1176 1913 -
1193 1891 1257 1930 392

57 1959 123 1982 tum
138 1962 194 1993 per
208 1961 366 1987 sororem,
381 1968 428 1973 —
443 1956 508 1989 449
524 1959 597 1979 eum
613 1948 652 1978 ab
667 1950 797 1989 incepto
813 1958 962 1978 revocare
975 1955 1120 1979 conatur.
1135 1950 1258 1986 AEneas,

56 2021 133 2042 nave
147 2012 210 2050 jam
230 2019 420 2047 conscensa,
442 2010 557 2039 iterum
581 2009 616 2038 in
635 2008 754 2037 somnis
773 2017 789 2036 a
808 2008 971 2038 Mercurio
991 2007 1190 2045 admonitus,
1210 2008 1259 2038 in-

58 2077 205 2110 tempesta
226 2076 320 2100 nocte
346 2078 475 2099 ancoras
500 2067 595 2097 solvit
618 2067 682 2102 554
699 2083 744 2088 -
762 2066 838 2095 583.
859 2066 917 2096 [Ua
932 2065 1053 2096 doloris
1071 2066 1257 2107 impatiens,

61 2132 141 2160 mori
159 2129 359 2167 decreverat,
377 2130 441 2164 450
460 2146 506 2152 ——
523 2129 586 2165 ‚473
603 2134 633 2156 et
652 2126 755 2157 ce1ans
770 2137 911 2157 sororem
927 2125 1013 2168 quod
1029 2126 1258 2165 meditabatur,

64 2196 222 2220 exstructa
239 2191 274 2219 iu
293 2189 423 2220 editiore
443 2187 558 2218 aedium
582 2194 670 2230 parte
694 2187 817 2227 ingenti
831 2197 927 2228 pyra,
942 2197 1065 2217 sacrum
1085 2188 1258 2229 magicum,

188 2263 236 2298 ΙΙ.
1084 2259 1129 2294 23
