1433 2460
562 101 685 131 LIBER
710 101 751 130 11.

1194 115 1205 134 1
1214 115 1255 144 00

58 163 103 197 Et
119 171 281 210 quorum
298 171 384 209 pars
401 170 536 209 magna
554 158 628 195 sui!
650 157 744 204 Quis
764 158 852 195 talia
869 158 982 195 fando

59 218 360 269 Myrmidonum,
380 219 642 269 Dolopumve,
663 228 728 256 aut
747 218 834 261 duri
852 219 956 256 miles
973 218 1096 266 Ulixi,

57 282 256 329 Temperet
273 292 294 316 a
309 279 495 316 lacrimis?
513 288 549 317 et
562 279 639 329 jam
659 291 735 315 nox
753 278 910 316 humida
928 280 1022 316 coelo

57 340 287 390 Praecipitat,
304 340 538 391 suadentque
555 340 729 378 cadentia
745 340 868 377 sidera
887 353 1057 388 somnos;

57 399 133 435 Sed
150 399 180 436 si
198 408 322 438 tantus
341 413 448 437 amor
464 413 571 438 casus
594 413 822 451 cognoscere
842 410 1010 447 nostros,
1225 421 1254 436 10

58 461 102 495 Et
122 458 290 497 breviter
305 462 428 511 Trojae
449 474 669 511 supremum
686 460 818 497 audire
834 460 1002 498 laborem
1014 489 1023 507 ,

58 522 296 570 Quamquam
317 520 463 558 animus
484 521 697 559 meminisse
723 520 875 566 horret,
902 521 1082 570 luctuque
1098 522 1255 572 refugit,

56 657 172 695 labile,
207 658 293 700 quod
327 659 529 690 lamentabile
559 661 626 689 exi-

55 706 134 734 tium
162 705 285 736 habuit.
325 705 440 735 Eadem
474 707 628 746 expressit

54 752 169 781 Statius
190 763 249 782 suo
272 762 359 782 more
385 751 486 783 Theb.
504 754 553 788 V,
583 751 624 780 28

54 808 120 837 sqq.

101 844 122 873 6
136 855 182 885 sq.
203 844 390 874 Reluctatur
404 845 534 880 AEneas,
555 853 626 873 nar-

53 891 270 930 rationemque
290 891 448 931 principio
476 891 625 931 depreca-

53 943 104 965 tur
121 946 128 967 :
148 937 283 966 nimium
298 938 383 967 enim
405 936 466 966 sibi
483 938 625 967 animum

52 983 90 1011 iri
116 990 310 1013 commotum
332 984 446 1013 harum
466 984 624 1013 calamita-

53 1036 120 1059 tum
133 1029 352 1060 recordatione
363 1054 370 1068 ,
385 1041 462 1071 quas
474 1041 514 1060 ne
528 1030 625 1060 Aehj-

51 1077 83 1105 vi
103 1076 232 1116 quidem
244 1099 252 1114 ‚
278 1077 374 1106 cladis
391 1085 535 1107 auctores
546 1100 554 1115 ,
580 1078 621 1106 si-

51 1132 94 1151 ne
109 1122 246 1152 lacrimis
267 1124 425 1153 narraturi
443 1125 525 1161 sint3
548 1134 624 1153 noc-

51 1175 114 1198 tem
138 1176 289 1210 praeterea
315 1177 487 1199 extremam
512 1169 621 1211 (conf.

51 1214 111 1245 Od.
135 1218 170 1251 λ,
195 1216 260 1256 329
289 1215 385 1257 sqq.)
413 1218 469 1246 vix
496 1216 623 1257 longam

51 1263 263 1292 narrationem
294 1262 385 1293 ferre.
411 1281 458 1285 —
482 1264 623 1303 Quorum

44 1318 125 1347 pars
144 1318 265 1350 magna
280 1308 353 1350 fici,
383 1319 518 1349 quarum
544 1309 623 1338 cala-

50 1355 195 1384 mitatum
218 1365 330 1396 magna
353 1365 425 1395 pars
446 1365 496 1384 me
518 1355 623 1395 ipsum

50 1401 186 1441 attingit,
202 1400 239 1430 ad
253 1412 303 1430 me
316 1408 445 1442 spectat.
455 1402 536 1431 Nam
546 1411 623 1442 prae-

50 1446 134 1477 cedit
159 1447 348 1478 miserrima.
380 1448 467 1477 Alias
489 1449 534 1485 is,
565 1449 622 1488 qui

48 1495 196 1534 princeps
221 1495 255 1523 in
280 1494 375 1524 rebus
403 1493 532 1535 agendis
556 1502 621 1532 est,

50 1541 109 1570 en't
117 1550 197 1580 pars
219 1551 335 1571 rerum.
354 1540 574 1580 Myrmidones
589 1548 621 1570 et

54 1587 192 1627 Dolopes
205 1586 245 1616 ad
260 1587 417 1617 Achillem
439 1594 469 1617 et
483 1589 622 1627 Neopto-

49 1632 167 1662 lemum
190 1633 256 1671 ejus
275 1634 296 1664 f.
313 1641 465 1674 spectant.
482 1645 513 1664 v.
529 1633 618 1664 Iliad.

50 1677 70 1717 β
81 1702 89 1714 ,
108 1679 186 1714 684.
203 1680 287 1710 conf.
302 1681 360 1711 inf.
380 1691 433 1720 29.
450 1682 554 1710 Durus
569 1691 622 1710 au-

51 1731 115 1754 tem
135 1725 263 1766 Ulysses
273 1748 282 1761 ‚
305 1733 341 1756 ut
355 1737 454 1756 saevus
465 1728 513 1757 III
524 1750 533 1764 ‚
553 1728 618 1765 273

52 1771 63 1811 (
80 1771 193 1801 melius
207 1771 240 1801 h.
254 1771 276 1802 l.
295 1782 391 1812 quam
413 1774 440 1802 si
456 1772 588 1812 patiens
596 1772 619 1813 ).

50 1818 145 1847 Miles
171 1817 278 1855 Ulixi,
303 1818 335 1848 h.
359 1830 386 1849 e.
409 1818 621 1849 Ithacensium

50 1864 172 1905 aliquis.
189 1865 311 1894 Mirum
327 1872 390 1902 est,
417 1864 503 1905 qnod
525 1864 563 1894 de
579 1867 622 1895 A·

51 1910 261 1952 chemenide(
277 1911 349 1941 vide
366 1911 422 1941 lib.
437 1913 484 1941 III
495 1935 504 1949 ‚
524 1911 590 1946 614
608 1911 620 1953 )

49 1957 112 1987 hoc
142 1959 297 1998 accepisse
322 1959 471 1988 Asinium
502 1957 621 1988 Pollio-

51 2014 124 2034 nem
139 2011 316 2034 memorant
335 2005 462 2035 Servius
483 2010 515 2033 et
530 2007 621 2034 Pom-

50 2051 177 2090 ponius.
205 2051 349 2081 Imitatus
363 2051 395 2081 h.
419 2050 440 2080 l.
458 2051 552 2081 Silius
569 2052 619 2088 II,

52 2097 118 2126 650
135 2107 203 2138 sqq.
218 2114 267 2120 —
282 2108 312 2136 7.
337 2097 412 2127 Diri
432 2097 530 2128 Goth.
548 2104 619 2127 tert.

54 2142 154 2179 Ulixi,
173 2143 270 2186 vulgo
291 2144 538 2183 UlysseiFranc.
558 2143 622 2174 Uli-

51 2188 103 2218 xis
115 2188 213 2221 Goth.
227 2201 277 2230 pr.
289 2198 320 2220 et
335 2198 407 2222 tert.
419 2199 450 2221 et
465 2190 619 2221 eddition.

50 2235 215 2267 nonnullae
229 2236 356 2277 Ulyxei.
365 2240 411 2269 At
422 2237 514 2268 Ulixi
524 2239 622 2279 scrip-

209 2303 259 2339 ΙΙ.

682 666 750 688 tura
767 666 813 688 est
825 658 944 688 Medic.
959 661 1096 689 Romani
1109 660 1257 690 aliorum-

679 715 742 744 que
760 704 852 734 codd.
878 706 972 733 etiam
996 707 1147 735 Prisciani
1172 708 1257 747 apud

679 751 788 780 Heius.
815 750 937 780 scilicet
960 761 1020 790 pro
1051 751 1162 781 Ulixei
1170 765 1182 788 ;
1211 755 1256 784 sic

682 796 824 827 Oroncil.
843 807 925 834 2205
943 797 1001 827 inf.
1017 798 1057 827 30
1069 797 1200 829 Achilli.
1213 802 1255 831 cf.

679 843 746 873 Ecl.
766 845 865 881 VIII,
888 853 940 882 7⁰-
970 844 1076 873 Habet
1097 846 1254 885 scriptura

681 889 792 920 Ulixes
807 891 858 920 vel
878 889 1011 920 Uli-zeus
1033 893 1254 922 auctoritatem

679 936 772 968 codd.
788 948 855 968 non
877 939 1032 967 rationem
1047 947 1054 967 :
1073 948 1144 967 nam
1159 950 1199 968 ex
1214 932 1253 969 O-

678 979 805 1019 ὃυσσεὺς
822 984 932 1014 saltem
948 982 1019 1013 fieu'
1032 983 1144 1015 debuit
1162 985 1252 1024 Ulys-

676 1041 756 1061 sens.

725 1077 742 1106 8
755 1099 764 1114 ,
785 1087 817 1117 9.
831 1077 906 1107 Nox
922 1075 1085 1106 descendit
1100 1078 1135 1107 in
1151 1080 1250 1108 Ocea-

675 1134 774 1161 num,
800 1123 892 1164 quasi
913 1133 1011 1152 cursu
1028 1134 1086 1163 per
1107 1124 1249 1155 medium

677 1170 794 1200 coelum
808 1169 846 1198 ab
862 1169 1028 1199 occidente
1041 1169 1080 1199 ad
1095 1172 1251 1201 orientem

675 1216 757 1246 facto
772 1226 780 1247 :
793 1216 869 1246 inde
888 1223 918 1245 et
931 1215 1032 1245 sidera
1046 1217 1185 1254 cadunt,
1201 1228 1252 1247 oc-

677 1262 800 1293 cidunt.
837 1262 980 1291 Suadenc
1001 1262 1109 1291 sidera
1135 1264 1252 1293 caden—

677 1309 723 1339 tia
758 1319 918 1345 somnum,
944 1309 1118 1349 elegantius
1143 1320 1250 1350 quam,

674 1356 812 1384 invitant
828 1355 867 1384 ad
884 1365 1043 1385 somnum.

726 1412 739 1431 1
750 1412 777 1432 1.
795 1403 982 1441 Supremam
998 1401 1139 1431 laborem
1151 1424 1159 1438 ,
1185 1403 1248 1432 cla-

675 1447 757 1485 dem,
767 1449 873 1488 ipsum
882 1447 970 1477 urbis
984 1447 1155 1478 excidium.
1167 1450 1249 1479 Mox

675 1506 709 1523 re
725 1494 811 1535 ugit,
834 1494 873 1524 ad
893 1494 1030 1524 formam
1049 1496 1173 1532 aoristi,
1193 1507 1248 1525 ex—

674 1542 808 1582 quisite,
843 1551 916 1570 cum
945 1541 980 1570 in
1004 1551 1056 1578 re,
1095 1552 1166 1581 quae
1191 1553 1248 1582 per

673 1588 765 1628 plura
786 1594 946 1617 momenta
968 1586 1079 1624 durat,
1106 1589 1164 1617 etsi
1182 1589 1250 1618 vnl-

673 1635 740 1676 gari
762 1644 823 1664 usu
847 1644 985 1674 praesens
1006 1633 1247 1674 frequentetur,

673 1681 870 1722 praeteritum
884 1687 989 1710 tamen
1004 1691 1070 1710 non
1086 1681 1192 1710 minus
1204 1681 1250 1710 lo-

673 1737 748 1757 cum
770 1726 896 1757 habeat.
923 1728 1045 1756 Locum
1067 1737 1248 1766 expressere

674 1773 743 1810 alii3
758 1784 791 1803 v.
804 1783 831 1802 c.
846 1774 955 1803 Senec.
970 1776 1082 1813 Agam.
1100 1773 1165 1807 416
1178 1783 1249 1813 sqq.

674 1822 698 1849 E
728 1819 890 1850 Ciceronis
920 1818 1058 1858 Philipp.
1089 1820 1168 1848 XIV
1195 1829 1249 1848 ex-

673 1875 815 1905 pressum
834 1874 961 1894 versum
986 1863 1113 1893 volebat
1135 1865 1248 1894 Mure-

675 1918 740 1948 tus,
757 1913 832 1940 Var.
850 1911 935 1940 Lect.
953 1911 1002 1946 V,
1020 1911 1051 1940 3.
1068 1909 1183 1940 Saltem
1204 1912 1246 1940 si-

674 1958 761 1987 milia
770 1963 844 1987 sunt
855 1967 863 1987 :
873 1955 1003 1998 Refitgit
1009 1955 1147 1994 animus,
1157 1959 1196 1988 P.
1211 1957 1246 1987 C.

674 2014 776 2045 eaque
782 2002 947 2045 formidat
957 2002 1062 2033 dicere
1071 2025 1080 2040 ,
1098 2013 1171 2043 quae
1184 2009 1244 2034 etc.

673 2069 720 2074 ——
748 2060 799 2080 12.
823 2051 1018 2090 Luctumque
1040 2059 1102 2080 sec.
1125 2050 1245 2080 Moret.

675 2096 816 2129 Parrhas.
840 2103 871 2126 et
887 2095 938 2126 ed.
957 2097 1039 2126 Ven.
1061 2102 1178 2136 praeter
1193 2095 1247 2125 ali-

674 2150 755 2185 quot
779 2142 872 2173 codd.
895 2143 976 2173 Pier.
1000 2148 1032 2172 et
1061 2143 1245 2178 Donatum,

675 2189 762 2231 quod
787 2190 910 2220 mireris
931 2190 1152 2219 Burmannum
1170 2198 1245 2229 pro-

674 2236 780 2275 basse,
797 2237 942 2278 inprimis
961 2242 1033 2277 post
1063 2236 1224 2266 Catroeum
1241 2245 1250 2272 3

1044 2313 1088 2336 10
