1423 2517
632 76 755 106 LIBER
779 76 804 104 Ῐ.
1282 83 1291 101 1
1306 84 1315 102 1

119 135 186 172 His
207 133 366 171 adcensa
381 145 514 183 super,
531 133 691 183 jactatos
708 144 860 182 aeqnorc·
877 140 956 168 toto

117 198 253 240 Troas,
270 194 447 244 reliquias
466 196 640 230 Danaum
658 203 771 242 atque
792 193 945 229 immitis
964 192 1118 238 Achilli,
1288 200 1317 223 30

118 254 282 291 Arce-bat
302 255 410 304 longe
427 254 555 300 Lati03
576 253 790 303 multosque
811 260 879 302 per
896 265 1013 290 annos

118 314 305 351 Errabant
321 315 394 352 acti
411 315 495 352 fatis
514 315 633 351 maria
651 315 777 351 onmia
797 314 951 350 circum.

118 377 246 412 Tautae
264 376 372 412 molis
394 385 474 412 erat
490 378 699 412 Romanam
718 374 882 411 condere
903 376 1072 423 gentem!

170 435 242 471 Vix
264 448 285 472 e
304 445 509 485 conspectu
527 436 663 472 Siculae
682 435 825 471 telluris
847 435 884 470 in
905 434 1022 470 altum

119 495 212 531 Vela
229 495 369 532 dabant
388 496 482 541 laeti,
501 505 537 532 et
557 509 709 545 spumas
727 496 812 533 salis
830 508 904 532 aere
920 494 1101 539 ruebant3
1289 501 1319 525 ³⁵

119 557 248 600 Quum
264 559 384 601 Juno,
405 565 588 591 aeteruum
605 568 758 592 servans
779 554 849 591 sub
872 563 1026 604 pectore
1043 551 1197 596 volnus,

120 678 265 712 receptus
281 679 344 709 est,
359 680 478 703 remota
491 672 592 709 Hebe,
607 673 692 703 Serv.

170 729 212 757 29
222 735 268 740 —-
286 720 338 748 33.
356 718 414 748 His
429 719 571 748 adcensa
587 729 690 758 super,

121 766 268 803 insuper;
286 770 321 792 ut
339 765 379 792 sit
398 764 622 800 juncmra:ld
634 774 696 793 me-

121 818 212 839 tuens
227 826 273 831 —
287 819 469 849 memorque
486 826 531 831 -—-
552 817 583 837 et
610 809 694 838 insu-

114 866 178 896 per
199 854 247 884 his
266 865 421 890 accensa,
443 855 582 884 arcebat.
602 865 633 884 v.
658 854 696 883 ad

120 912 166 931 vs,
181 902 234 931 25.
247 900 411 941 Reliquias
427 902 581 930 Danaum
592 924 600 937 ,
612 911 629 930 a
638 902 697 930 Da·

121 949 190 977 nais
211 954 242 977 et
260 947 300 977 ab
319 947 445 977 Achille
469 947 596 976 relictos
618 949 697 977 Tro-

118 995 209 1031 janos
223 1004 230 1030 ;
257 994 313 1033 qui
340 993 540 1023 Achivorum
586 1003 699 1023 manus

123 1039 310 1081 effugerant.
328 1041 410 1070 Mox
426 1040 540 1069 multos
553 1050 652 1070 annos
664 1039 697 1069 h.

124 1096 151 1116 e.
168 1093 299 1126 septem.

173 1133 226 1162 30.
244 1132 352 1172 Vulgo
376 1132 409 1162 h.
434 1132 456 1162 l.
480 1131 627 1162 Achillis.
653 1148 700 1154 —

126 1180 179 1208 32.
195 1178 449 1220 Actifatis.Nou
463 1185 538 1215 tam,
549 1179 700 1218 quoniam

122 1225 185 1254 hoc
207 1226 227 1255 J
231 1226 346 1254 unom's
373 1223 483 1254 odium
508 1224 599 1254 fatale
624 1231 700 1261 erat,

124 1278 160 1300 ut
182 1273 268 1301 Serv.
281 1282 289 1307 ;
318 1270 372 1300 sed
397 1272 505 1311 potius
515 1293 524 1307 ‚
549 1272 702 1311 quoniam

124 1317 157 1346 hi
178 1318 239 1358 ipsi
255 1317 468 1355 Troianorum
484 1328 605 1346 errores
625 1317 700 1346 fata-

124 1364 170 1393 les
191 1370 294 1393 erant.
311 1380 358 1386 --
370 1365 424 1394 33.
440 1363 548 1400 Molis,
561 1363 700 1394 molitio-

125 1411 175 1439 nis
187 1432 194 1446 ,
211 1408 417 1440 difficultatis.
434 1412 472 1440 In
488 1420 580 1451 prosa
594 1420 602 1440 ;
621 1412 702 1440 Tam

126 1455 257 1498 difficile
276 1463 364 1492 erat,
382 1463 420 1486 ut
435 1457 565 1495 Trojani
587 1456 623 1485 in
645 1459 702 1486 La-

126 1503 209 1531 tium
223 1504 428 1542 pervenirent
438 1525 447 1540 ‚
461 1503 571 1543 ibique
585 1503 701 1543 stirpis,

127 1559 144 1577 e
159 1558 222 1588 qua
235 1549 370 1579 Romani
381 1550 497 1578 orituri
510 1555 623 1584 essent,
634 1559 705 1578 anc-

129 1601 213 1623 tores
228 1592 352 1625 fierent.
368 1596 427 1625 His
444 1595 550 1625 verbis
565 1594 703 1625 declara-

130 1647 182 1669 tur
206 1650 223 1668 a
245 1648 338 1680 poeta
349 1664 357 1678 ,
375 1643 522 1671 carminis
540 1652 704 1682 argumen-

131 1693 199 1714 tum
214 1685 300 1716 haud
316 1687 454 1716 alienum
470 1698 535 1717 esse
556 1698 572 1716 a
588 1691 705 1718 Roma-

132 1732 181 1760 nis
191 1753 200 1768 ‚
214 1731 269 1761 sed
285 1731 325 1761 ad
339 1743 450 1762 eorum
466 1734 604 1774 origines
616 1745 705 1775 spec-

135 1784 209 1807 tare.

182 1823 235 1853 35.
264 1824 344 1861 Hic,
375 1830 412 1853 ut
442 1825 476 1853 in
498 1824 658 1866 Odyssea,
674 1827 709 1855 in

133 1869 250 1899 medias
264 1880 313 1899 res
331 1870 488 1910 abripitur
501 1870 612 1901 lector.
622 1873 707 1911 Quo-

134 1915 231 1945 modo
246 1917 331 1945 em'm
354 1927 371 1945 e
390 1916 494 1946 Sicilia
517 1917 648 1947 solverit
661 1919 710 1947 AE-

134 1972 224 1999 neas,
239 1963 297 2002 qui
325 1969 393 1991 tum
422 1963 517 1992 classe
539 1963 710 1993 inItaliam

135 2008 285 2038 tendebat
295 2031 304 2044 ,
330 2008 413 2037 infra
439 2007 619 2039 videbimus
648 2009 709 2039 sub

137 2053 236 2083 finem
257 2053 334 2084 libri
358 2055 418 2084 111.
440 2054 502 2085 Sed
528 2061 711 2096 tempestate

138 2110 216 2130 mox
233 2107 302 2130 orta
319 2111 335 2130 a
348 2111 446 2130 cursu
458 2102 611 2131 avertitur
624 2109 655 2132 et
671 2102 711 2131 ad

137 2145 214 2176 litus
228 2147 356 2183 Africae,
371 2153 495 2177 fantum
506 2158 573 2178 non
586 2149 711 2178 naufra-

140 2194 192 2232 gio
208 2193 302 2231 facto,
315 2194 452 2232 ejicitur.
471 2196 593 2225 Rerum
607 2202 712 2226 autem

748 671 892 703 ordinem
921 673 1084 711 ipsamque
1107 670 1183 700 adeo
1211 669 1324 699 dictio-

747 730 820 748 nem
841 717 879 746 ad
898 718 1029 747 Homeri
1041 716 1224 757 exemplum
1239 717 1327 745 insti-

749 766 809 794 tuit
825 764 939 804 Odyss.
960 773 983 799 ε,
1000 763 1059 792 ubi
1070 763 1197 803 [lysses
1213 772 1253 792 ex
1267 763 1325 792 Ca-

748 811 860 851 lypsus
895 809 999 839 insula
1031 809 1170 838 Ithacam
1205 815 1326 848 petens,

751 868 824 886 cum
837 858 901 895 jam
915 856 1088 886 Phaeaciam
1104 857 1138 885 in
1154 862 1327 895 conspectu

749 902 896 939 haberet,
918 908 1101 942 tempestate
1130 912 1145 930 a
1175 902 1328 941 Neptuno

751 951 887 978 excitata
906 949 1076 989 naufragus
1099 954 1213 977 enatat.
1231 946 1328 987 Quod

752 995 798 1024 ihi
813 996 982 1034 Neptunus
997 994 1072 1023 facit
1083 1016 1091 1030 ‚
1116 993 1271 1023 tributum
1293 992 1327 1023 h.

752 1042 774 1071 1.
793 1040 896 1077 AEolo,
910 1040 1061 1080 quodque
1073 1040 1264 1076 Leucothea,
1274 1039 1328 1068 hic

752 1089 916 1127 Neptuno.
937 1086 1021 1116 conf.
1040 1086 1186 1116 Macrob.
1203 1089 1265 1117 Sat.
1285 1088 1326 1123 V,

757 1144 786 1163 2.
810 1135 848 1162 In
872 1134 1013 1162 Homero
1033 1139 1137 1161 tamen
1162 1133 1262 1170 major
1282 1142 1330 1161 re-

754 1190 828 1209 rum
843 1180 974 1208 varietas
991 1179 1243 1219 narrationisque
1262 1188 1331 1208 sua-

754 1227 844 1256 vitas.

804 1272 856 1302 35.
891 1271 972 1301 Vela
1000 1270 1133 1301 dabant.
1163 1271 1245 1301 Cum
1273 1281 1331 1310 per

755 1319 943 1359 epexegesin
966 1317 1029 1347 hoc
1049 1317 1145 1347 vellet
1160 1317 1331 1357 explicare,

754 1365 863 1395 saltem
893 1364 998 1394 verbis
1033 1371 1099 1393 erat
1132 1363 1331 1400 ornandum,

757 1422 831 1441 cum
857 1412 1012 1441 sententia
1038 1410 1145 1439 eadem
1174 1416 1332 1446 maneret3

755 1459 862 1498 itaque
879 1467 1006 1496 spumas
1020 1456 1096 1486 salis
1108 1480 1116 1494 ‚
1133 1455 1250 1498 ἅλμης,
1265 1466 1329 1485 ma-

756 1506 816 1542 ris;
832 1504 971 1534 occurrit
985 1510 1015 1532 et
1025 1503 1110 1533 alibi.
1128 1504 1222 1539 AEre,
1241 1509 1333 1532 aerata

756 1550 946 1592 uavi‚(nec
975 1549 1073 1579 modo
1104 1556 1206 1578 rostra
1231 1557 1334 1578 ceram

759 1596 813 1626 sed
838 1604 868 1626 et
889 1607 1014 1636 puppes
1037 1603 1148 1625 a’ratae
1173 1601 1204 1624 et
1227 1605 1330 1629 a’reae,

759 1650 795 1672 ut
810 1645 882 1673 AEn.
899 1644 940 1679 V,
962 1642 1045 1683 198)
1069 1641 1222 1677 ruebant,
1250 1651 1333 1670 seca·

758 1689 847 1726 bant,
862 1695 897 1724 ug
915 1694 998 1717 terra
1015 1688 1116 1718 ruitur
1130 1688 1220 1717 snjco
1239 1688 1332 1721 facto,

761 1736 896 1771 eruitur,
907 1734 984 1771 loeti,
992 1735 1118 1771 alacres,
1128 1734 1235 1769 Italiae,
1247 1733 1336 1762 labo-

762 1791 835 1810 rum
859 1787 968 1816 metae‚
994 1790 1083 1809 nunc
1110 1779 1238 1808 tandem
1260 1789 1335 1818 pro-

761 1827 867 1865 piores
883 1848 891 1862 ‚
919 1823 1089 1867 πρόθυμα,
1116 1825 1155 1854 cf.
1180 1826 1232 1862 H,
1258 1825 1336 1864 394,

765 1872 842 1911 395.
872 1873 953 1900 Serv.
985 1871 1106 1900 Habuit
1135 1871 1217 1900 forte
1243 1878 1336 1911 poeta

763 1924 835 1947 aute
854 1917 965 1947 oculos
983 1928 1063 1947 vers.
1087 1917 1152 1956 269
1171 1917 1287 1958 Odyss.
1305 1927 1335 1954 ε,

800 1962 926 1998 ,θέω-αις
957 1959 987 1992 δ’
1015 1962 1094 2006 οὔρῳ
1125 1962 1240 1993 πέτασ’
1268 1960 1335 1999 ἱςίσι

763 1974 828 2045 ἕξις
853 2002 1018 2045 ὁδυσσεύς.

813 2056 854 2086 36
867 2057 979 2087 —38.
1007 2057 1176 2086 AEternum
1201 2056 1332 2093 volnus,

764 2104 821 2143 qui
837 2113 867 2133 v.
887 2104 928 2132 25
942 2101 1017 2132 saevi
1031 2102 1156 2132 dolores
1168 2113 1180 2132 :
1196 2103 1218 2133 i.
1233 2113 1261 2133 e.
1277 2103 1334 2132 ira.

764 2150 807 2178 ita
831 2159 878 2189 gr.
896 2148 992 2184 ἕλκος.
1010 2148 1207 2180 Adumbrata
1231 2155 1337 2178 autem

765 2196 904 2226 Junonis
922 2195 1097 2237 indignatio
1115 2206 1156 2226 ex
1176 2194 1291 2236 Odyss.
1313 2204 1336 2231 ε,
