1402 2460
532 103 655 135 LIBER
681 104 724 132 11.

1174 108 1234 146 169

38 165 265 215 Culpatusve
285 161 409 208 Paris3
430 161 574 207 divum,
591 160 829 197 inclementia
849 160 997 208 divum,

39 227 115 261 Has
133 223 268 261 evertit
284 235 394 273 opes,
414 221 623 272 sternitque
643 233 664 258 a
680 221 842 263 culmine
861 222 1025 271 Trojam.

39 285 220 335 Adspice3
239 296 402 334 namque
417 296 585 329 omnem,
606 295 691 333 quae
711 295 813 319 nunc
831 282 997 320 obducta
1015 284 1134 321 tuenti

37 346 207 382 Mortalis
224 344 379 382 hebetat
393 343 495 382 visus
514 343 603 390 tibi,
621 353 657 380 et
677 343 835 380 humida
854 345 998 381 circum
1184 355 1232 380 60⁵

36 405 197 455 Caligat‚
214 404 354 442 nubem
374 404 544 454 eripiam.
565 407 623 441 Tu
643 418 690 440 ne
707 417 782 454 qua
802 405 1004 459 parentis-⁴·

36 468 144 501 Jussa
162 464 268 510 time,
290 478 364 501 neu
382 464 581 514 praeceptis
598 477 732 514 parere
749 477 893 501 recusa.
965 460 971 473 ⁵
1004 462 1008 474 ”

36 524 125 571 Hic,
142 524 210 562 ubi
226 525 399 576 disjectas
417 526 534 562 moles
551 526 754 575 avolsaque
770 525 869 564 saxis

35 585 133 620 Saxa
153 584 276 629 vides,
297 585 492 634 mixtoque
512 584 716 621 undantem
737 584 895 634 pulvere
912 585 1078 630 fumum,

33 645 232 693 Neptunus
252 657 380 681 muros
397 657 609 694 magnoque
629 653 753 681 emota
775 644 930 680 tridenti

35 808 65 830 et
82 801 230 841 frequens
240 799 324 841 apud
335 807 472 831 veteres:
492 811 523 830 v.
535 801 608 830 Cer-

35 847 74 876 da
100 853 172 887 post
205 846 379 876 Guellium.
415 845 608 885 Tyndaridis

24 892 133 934 Jc'zcies
147 892 248 922 invisa
263 890 414 922 La‘caence
429 899 539 922 ornate
546 903 606 932 pro

34 939 170 975 Helena,
189 937 234 970 Οὐ
257 937 319 982 γάρ
335 949 383 968 τῡι
407 930 501 971 Ἑλένη
518 937 606 968 πέλει

34 983 115 1017 αἰτίη
131 992 191 1015 etc.
203 996 233 1015 v.
244 995 292 1025 ap.
308 985 421 1025 Quint.
433 984 497 1015 Cal.
511 985 604 1020 XIII,

35 1038 111 1067 [412.
131 1031 283 1071 Culpatus
296 1041 356 1071 pro
370 1032 515 1071 graviore
532 1040 604 1060 voc.

34 1076 188 1108 nefandus
199 1100 207 1114 ,
233 1077 392 1108 scelestus.
428 1078 478 1107 stc
513 1076 606 1116 culpa

33 1136 92 1164 pro
120 1124 247 1154 scelere.
284 1124 316 1153 Λ
347 1122 504 1160 culmine,
534 1124 605 1152 κατ’

34 1169 142 1213 ἄκρας·
169 1181 201 1200 v,
216 1180 287 1210 sup.
305 1180 436 1209 290.—
452 1170 530 1199 602.
547 1169 605 1198 Di-

31 1228 111 1253 vum,
127 1216 147 1247 i.
163 1216 267 1246 divum
285 1223 369 1246 recte
383 1216 518 1256 probata
532 1222 605 1256 post

30 1265 169 1293 Pierium
187 1269 217 1292 et
242 1263 318 1293 alios
342 1263 474 1293 Heinsio
491 1262 603 1300 lectio,

30 1311 225 1350 optimorum
239 1309 397 1339 librorum
410 1316 440 1338 et
454 1319 604 1349 gramma-

29 1357 167 1385 ticorum
185 1355 382 1385 auctoritate.
406 1355 514 1395 Vulgo
531 1354 602 1385 edd.

27 1412 141 1431 verum
166 1401 241 1432 incl.
265 1401 297 1432 d.
310 1412 318 1438 ;
333 1402 476 1442 plerique
494 1402 575 1432 Pier.
594 1411 603 1432 τ

29 1448 87 1478 sed
97 1448 183 1478 enim
202 1448 276 1478 incl.
291 1447 322 1478 d.
334 1450 438 1488 Sprot.
449 1458 567 1488 ,ςιενιιιηι
580 1446 600 1478 ι’.

32 1494 63 1525 d.
81 1494 203 1524 Zulich.
223 1505 250 1525 a.
275 1504 393 1535 m.-pr.
418 1505 562 1534 unquam
580 1493 601 1524 i.

29 1541 61 1571 d.
76 1541 180 1582 Bigot.
196 1540 302 1570 divum
319 1540 340 1571 i.
357 1540 498 1570 summis.

76 1587 154 1623 604.
176 1586 329 1617 Adducta
347 1588 475 1627 Menag.
484 1598 534 1628 pr.
555 1586 604 1617 Ti-

33 1632 132 1662 menti
154 1632 277 1663 Zulich.
300 1644 359 1674 pro
383 1633 448 1664 div.
464 1633 537 1664 lect.
556 1651 604 1657 —-

31 1679 98 1714 604
120 1689 188 1719 sqq.
209 1679 461 1717 Fulmen-rimus,
477 1682 534 1720 qui
557 1690 603 1710 se-

0 1735 1 1755 :
31 1726 155 1766 quitur,
173 1730 222 1761 et,
245 1724 286 1754 ad
304 1736 410 1756 meum
426 1725 601 1764 judicium,

0 1792 1 1797 ,
29 1771 175 1801 sublimis
189 1770 280 1800 locus
291 1794 299 1809 ‚
317 1771 394 1801 dum
418 1782 535 1802 caussae
549 1783 602 1802 oc-

30 1818 125 1848 cultae
158 1818 264 1858 magni
291 1825 423 1848 eventus
445 1828 463 1847 a
480 1817 540 1847 diis
554 1829 603 1848 re-

29 1864 135 1904 petitae
162 1864 264 1893 oculis
283 1864 518 1903 subjiciuntur,
536 1871 603 1894 tan-

29 1920 124 1951 quam
136 1910 308 1940 manifestae
322 1910 375 1952 (v.
393 1911 456 1940 622
470 1933 479 1948 ,
497 1910 601 1952 623);

27 1957 143 1997 partim
165 1958 298 1987 Homeri
321 1957 466 1997 auspiciis
481 1980 489 1995 ,
509 1957 600 1987 Iliad.

31 2012 64 2040 ε,
84 2013 144 2042 127
158 2024 167 2041 ,
189 2003 250 2033 128
263 2025 272 2041 ,
287 2003 346 2033 ubi
366 2004 512 2034 Minerva
524 2005 602 2034 Dio-

31 2047 131 2079 medis
157 2049 261 2079 visum
285 2051 390 2087 acuit;
417 2057 447 2080 et
475 2051 509 2081 in
538 2060 600 2080 vss.

32 2094 98 2125 608
124 2105 171 2137 sq.
203 2095 295 2127 Iliad.
315 2106 356 2139 μ,
376 2097 416 2128 13
447 2108 535 2138 sqq.,
559 2107 599 2135 27

32 2151 122 2182 sqq.,
143 2140 202 2172 uhi
228 2143 399 2184 Neptunus
432 2150 463 2173 et
484 2143 603 2186 Apollo

26 2187 150 2225 ,vallum
169 2186 368 2220 Achivorum
386 2189 520 2220 diruunt
538 2188 551 2231 (
561 2190 602 2220 cf.

33 2232 242 2264 imitationem
256 2235 342 2276 apud
357 2237 516 2276 Quintum
535 2236 601 2268 Cal.

158 2300 208 2335 ΙΙ.

1185 655 1234 678 6ῐο

661 801 759 836 XIV,
783 798 1013 840 631—651);
1029 801 1144 840 partim
1160 800 1236 831 alio-

661 856 732 875 rum
751 852 919 886 poetarum
931 845 1032 875 ductu
1047 845 1236 878 elaboratus.

660 893 742 922 Nam
757 893 791 921 in
810 892 915 929 Trojae
931 891 1073 928 excid-io,
1094 893 1154 923 diis
1173 904 1237 923 ma—

660 938 772 966 nifesta
787 937 892 976 aliqua
905 948 1000 978 opera
1019 938 1058 967 ab
1077 940 1237 980 antiquio-

659 983 749 1012 ribus
776 983 879 1023 poetis
906 990 952 1013 est
979 984 1117 1022 tributa,
1141 992 1178 1014 ut
1197 997 1236 1016 ex

659 1029 873 1059 imitatoribus
897 1037 983 1070 patet
1008 1040 1015 1061 ε
1040 1042 1071 1061 v,
1097 1032 1236 1072 Quintus

661 1075 727 1106 Cal.
743 1076 844 1112 xm,
867 1077 934 1111 415
957 1087 1046 1117 sqq.;
1062 1077 1134 1108 add.
1155 1080 1235 1120 Try—

658 1121 768 1163 phiod.
800 1122 817 1151 5
824 1122 994 1153 50--560.
1014 1124 1156 1162 Nubem,
1175 1125 1235 1155 int.

659 1169 840 1209 caliginem,
871 1176 907 1198 ut
930 1171 1027 1200 Hom.
1057 1169 1145 1212 νέφος
1163 1170 1186 1201 l.
1211 1171 1233 1201 l.

659 1222 689 1245 et
707 1214 797 1245 Iliad.
820 1224 853 1252 0,
875 1215 959 1253 6683
983 1225 1020 1253 υ,
1044 1217 1129 1255 341,
1156 1218 1233 1253 542.

658 1262 854 1292 Imitationes
880 1263 995 1302 passim
1021 1262 1055 1291 in
1079 1265 1235 1294 recentio—

657 1308 747 1338 ribus
778 1307 937 1339 observes.
973 1308 1149 1339 Miltonum
1176 1310 1233 1341 lib.

656 1352 721 1390 xl',
743 1360 806 1390 411
821 1376 829 1390 ,
850 1361 881 1384 et
904 1357 1057 1394 Torquat.
1083 1357 1230 1393 Tassum,

661 1400 784 1431 Gierus.
811 1399 966 1436 liberata,
987 1407 1070 1431 cant.
1099 1403 1229 1439 XVIII,

656 1453 762 1477 stanza
787 1448 850 1487 93,
877 1448 1053 1477 Wartonus
1079 1447 1233 1480 laudavit.

655 1493 764 1524 Altera
779 1504 819 1523 ex
835 1499 923 1534 parte
942 1494 1047 1535 exigas
1066 1494 1151 1535 apud
1167 1497 1233 1525 ani-

656 1551 764 1577 mum,
783 1550 823 1570 an
847 1540 1031 1581 phantasma
1048 1540 1112 1570 hoe
1132 1543 1231 1583 poeti-

657 1597 748 1625 cum,
769 1593 831 1617 tam
852 1587 990 1621 sublime
1013 1595 1164 1626 narratu,
1181 1588 1233 1619 be-

656 1644 697 1663 ne
713 1643 842 1674 quoque
863 1633 902 1663 ab
925 1632 1046 1664 artifice
1068 1633 1107 1664 ad
1126 1635 1232 1665 oculo-

656 1690 729 1709 rum
745 1690 871 1710 sensum
893 1680 983 1710 reddi·
1001 1691 1093 1721 posse
1118 1687 1231 1721 putes,

657 1732 693 1755 ut
719 1736 779 1756 nec
812 1727 919 1756 minus
945 1726 1080 1756 sublime
1112 1728 1233 1757 censeri

655 1772 896 1812 possit.—6o5.
912 1773 1069 1802 Mortales
1086 1772 1175 1802 visus
1198 1772 1229 1804 Ῐι.

654 1817 751 1847 Wall.
766 1819 982 1858 superscripto
1001 1829 1062 1858 que
1080 1829 1091 1848 :
1109 1818 1234 1849 hebetet

655 1864 767 1895 Franc.
786 1864 856 1894 Tibi
873 1864 989 1894 limina
1010 1864 1126 1894 circum
1142 1865 1229 1897 Leid.

647 1917 750 1941 unus.
761 1911 903 1940 Lumina
914 1910 1011 1942 Goth.
1024 1917 1094 1942 tert.
1108 1921 1125 1941 a
1140 1923 1166 1943 s.
1184 1922 1229 1943 m.

702 1956 789 1993 606,
810 1957 888 1994 607.
915 1959 961 1988 Τιι
978 1967 1019 1988 ne
1035 1969 1100 1999 qua
1108 1969 1230 2000 paren-

656 2003 695 2034 tis
707 2005 801 2033 Jussa
814 2003 891 2034 time
907 2015 919 2033 .·
931 2011 1063 2046 propter
1074 2004 1143 2043 illa,
1157 2015 1229 2046 quae

655 2061 686 2080 v.
703 2050 770 2090 619
786 2060 853 2092 sqq.
869 2050 1050 2093 subjunget.
1075 2052 1158 2082 Mox
1172 2062 1229 2082 un-

655 2096 788 2127 dantem
811 2096 964 2138 pulchre;
982 2108 1015 2129 v.
1034 2098 1131 2136 VIII,
1149 2098 1227 2137 257.

703 2144 781 2184 609.
811 2143 976 2186 Sanguine
1009 2155 1069 2186 pro
1093 2145 1227 2185 pulvere

655 2190 777 2220 Zulich.
791 2200 807 2219 a
821 2201 862 2221 m.
872 2201 921 2231 pr.
932 2201 964 2221 v.
978 2201 1048 2231 sup.
1067 2191 1144 2222 582.
1157 2191 1229 2221 Pul-

656 2236 700 2266 vis
715 2243 760 2267 est
775 2247 815 2267 ex
829 2237 940 2269 ruinis.
950 2254 998 2261 -
1007 2237 1027 2267 6
1035 2247 1087 2270 10.
1095 2239 1145 2269 Ex
1155 2238 1229 2268 loco

997 2301 1041 2339 15
