<?xml version="1.0" encoding="UTF-8"?>
<!DOCTYPE html PUBLIC "-//W3C//DTD XHTML 1.0 Transitional//EN"
    "http://www.w3.org/TR/xhtml1/DTD/xhtml1-transitional.dtd">
<html xmlns="http://www.w3.org/1999/xhtml" xml:lang="en" lang="en">
 <head>
  <title>
</title>
<meta http-equiv="Content-Type" content="text/html;charset=utf-8" />
  <meta name='ocr-system' content='tesseract 3.04.00' />
  <meta name='ocr-capabilities' content='ocr_page ocr_carea ocr_par ocr_line ocrx_word'/>
</head>
<body>
  <div class='ocr_page' id='page_1' title='image "./operahey02virguoft_0176.png"; bbox 0 0 1433 2460; ppageno 0'>
   <div class='ocr_carea' id='block_1_1' title="bbox 161 138 220 166">
    <p class='ocr_par' dir='ltr' id='par_1_1' title="bbox 161 138 220 166">
     <span class='ocr_line' id='line_1_1' title="bbox 161 138 220 166; baseline 0 0"><span class='ocrx_word' id='word_1_1' title='bbox 161 138 220 166; x_wconf 70' lang='lat'>1⁴31</span> 
     </span>
    </p>
   </div>
   <div class='ocr_carea' id='block_1_2' title="bbox 661 131 855 163">
    <p class='ocr_par' dir='ltr' id='par_1_2' title="bbox 661 131 855 163">
     <span class='ocr_line' id='line_1_2' title="bbox 661 131 855 163; baseline 0 -1"><span class='ocrx_word' id='word_1_2' title='bbox 661 131 855 163; x_wconf 73' lang='lat' dir='ltr'>AENEIDos</span> 
     </span>
    </p>
   </div>
   <div class='ocr_carea' id='block_1_3' title="bbox 156 187 1360 542">
    <p class='ocr_par' dir='ltr' id='par_1_3' title="bbox 156 187 1360 359">
     <span class='ocr_line' id='line_1_3' title="bbox 156 187 1130 240; baseline -0.003 -10"><span class='ocrx_word' id='word_1_3' title='bbox 156 194 326 230; x_wconf 70' lang='lat' dir='ltr'>Saucius.</span> <span class='ocrx_word' id='word_1_4' title='bbox 348 190 457 227; x_wconf 75' lang='lat' dir='ltr'>illum</span> <span class='ocrx_word' id='word_1_5' title='bbox 479 187 614 227; x_wconf 82' lang='lat' dir='ltr'>ardens</span> <span class='ocrx_word' id='word_1_6' title='bbox 635 188 772 226; x_wconf 83' lang='lat' dir='ltr'>infesto</span> <span class='ocrx_word' id='word_1_7' title='bbox 789 189 944 226; x_wconf 72' lang='lat' dir='ltr'>volnt-re</span> <span class='ocrx_word' id='word_1_8' title='bbox 961 190 1130 240; x_wconf 75' lang='lat' dir='ltr'><strong>Pyrrhus</strong></span> 
     </span>
     <span class='ocr_line' id='line_1_4' title="bbox 156 248 1360 301; baseline -0.003 -12"><span class='ocrx_word' id='word_1_9' title='bbox 156 251 391 301; x_wconf 62' lang='lat' dir='ltr'>Insequitur,</span> <span class='ocrx_word' id='word_1_10' title='bbox 405 250 482 299; x_wconf 79' lang='lat' dir='ltr'>jam</span> <span class='ocrx_word' id='word_1_11' title='bbox 494 248 650 300; x_wconf 82' lang='lat' dir='ltr'>jamque</span> <span class='ocrx_word' id='word_1_12' title='bbox 667 262 781 286; x_wconf 82' lang='lat' dir='ltr'>maun</span> <span class='ocrx_word' id='word_1_13' title='bbox 799 258 919 297; x_wconf 78' lang='lat' dir='ltr'>tenet,</span> <span class='ocrx_word' id='word_1_14' title='bbox 937 258 973 286; x_wconf 88' lang='lat' dir='ltr'>ct</span> <span class='ocrx_word' id='word_1_15' title='bbox 995 251 1133 300; x_wconf 73' lang='lat' dir='ltr'>promit</span> <span class='ocrx_word' id='word_1_16' title='bbox 1155 250 1270 287; x_wconf 75' lang='lat' dir='ltr'>hasta.</span> <span class='ocrx_word' id='word_1_17' title='bbox 1313 258 1360 282; x_wconf 52' lang='grc' dir='ltr'>εἴη</span> 
     </span>
     <span class='ocr_line' id='line_1_5' title="bbox 158 308 1145 359; baseline -0.002 -11"><span class='ocrx_word' id='word_1_18' title='bbox 158 315 208 348; x_wconf 70' lang='lat'>[31.</span> <span class='ocrx_word' id='word_1_19' title='bbox 231 309 379 346; x_wconf 65' lang='lat' dir='ltr'>landem</span> <span class='ocrx_word' id='word_1_20' title='bbox 398 317 484 345; x_wconf 77' lang='lat' dir='ltr'>ante</span> <span class='ocrx_word' id='word_1_21' title='bbox 500 308 630 345; x_wconf 90' lang='lat' dir='ltr'>oculos</span> <span class='ocrx_word' id='word_1_22' title='bbox 647 309 766 346; x_wconf 81' lang='lat' dir='ltr'>evasit</span> <span class='ocrx_word' id='word_1_23' title='bbox 782 317 818 346; x_wconf 89' lang='lat' dir='ltr'>et</span> <span class='ocrx_word' id='word_1_24' title='bbox 835 322 903 346; x_wconf 80' lang='lat' dir='ltr'>ora</span> <span class='ocrx_word' id='word_1_25' title='bbox 924 320 1122 359; x_wconf 76' lang='lat' dir='ltr'>parentum</span> <span class='ocrx_word' id='word_1_26' title='bbox 1136 338 1145 355; x_wconf 93' lang='lat'>‚</span> 
     </span>
    </p>

    <p class='ocr_par' dir='ltr' id='par_1_4' title="bbox 157 368 1128 420">
     <span class='ocr_line' id='line_1_6' title="bbox 157 368 1128 420; baseline -0.001 -13"><span class='ocrx_word' id='word_1_27' title='bbox 157 370 348 415; x_wconf 78' lang='lat' dir='ltr'>Concidit,</span> <span class='ocrx_word' id='word_1_28' title='bbox 370 382 412 406; x_wconf 84' lang='lat' dir='ltr'>ac</span> <span class='ocrx_word' id='word_1_29' title='bbox 432 369 552 405; x_wconf 86' lang='lat' dir='ltr'>multo</span> <span class='ocrx_word' id='word_1_30' title='bbox 571 368 689 405; x_wconf 86' lang='lat' dir='ltr'>vitam</span> <span class='ocrx_word' id='word_1_31' title='bbox 711 381 797 406; x_wconf 88' lang='lat' dir='ltr'>cum</span> <span class='ocrx_word' id='word_1_32' title='bbox 817 370 1000 420; x_wconf 81' lang='lat' dir='ltr'>sanguine</span> <span class='ocrx_word' id='word_1_33' title='bbox 1019 371 1128 408; x_wconf 83' lang='lat' dir='ltr'>fudit.</span> 
     </span>
    </p>

    <p class='ocr_par' dir='ltr' id='par_1_5' title="bbox 158 429 1302 542">
     <span class='ocr_line' id='line_1_7' title="bbox 160 429 1302 480; baseline -0.002 -11"><span class='ocrx_word' id='word_1_34' title='bbox 160 432 228 469; x_wconf 77' lang='lat' dir='ltr'>Hic</span> <span class='ocrx_word' id='word_1_35' title='bbox 248 431 436 475; x_wconf 70' lang='lat' dir='ltr'>Priamus,</span> <span class='ocrx_word' id='word_1_36' title='bbox 458 442 688 479; x_wconf 83' lang='lat' dir='ltr'>quamquam</span> <span class='ocrx_word' id='word_1_37' title='bbox 705 429 743 465; x_wconf 88' lang='lat' dir='ltr'>in</span> <span class='ocrx_word' id='word_1_38' title='bbox 760 429 883 466; x_wconf 80' lang='lat' dir='ltr'>media</span> <span class='ocrx_word' id='word_1_39' title='bbox 898 431 973 480; x_wconf 85' lang='lat' dir='ltr'>jam</span> <span class='ocrx_word' id='word_1_40' title='bbox 993 441 1113 468; x_wconf 76' lang='lat' dir='ltr'>morte</span> <span class='ocrx_word' id='word_1_41' title='bbox 1136 439 1302 476; x_wconf 60' lang='lat' dir='ltr'>unu-tur,</span> 
     </span>
     <span class='ocr_line' id='line_1_8' title="bbox 158 490 1157 542; baseline 0 -13"><span class='ocrx_word' id='word_1_42' title='bbox 158 496 242 530; x_wconf 88' lang='lat' dir='ltr'>Nou</span> <span class='ocrx_word' id='word_1_43' title='bbox 261 501 384 528; x_wconf 81' lang='lat' dir='ltr'>tamen</span> <span class='ocrx_word' id='word_1_44' title='bbox 403 490 604 538; x_wconf 83' lang='lat' dir='ltr'>abstinuit,</span> <span class='ocrx_word' id='word_1_45' title='bbox 620 503 690 527; x_wconf 84' lang='lat' dir='ltr'>nec</span> <span class='ocrx_word' id='word_1_46' title='bbox 705 490 792 527; x_wconf 91' lang='lat' dir='ltr'>voci</span> <span class='ocrx_word' id='word_1_47' title='bbox 808 490 952 540; x_wconf 86' lang='lat' dir='ltr'>iraeque</span> <span class='ocrx_word' id='word_1_48' title='bbox 972 493 1157 542; x_wconf 79' lang='lat' dir='ltr'>pepercit:</span> 
     </span>
    </p>
   </div>
   <div class='ocr_carea' id='block_1_4' title="bbox 160 551 1206 602">
    <p class='ocr_par' dir='ltr' id='par_1_6' title="bbox 160 551 1206 602">
     <span class='ocr_line' id='line_1_9' title="bbox 160 551 1206 602; baseline 0 -13"><span class='ocrx_word' id='word_1_49' title='bbox 160 573 173 585; x_wconf 59' lang='grc' dir='ltr'>«ι</span> <span class='ocrx_word' id='word_1_50' title='bbox 197 557 246 590; x_wconf 82' lang='lat' dir='ltr'>At</span> <span class='ocrx_word' id='word_1_51' title='bbox 264 553 330 589; x_wconf 82' lang='lat' dir='ltr'>tibi</span> <span class='ocrx_word' id='word_1_52' title='bbox 350 565 421 602; x_wconf 80' lang='lat' dir='ltr'>pro</span> <span class='ocrx_word' id='word_1_53' title='bbox 438 551 597 598; x_wconf 78' lang='lat' dir='ltr'>scelere,</span> <span class='ocrx_word' id='word_1_54' title='bbox 614 551 819 597; x_wconf 85' lang='lat' dir='ltr'>exclamat,</span> <span class='ocrx_word' id='word_1_55' title='bbox 840 564 911 601; x_wconf 72' lang='lat' dir='ltr'>pro</span> <span class='ocrx_word' id='word_1_56' title='bbox 931 552 1068 590; x_wconf 86' lang='lat' dir='ltr'>talibus</span> <span class='ocrx_word' id='word_1_57' title='bbox 1089 554 1206 599; x_wconf 60' lang='lat' dir='ltr'>ausis,</span> 
     </span>
    </p>
   </div>
   <div class='ocr_carea' id='block_1_5' title="bbox 1319 563 1366 586">
    <p class='ocr_par' dir='ltr' id='par_1_7' title="bbox 1319 563 1366 586">
     <span class='ocr_line' id='line_1_10' title="bbox 1319 563 1366 586; baseline 0 0"><span class='ocrx_word' id='word_1_58' title='bbox 1319 563 1366 586; x_wconf 68' lang='lat'>535</span> 
     </span>
    </p>
   </div>
   <div class='ocr_carea' id='block_1_6' title="bbox 157 612 1098 782">
    <p class='ocr_par' dir='ltr' id='par_1_8' title="bbox 157 612 1098 782">
     <span class='ocr_line' id='line_1_11' title="bbox 157 612 1061 663; baseline 0 -13"><span class='ocrx_word' id='word_1_59' title='bbox 157 614 223 660; x_wconf 82' lang='lat' dir='ltr'>Di,</span> <span class='ocrx_word' id='word_1_60' title='bbox 243 614 272 650; x_wconf 83' lang='lat' dir='ltr'>si</span> <span class='ocrx_word' id='word_1_61' title='bbox 293 627 367 663; x_wconf 82' lang='lat' dir='ltr'>qua</span> <span class='ocrx_word' id='word_1_62' title='bbox 386 621 441 649; x_wconf 79' lang='lat' dir='ltr'>cst</span> <span class='ocrx_word' id='word_1_63' title='bbox 462 613 556 649; x_wconf 82' lang='lat' dir='ltr'>coelo</span> <span class='ocrx_word' id='word_1_64' title='bbox 576 612 696 662; x_wconf 85' lang='lat' dir='ltr'>pietas</span> <span class='ocrx_word' id='word_1_65' title='bbox 717 625 802 662; x_wconf 83' lang='lat' dir='ltr'>quae</span> <span class='ocrx_word' id='word_1_66' title='bbox 821 612 909 650; x_wconf 81' lang='lat' dir='ltr'>talia</span> <span class='ocrx_word' id='word_1_67' title='bbox 928 622 1061 659; x_wconf 81' lang='lat' dir='ltr'>curet,</span> 
     </span>
     <span class='ocr_line' id='line_1_12' title="bbox 160 672 1098 723; baseline 0 -12"><span class='ocrx_word' id='word_1_68' title='bbox 160 675 379 711; x_wconf 73' lang='lat' dir='ltr'>Persolvant</span> <span class='ocrx_word' id='word_1_69' title='bbox 395 682 519 722; x_wconf 75' lang='lat' dir='ltr'>grates</span> <span class='ocrx_word' id='word_1_70' title='bbox 536 672 688 723; x_wconf 80' lang='lat' dir='ltr'>dignas,</span> <span class='ocrx_word' id='word_1_71' title='bbox 707 681 744 709; x_wconf 86' lang='lat' dir='ltr'>et</span> <span class='ocrx_word' id='word_1_72' title='bbox 762 673 917 722; x_wconf 76' lang='lat' dir='ltr'>praemia</span> <span class='ocrx_word' id='word_1_73' title='bbox 938 673 1098 711; x_wconf 80' lang='lat' dir='ltr'>reddant</span> 
     </span>
     <span class='ocr_line' id='line_1_13' title="bbox 160 733 1046 782; baseline 0 -13"><span class='ocrx_word' id='word_1_74' title='bbox 160 733 322 779; x_wconf 74' lang='lat' dir='ltr'>Debita,</span> <span class='ocrx_word' id='word_1_75' title='bbox 343 733 408 782; x_wconf 84' lang='lat' dir='ltr'>qni</span> <span class='ocrx_word' id='word_1_76' title='bbox 429 734 505 769; x_wconf 82' lang='lat' dir='ltr'>nati</span> <span class='ocrx_word' id='word_1_77' title='bbox 524 745 652 770; x_wconf 78' lang='lat' dir='ltr'>coram</span> <span class='ocrx_word' id='word_1_78' title='bbox 674 745 734 770; x_wconf 84' lang='lat' dir='ltr'>me</span> <span class='ocrx_word' id='word_1_79' title='bbox 753 746 911 770; x_wconf 82' lang='lat' dir='ltr'>cernere</span> <span class='ocrx_word' id='word_1_80' title='bbox 928 734 1046 769; x_wconf 85' lang='lat' dir='ltr'>letum</span> 
     </span>
    </p>
   </div>
   <div class='ocr_carea' id='block_1_7' title="bbox 162 875 745 2308">
    <p class='ocr_par' dir='ltr' id='par_1_9' title="bbox 162 875 745 2214">
     <span class='ocr_line' id='line_1_14' title="bbox 162 875 736 919; baseline 0 -13"><span class='ocrx_word' id='word_1_81' title='bbox 162 879 336 919; x_wconf 71' lang='lat' dir='ltr'>dispersos,</span> <span class='ocrx_word' id='word_1_82' title='bbox 362 876 447 906; x_wconf 80' lang='lat' dir='ltr'>cous.</span> <span class='ocrx_word' id='word_1_83' title='bbox 473 877 582 906; x_wconf 72' lang='lat' dir='ltr'>But-m.</span> <span class='ocrx_word' id='word_1_84' title='bbox 606 875 645 905; x_wconf 84' lang='lat' dir='ltr'>ad</span> <span class='ocrx_word' id='word_1_85' title='bbox 666 876 736 907; x_wconf 77' lang='lat' dir='ltr'>Val.</span> 
     </span>
     <span class='ocr_line' id='line_1_15' title="bbox 164 921 737 963; baseline -0.005 -8"><span class='ocrx_word' id='word_1_86' title='bbox 164 926 209 955; x_wconf 82' lang='lat' dir='ltr'>Fl.</span> <span class='ocrx_word' id='word_1_87' title='bbox 229 927 285 961; x_wconf 87' lang='lat' dir='ltr'>lv,</span> <span class='ocrx_word' id='word_1_88' title='bbox 299 935 352 953; x_wconf 80' lang='lat'>21.</span> <span class='ocrx_word' id='word_1_89' title='bbox 368 941 413 945; x_wconf 84' lang='lat'>-—</span> <span class='ocrx_word' id='word_1_90' title='bbox 429 924 505 962; x_wconf 75' lang='lat'>529.</span> <span class='ocrx_word' id='word_1_91' title='bbox 525 921 651 963; x_wconf 71' lang='lat' dir='ltr'>Itfieceo</span> <span class='ocrx_word' id='word_1_92' title='bbox 675 933 737 953; x_wconf 81' lang='lat' dir='ltr'>sec.</span> 
     </span>
     <span class='ocr_line' id='line_1_16' title="bbox 169 968 741 1010; baseline -0.007 -9"><span class='ocrx_word' id='word_1_93' title='bbox 169 973 286 1001; x_wconf 81' lang='lat' dir='ltr'>Moret.</span> <span class='ocrx_word' id='word_1_94' title='bbox 303 977 333 999; x_wconf 74' lang='lat' dir='ltr'>vt</span> <span class='ocrx_word' id='word_1_95' title='bbox 342 969 390 999; x_wconf 78' lang='lat' dir='ltr'>ed.</span> <span class='ocrx_word' id='word_1_96' title='bbox 402 971 483 999; x_wconf 80' lang='lat' dir='ltr'>Dan.</span> <span class='ocrx_word' id='word_1_97' title='bbox 497 970 605 999; x_wconf 79' lang='lat' dir='ltr'>Heius.</span> <span class='ocrx_word' id='word_1_98' title='bbox 616 968 741 1010; x_wconf 82' lang='lat' dir='ltr'>Infaus-</span> 
     </span>
     <span class='ocr_line' id='line_1_17' title="bbox 165 1014 740 1057; baseline -0.005 -10"><span class='ocrx_word' id='word_1_99' title='bbox 165 1027 197 1047; x_wconf 82' lang='grc' dir='ltr'>ιο</span> <span class='ocrx_word' id='word_1_100' title='bbox 213 1019 337 1057; x_wconf 79' lang='lat' dir='ltr'>Mcnag.</span> <span class='ocrx_word' id='word_1_101' title='bbox 355 1027 403 1056; x_wconf 77' lang='lat' dir='ltr'>pr.</span> <span class='ocrx_word' id='word_1_102' title='bbox 420 1014 540 1056; x_wconf 74' lang='lat' dir='ltr'>lust-sto</span> <span class='ocrx_word' id='word_1_103' title='bbox 558 1014 591 1044; x_wconf 85' lang='lat' dir='ltr'>in</span> <span class='ocrx_word' id='word_1_104' title='bbox 603 1015 740 1045; x_wconf 79' lang='lat' dir='ltr'>vulnere</span> 
     </span>
     <span class='ocr_line' id='line_1_18' title="bbox 165 1062 739 1103; baseline -0.005 -10"><span class='ocrx_word' id='word_1_105' title='bbox 165 1063 332 1103; x_wconf 77' lang='lat' dir='ltr'>Oblongns</span> <span class='ocrx_word' id='word_1_106' title='bbox 358 1063 471 1098; x_wconf 69' lang='lat' dir='ltr'>Pierii,</span> <span class='ocrx_word' id='word_1_107' title='bbox 504 1062 630 1091; x_wconf 85' lang='lat' dir='ltr'>saucius</span> <span class='ocrx_word' id='word_1_108' title='bbox 654 1062 739 1091; x_wconf 84' lang='lat' dir='ltr'>enim</span> 
     </span>
     <span class='ocr_line' id='line_1_19' title="bbox 165 1107 741 1148; baseline -0.003 -8"><span class='ocrx_word' id='word_1_109' title='bbox 165 1116 230 1140; x_wconf 83' lang='lat' dir='ltr'>erat</span> <span class='ocrx_word' id='word_1_110' title='bbox 242 1109 355 1139; x_wconf 75' lang='lat' dir='ltr'>Polites</span> <span class='ocrx_word' id='word_1_111' title='bbox 367 1120 374 1145; x_wconf 84' lang='lat'>;</span> <span class='ocrx_word' id='word_1_112' title='bbox 386 1107 474 1148; x_wconf 84' lang='lat' dir='ltr'>quod</span> <span class='ocrx_word' id='word_1_113' title='bbox 488 1108 561 1137; x_wconf 88' lang='lat' dir='ltr'>ferri</span> <span class='ocrx_word' id='word_1_114' title='bbox 575 1114 741 1147; x_wconf 77' lang='lat' dir='ltr'>posset.—</span> 
     </span>
     <span class='ocr_line' id='line_1_20' title="bbox 167 1153 739 1197; baseline -0.002 -12"><span class='ocrx_word' id='word_1_115' title='bbox 167 1155 288 1197; x_wconf 77' lang='lat' dir='ltr'>Infcsco</span> <span class='ocrx_word' id='word_1_116' title='bbox 311 1155 447 1184; x_wconf 70' lang='lat' dir='ltr'>vulnere</span> <span class='ocrx_word' id='word_1_117' title='bbox 467 1153 662 1194; x_wconf 76' lang='lat' dir='ltr'>insequitur,</span> <span class='ocrx_word' id='word_1_118' title='bbox 689 1155 739 1184; x_wconf 88' lang='lat' dir='ltr'>in—</span> 
     </span>
     <span class='ocr_line' id='line_1_21' title="bbox 166 1200 741 1239; baseline -0.002 -8"><span class='ocrx_word' id='word_1_119' title='bbox 166 1203 254 1239; x_wconf 79' lang='lat' dir='ltr'>feste,</span> <span class='ocrx_word' id='word_1_120' title='bbox 270 1201 377 1231; x_wconf 84' lang='lat' dir='ltr'>hostili</span> <span class='ocrx_word' id='word_1_121' title='bbox 391 1212 495 1238; x_wconf 86' lang='lat' dir='ltr'>more,</span> <span class='ocrx_word' id='word_1_122' title='bbox 516 1207 553 1230; x_wconf 89' lang='lat' dir='ltr'>ut</span> <span class='ocrx_word' id='word_1_123' title='bbox 567 1200 683 1230; x_wconf 78' lang='lat' dir='ltr'>vulnus</span> <span class='ocrx_word' id='word_1_124' title='bbox 696 1202 741 1230; x_wconf 90' lang='lat' dir='ltr'>in-</span> 
     </span>
     <span class='ocr_line' id='line_1_22' title="bbox 167 1246 741 1289; baseline -0.003 -11"><span class='ocrx_word' id='word_1_125' title='bbox 167 1249 263 1284; x_wconf 78' lang='lat' dir='ltr'>ferat;</span> <span class='ocrx_word' id='word_1_126' title='bbox 292 1246 346 1276; x_wconf 80' lang='lat' dir='ltr'>sed</span> <span class='ocrx_word' id='word_1_127' title='bbox 371 1248 505 1277; x_wconf 81' lang='lat' dir='ltr'>alterum</span> <span class='ocrx_word' id='word_1_128' title='bbox 524 1247 625 1276; x_wconf 89' lang='lat' dir='ltr'>multo</span> <span class='ocrx_word' id='word_1_129' title='bbox 644 1248 741 1289; x_wconf 79' lang='lat' dir='ltr'>magis</span> 
     </span>
     <span class='ocr_line' id='line_1_23' title="bbox 167 1292 742 1336; baseline -0.002 -11"><span class='ocrx_word' id='word_1_130' title='bbox 167 1295 348 1336; x_wconf 86' lang='lat' dir='ltr'>poeticum,</span> <span class='ocrx_word' id='word_1_131' title='bbox 380 1294 518 1323; x_wconf 75' lang='lat' dir='ltr'>vulnere</span> <span class='ocrx_word' id='word_1_132' title='bbox 541 1292 668 1334; x_wconf 63' lang='lat' dir='ltr'>infesto.</span> <span class='ocrx_word' id='word_1_133' title='bbox 697 1295 742 1324; x_wconf 90' lang='lat' dir='ltr'>At</span> 
     </span>
     <span class='ocr_line' id='line_1_24' title="bbox 168 1339 741 1380; baseline 0 -10"><span class='ocrx_word' id='word_1_134' title='bbox 168 1341 288 1372; x_wconf 71' lang='lat' dir='ltr'>vulnus</span> <span class='ocrx_word' id='word_1_135' title='bbox 304 1339 342 1369; x_wconf 83' lang='lat' dir='ltr'>de</span> <span class='ocrx_word' id='word_1_136' title='bbox 359 1340 421 1369; x_wconf 79' lang='lat' dir='ltr'>telo</span> <span class='ocrx_word' id='word_1_137' title='bbox 434 1340 466 1370; x_wconf 84' lang='lat' dir='ltr'>h.</span> <span class='ocrx_word' id='word_1_138' title='bbox 480 1340 501 1370; x_wconf 93' lang='lat' dir='ltr'>l.</span> <span class='ocrx_word' id='word_1_139' title='bbox 516 1347 589 1380; x_wconf 87' lang='lat' dir='ltr'>post</span> <span class='ocrx_word' id='word_1_140' title='bbox 603 1339 679 1370; x_wconf 87' lang='lat' dir='ltr'>alios</span> <span class='ocrx_word' id='word_1_141' title='bbox 693 1351 741 1370; x_wconf 86' lang='lat' dir='ltr'>ac-</span> 
     </span>
     <span class='ocr_line' id='line_1_25' title="bbox 167 1387 740 1428; baseline -0.002 -11"><span class='ocrx_word' id='word_1_142' title='bbox 167 1389 245 1428; x_wconf 86' lang='lat' dir='ltr'>cipit</span> <span class='ocrx_word' id='word_1_143' title='bbox 264 1389 392 1424; x_wconf 81' lang='lat' dir='ltr'>Burm.;</span> <span class='ocrx_word' id='word_1_144' title='bbox 418 1393 455 1416; x_wconf 92' lang='lat' dir='ltr'>ut</span> <span class='ocrx_word' id='word_1_145' title='bbox 475 1397 549 1416; x_wconf 83' lang='lat' dir='ltr'>sane</span> <span class='ocrx_word' id='word_1_146' title='bbox 572 1397 654 1427; x_wconf 78' lang='lat' dir='ltr'>saepe</span> <span class='ocrx_word' id='word_1_147' title='bbox 669 1387 740 1416; x_wconf 91' lang='lat' dir='ltr'>vul-</span> 
     </span>
     <span class='ocr_line' id='line_1_26' title="bbox 168 1432 740 1473; baseline -0.005 -8"><span class='ocrx_word' id='word_1_148' title='bbox 168 1445 228 1465; x_wconf 86' lang='lat' dir='ltr'>nus</span> <span class='ocrx_word' id='word_1_149' title='bbox 259 1432 349 1463; x_wconf 80' lang='lat' dir='ltr'>rcddi</span> <span class='ocrx_word' id='word_1_150' title='bbox 372 1439 486 1473; x_wconf 82' lang='lat' dir='ltr'>potest.</span> <span class='ocrx_word' id='word_1_151' title='bbox 511 1432 551 1463; x_wconf 88' lang='lat' dir='ltr'>cf.</span> <span class='ocrx_word' id='word_1_152' title='bbox 576 1433 633 1463; x_wconf 87' lang='lat' dir='ltr'>inf.</span> <span class='ocrx_word' id='word_1_153' title='bbox 658 1435 740 1470; x_wconf 84' lang='lat' dir='ltr'>VII,</span> 
     </span>
     <span class='ocr_line' id='line_1_27' title="bbox 171 1480 741 1518; baseline -0.002 -7"><span class='ocrx_word' id='word_1_154' title='bbox 171 1482 257 1516; x_wconf 78' lang='lat'>5333</span> <span class='ocrx_word' id='word_1_155' title='bbox 282 1482 312 1510; x_wconf 82' lang='lat' dir='ltr'>X</span> <span class='ocrx_word' id='word_1_156' title='bbox 325 1502 332 1516; x_wconf 91' lang='lat'><strong>‚</strong></span> <span class='ocrx_word' id='word_1_157' title='bbox 357 1480 545 1516; x_wconf 70' lang='lat' dir='ltr'>1403x11‚</span> <span class='ocrx_word' id='word_1_158' title='bbox 571 1480 741 1518; x_wconf 79' lang='lat' dir='ltr'>376:sci1.</span> 
     </span>
     <span class='ocr_line' id='line_1_28' title="bbox 168 1526 744 1568; baseline -0.003 -11"><span class='ocrx_word' id='word_1_159' title='bbox 168 1526 296 1568; x_wconf 83' lang='lat' dir='ltr'>quando</span> <span class='ocrx_word' id='word_1_160' title='bbox 310 1526 348 1556; x_wconf 90' lang='lat' dir='ltr'>de</span> <span class='ocrx_word' id='word_1_161' title='bbox 362 1526 425 1556; x_wconf 78' lang='lat' dir='ltr'>telo</span> <span class='ocrx_word' id='word_1_162' title='bbox 438 1527 480 1555; x_wconf 82' lang='lat' dir='ltr'>ita</span> <span class='ocrx_word' id='word_1_163' title='bbox 495 1526 616 1567; x_wconf 77' lang='lat' dir='ltr'>agitur,</span> <span class='ocrx_word' id='word_1_164' title='bbox 631 1527 744 1556; x_wconf 89' lang='lat' dir='ltr'>utvul-</span> 
     </span>
     <span class='ocr_line' id='line_1_29' title="bbox 168 1573 744 1604; baseline -0.003 -1"><span class='ocrx_word' id='word_1_165' title='bbox 168 1584 230 1604; x_wconf 86' lang='lat' dir='ltr'>nus</span> <span class='ocrx_word' id='word_1_166' title='bbox 252 1573 292 1602; x_wconf 84' lang='lat' dir='ltr'>ab</span> <span class='ocrx_word' id='word_1_167' title='bbox 309 1583 346 1603; x_wconf 92' lang='lat' dir='ltr'>eo</span> <span class='ocrx_word' id='word_1_168' title='bbox 370 1574 487 1602; x_wconf 75' lang='lat' dir='ltr'>factum</span> <span class='ocrx_word' id='word_1_169' title='bbox 507 1573 603 1602; x_wconf 86' lang='lat' dir='ltr'>simul</span> <span class='ocrx_word' id='word_1_170' title='bbox 626 1583 744 1602; x_wconf 87' lang='lat' dir='ltr'>memo-</span> 
     </span>
     <span class='ocr_line' id='line_1_30' title="bbox 168 1618 744 1659; baseline -0.003 -9"><span class='ocrx_word' id='word_1_171' title='bbox 168 1627 268 1650; x_wconf 81' lang='lat' dir='ltr'><strong>retur.</strong></span> <span class='ocrx_word' id='word_1_172' title='bbox 287 1620 409 1649; x_wconf 76' lang='lat' dir='ltr'>Premz&#39;c</span> <span class='ocrx_word' id='word_1_173' title='bbox 422 1618 516 1648; x_wconf 79' lang='lat' dir='ltr'>hasta</span> <span class='ocrx_word' id='word_1_174' title='bbox 527 1643 536 1656; x_wconf 90' lang='lat'><strong><em>,</em></strong></span> <span class='ocrx_word' id='word_1_175' title='bbox 555 1620 744 1659; x_wconf 75' lang='lat' dir='ltr'>exquisitius</span> 
     </span>
     <span class='ocr_line' id='line_1_31' title="bbox 169 1665 742 1708; baseline 0.002 -13"><span class='ocrx_word' id='word_1_176' title='bbox 169 1676 265 1707; x_wconf 85' lang='lat' dir='ltr'>quam</span> <span class='ocrx_word' id='word_1_177' title='bbox 289 1665 455 1708; x_wconf 81' lang='lat' dir='ltr'>transfigit.</span> <span class='ocrx_word' id='word_1_178' title='bbox 475 1666 559 1696; x_wconf 89' lang='lat' dir='ltr'>conf.</span> <span class='ocrx_word' id='word_1_179' title='bbox 576 1667 642 1703; x_wconf 79' lang='lat' dir='ltr'>lx,</span> <span class='ocrx_word' id='word_1_180' title='bbox 665 1667 742 1697; x_wconf 78' lang='grc'>330.</span> 
     </span>
     <span class='ocr_line' id='line_1_32' title="bbox 169 1712 744 1753; baseline -0.003 -10"><span class='ocrx_word' id='word_1_181' title='bbox 169 1714 301 1753; x_wconf 75' lang='lat' dir='ltr'>Proprie</span> <span class='ocrx_word' id='word_1_182' title='bbox 324 1712 444 1753; x_wconf 76' lang='lat' dir='ltr'>premit,</span> <span class='ocrx_word' id='word_1_183' title='bbox 470 1712 597 1742; x_wconf 77' lang='lat' dir='ltr'>hastam</span> <span class='ocrx_word' id='word_1_184' title='bbox 620 1713 664 1749; x_wconf 84' lang='lat' dir='ltr'>is,</span> <span class='ocrx_word' id='word_1_185' title='bbox 689 1714 744 1753; x_wconf 89' lang='lat' dir='ltr'>qui</span> 
     </span>
     <span class='ocr_line' id='line_1_33' title="bbox 171 1755 743 1802; baseline 0.002 -14"><span class='ocrx_word' id='word_1_186' title='bbox 171 1769 239 1789; x_wconf 85' lang='lat' dir='ltr'>eam</span> <span class='ocrx_word' id='word_1_187' title='bbox 258 1758 382 1800; x_wconf 82' lang='lat' dir='ltr'>infigit,</span> <span class='ocrx_word' id='word_1_188' title='bbox 403 1759 516 1800; x_wconf 79' lang='lat' dir='ltr'>adigit,</span> <span class='ocrx_word' id='word_1_189' title='bbox 543 1755 743 1802; x_wconf 67' lang='grc' dir='ltr'>ἐρειδόμενος.</span> 
     </span>
     <span class='ocr_line' id='line_1_34' title="bbox 171 1806 744 1848; baseline -0.003 -12"><span class='ocrx_word' id='word_1_190' title='bbox 171 1806 288 1836; x_wconf 83' lang='lat' dir='ltr'>Polites</span> <span class='ocrx_word' id='word_1_191' title='bbox 310 1807 409 1848; x_wconf 82' lang='lat' dir='ltr'>igitur</span> <span class='ocrx_word' id='word_1_192' title='bbox 433 1806 616 1835; x_wconf 77' lang='lat' dir='ltr'>vulneratus</span> <span class='ocrx_word' id='word_1_193' title='bbox 632 1815 649 1834; x_wconf 84' lang='lat' dir='ltr'>a</span> <span class='ocrx_word' id='word_1_194' title='bbox 665 1807 744 1847; x_wconf 79' lang='lat' dir='ltr'>Pyr-</span> 
     </span>
     <span class='ocr_line' id='line_1_35' title="bbox 171 1851 744 1894; baseline 0 -13"><span class='ocrx_word' id='word_1_195' title='bbox 171 1851 230 1882; x_wconf 86' lang='lat' dir='ltr'>rho</span> <span class='ocrx_word' id='word_1_196' title='bbox 252 1852 351 1893; x_wconf 79' lang='lat' dir='ltr'>fugit3</span> <span class='ocrx_word' id='word_1_197' title='bbox 379 1851 519 1894; x_wconf 67' lang='lat' dir='ltr'>Pyrrhus</span> <span class='ocrx_word' id='word_1_198' title='bbox 543 1852 744 1892; x_wconf 86' lang='lat' dir='ltr'>insequitur,</span> 
     </span>
     <span class='ocr_line' id='line_1_36' title="bbox 171 1899 744 1937; baseline 0.002 -10"><span class='ocrx_word' id='word_1_199' title='bbox 171 1909 293 1928; x_wconf 78' lang='lat' dir='ltr'>novum</span> <span class='ocrx_word' id='word_1_200' title='bbox 315 1899 432 1928; x_wconf 76' lang='lat' dir='ltr'>vulnus</span> <span class='ocrx_word' id='word_1_201' title='bbox 451 1899 617 1936; x_wconf 81' lang='lat' dir='ltr'>illaturus,</span> <span class='ocrx_word' id='word_1_202' title='bbox 635 1906 667 1928; x_wconf 88' lang='lat' dir='ltr'>et</span> <span class='ocrx_word' id='word_1_203' title='bbox 680 1899 744 1937; x_wconf 86' lang='lat' dir='ltr'>jam</span> 
     </span>
     <span class='ocr_line' id='line_1_37' title="bbox 172 1945 743 1986; baseline 0.005 -15"><span class='ocrx_word' id='word_1_204' title='bbox 172 1945 205 1973; x_wconf 87' lang='lat' dir='ltr'>in</span> <span class='ocrx_word' id='word_1_205' title='bbox 219 1955 256 1974; x_wconf 90' lang='lat' dir='ltr'>eo</span> <span class='ocrx_word' id='word_1_206' title='bbox 272 1952 336 1980; x_wconf 86' lang='lat' dir='ltr'>est,</span> <span class='ocrx_word' id='word_1_207' title='bbox 352 1953 387 1974; x_wconf 87' lang='lat' dir='ltr'>ut</span> <span class='ocrx_word' id='word_1_208' title='bbox 400 1956 472 1975; x_wconf 88' lang='lat' dir='ltr'>eum</span> <span class='ocrx_word' id='word_1_209' title='bbox 487 1946 618 1986; x_wconf 82' lang='lat' dir='ltr'>attingat</span> <span class='ocrx_word' id='word_1_210' title='bbox 639 1945 743 1982; x_wconf 83' lang='lat' dir='ltr'>hasta,</span> 
     </span>
     <span class='ocr_line' id='line_1_38' title="bbox 171 1991 745 2032; baseline 0.007 -15"><span class='ocrx_word' id='word_1_211' title='bbox 171 2000 245 2018; x_wconf 87' lang='lat' dir='ltr'>cum</span> <span class='ocrx_word' id='word_1_212' title='bbox 274 1991 389 2020; x_wconf 81' lang='lat' dir='ltr'>Polites</span> <span class='ocrx_word' id='word_1_213' title='bbox 415 2003 431 2021; x_wconf 89' lang='lat' dir='ltr'>e</span> <span class='ocrx_word' id='word_1_214' title='bbox 455 1992 588 2021; x_wconf 67' lang='lat' dir='ltr'>vnlnere</span> <span class='ocrx_word' id='word_1_215' title='bbox 613 1998 745 2032; x_wconf 85' lang='lat' dir='ltr'>accepto</span> 
     </span>
     <span class='ocr_line' id='line_1_39' title="bbox 171 2036 744 2074; baseline 0.009 -11"><span class='ocrx_word' id='word_1_216' title='bbox 171 2036 321 2067; x_wconf 81' lang='lat' dir='ltr'>concidit.</span> <span class='ocrx_word' id='word_1_217' title='bbox 340 2040 377 2067; x_wconf 87' lang='lat' dir='ltr'>In</span> <span class='ocrx_word' id='word_1_218' title='bbox 393 2049 423 2068; x_wconf 76' lang='lat' dir='ltr'>v.</span> <span class='ocrx_word' id='word_1_219' title='bbox 443 2039 505 2067; x_wconf 81' lang='lat'>531</span> <span class='ocrx_word' id='word_1_220' title='bbox 519 2060 528 2074; x_wconf 84' lang='lat'>,</span> <span class='ocrx_word' id='word_1_221' title='bbox 545 2049 563 2068; x_wconf 59' lang='grc' dir='ltr'><strong><em>Ἃ</em></strong></span> <span class='ocrx_word' id='word_1_222' title='bbox 585 2038 744 2068; x_wconf 82' lang='lat' dir='ltr'>miseratio</span> 
     </span>
     <span class='ocr_line' id='line_1_40' title="bbox 173 2081 742 2121; baseline 0.011 -12"><span class='ocrx_word' id='word_1_223' title='bbox 173 2081 211 2109; x_wconf 76' lang='lat' dir='ltr'>ad</span> <span class='ocrx_word' id='word_1_224' title='bbox 232 2092 391 2112; x_wconf 84' lang='lat' dir='ltr'>summum</span> <span class='ocrx_word' id='word_1_225' title='bbox 409 2084 560 2114; x_wconf 77' lang='lat' dir='ltr'>affectum</span> <span class='ocrx_word' id='word_1_226' title='bbox 578 2084 714 2114; x_wconf 84' lang='lat' dir='ltr'>adducta</span> <span class='ocrx_word' id='word_1_227' title='bbox 734 2106 742 2121; x_wconf 91' lang='lat'>‚</span> 
     </span>
     <span class='ocr_line' id='line_1_41' title="bbox 172 2127 744 2172; baseline 0.007 -16"><span class='ocrx_word' id='word_1_228' title='bbox 172 2127 260 2167; x_wconf 89' lang='lat' dir='ltr'>quod</span> <span class='ocrx_word' id='word_1_229' title='bbox 283 2130 423 2160; x_wconf 76' lang='lat' dir='ltr'>concidit</span> <span class='ocrx_word' id='word_1_230' title='bbox 447 2131 499 2161; x_wconf 84' lang='lat' dir='ltr'>ille</span> <span class='ocrx_word' id='word_1_231' title='bbox 520 2132 555 2160; x_wconf 91' lang='lat' dir='ltr'>in</span> <span class='ocrx_word' id='word_1_232' title='bbox 574 2138 744 2172; x_wconf 87' lang='lat' dir='ltr'>parentum</span> 
     </span>
     <span class='ocr_line' id='line_1_42' title="bbox 170 2181 354 2214; baseline 0.011 -12"><span class='ocrx_word' id='word_1_233' title='bbox 170 2181 354 2214; x_wconf 63' lang='lat' dir='ltr'>conspectu.</span> 
     </span>
    </p>

    <p class='ocr_par' dir='ltr' id='par_1_10' title="bbox 168 2220 744 2308">
     <span class='ocr_line' id='line_1_43' title="bbox 218 2220 743 2264; baseline 0.006 -14"><span class='ocrx_word' id='word_1_234' title='bbox 218 2220 237 2249; x_wconf 83' lang='lat'><em>5</em></span> <span class='ocrx_word' id='word_1_235' title='bbox 244 2221 374 2257; x_wconf 61' lang='lat'>33-54</span> <span class='ocrx_word' id='word_1_236' title='bbox 383 2223 411 2251; x_wconf 82' lang='lat'>3.</span> <span class='ocrx_word' id='word_1_237' title='bbox 424 2223 535 2253; x_wconf 61' lang='lat' dir='ltr'>stleclia</span> <span class='ocrx_word' id='word_1_238' title='bbox 546 2231 655 2260; x_wconf 79' lang='lat' dir='ltr'>morte,</span> <span class='ocrx_word' id='word_1_239' title='bbox 665 2233 743 2264; x_wconf 87' lang='lat' dir='ltr'>prae-</span> 
     </span>
     <span class='ocr_line' id='line_1_44' title="bbox 168 2268 744 2308; baseline 0.009 -13"><span class='ocrx_word' id='word_1_240' title='bbox 168 2268 247 2296; x_wconf 79' lang='lat' dir='ltr'>senti</span> <span class='ocrx_word' id='word_1_241' title='bbox 270 2269 378 2297; x_wconf 55' lang='lat' dir='ltr'>mortis&gt;</span> <span class='ocrx_word' id='word_1_242' title='bbox 398 2270 552 2308; x_wconf 78' lang='lat' dir='ltr'>periculo.</span> <span class='ocrx_word' id='word_1_243' title='bbox 579 2269 744 2301; x_wconf 73' lang='lat' dir='ltr'>Abstinuit</span> 
     </span>
    </p>
   </div>
   <div class='ocr_carea' id='block_1_8' title="bbox 791 876 1373 2308">
    <p class='ocr_par' dir='ltr' id='par_1_11' title="bbox 791 876 1373 2308">
     <span class='ocr_line' id='line_1_45' title="bbox 792 876 1366 915; baseline 0.002 -10"><span class='ocrx_word' id='word_1_244' title='bbox 792 876 950 915; x_wconf 77' lang='lat' dir='ltr'>exquisite</span> <span class='ocrx_word' id='word_1_245' title='bbox 962 899 970 912; x_wconf 90' lang='lat'>,</span> <span class='ocrx_word' id='word_1_246' title='bbox 985 876 1147 905; x_wconf 79' lang='lat' dir='ltr'>continuit</span> <span class='ocrx_word' id='word_1_247' title='bbox 1165 887 1207 906; x_wconf 83' lang='lat' dir='ltr'>se.</span> <span class='ocrx_word' id='word_1_248' title='bbox 1227 894 1271 898; x_wconf 90' lang='lat'>-—</span> <span class='ocrx_word' id='word_1_249' title='bbox 1289 877 1366 906; x_wconf 78' lang='lat'><strong>536.</strong></span> 
     </span>
     <span class='ocr_line' id='line_1_46' title="bbox 793 920 1368 964; baseline 0.002 -13"><span class='ocrx_word' id='word_1_250' title='bbox 793 922 919 958; x_wconf 77' lang='lat' dir='ltr'>Pietas,</span> <span class='ocrx_word' id='word_1_251' title='bbox 945 920 1013 957; x_wconf 78' lang='grc' dir='ltr'>ὃπις</span> <span class='ocrx_word' id='word_1_252' title='bbox 1030 923 1104 952; x_wconf 80' lang='grc' dir='ltr'>θεῶν</span> <span class='ocrx_word' id='word_1_253' title='bbox 1118 945 1126 960; x_wconf 88' lang='grc'><em>,</em></span> <span class='ocrx_word' id='word_1_254' title='bbox 1146 922 1178 953; x_wconf 89' lang='lat' dir='ltr'>h.</span> <span class='ocrx_word' id='word_1_255' title='bbox 1199 923 1220 953; x_wconf 91' lang='lat' dir='ltr'>l.</span> <span class='ocrx_word' id='word_1_256' title='bbox 1244 933 1368 964; x_wconf 84' lang='lat' dir='ltr'>respec-</span> 
     </span>
     <span class='ocr_line' id='line_1_47' title="bbox 794 969 1367 1010; baseline 0.002 -12"><span class='ocrx_word' id='word_1_257' title='bbox 794 975 844 998; x_wconf 90' lang='lat' dir='ltr'>tus</span> <span class='ocrx_word' id='word_1_258' title='bbox 861 979 895 999; x_wconf 77' lang='lat' dir='ltr'>ac</span> <span class='ocrx_word' id='word_1_259' title='bbox 915 970 1073 999; x_wconf 82' lang='lat' dir='ltr'>miseratio</span> <span class='ocrx_word' id='word_1_260' title='bbox 1088 970 1155 1008; x_wconf 68' lang='lat' dir='ltr'>ejus</span> <span class='ocrx_word' id='word_1_261' title='bbox 1183 970 1238 1010; x_wconf 83' lang='lat' dir='ltr'>qui</span> <span class='ocrx_word' id='word_1_262' title='bbox 1262 969 1367 1010; x_wconf 81' lang='lat' dir='ltr'>indig-</span> 
     </span>
     <span class='ocr_line' id='line_1_48' title="bbox 794 1015 1367 1057; baseline 0.002 -12"><span class='ocrx_word' id='word_1_263' title='bbox 794 1026 834 1045; x_wconf 87' lang='lat' dir='ltr'>na</span> <span class='ocrx_word' id='word_1_264' title='bbox 859 1017 990 1056; x_wconf 84' lang='lat' dir='ltr'>patitur.</span> <span class='ocrx_word' id='word_1_265' title='bbox 1020 1016 1134 1045; x_wconf 81' lang='lat' dir='ltr'>Grates</span> <span class='ocrx_word' id='word_1_266' title='bbox 1150 1015 1183 1046; x_wconf 91' lang='lat' dir='ltr'>h.</span> <span class='ocrx_word' id='word_1_267' title='bbox 1206 1015 1227 1046; x_wconf 90' lang='lat' dir='ltr'>l.</span> <span class='ocrx_word' id='word_1_268' title='bbox 1250 1026 1367 1057; x_wconf 79' lang='lat' dir='ltr'>poena:</span> 
     </span>
     <span class='ocr_line' id='line_1_49' title="bbox 793 1061 1370 1102; baseline 0.005 -12"><span class='ocrx_word' id='word_1_269' title='bbox 793 1068 825 1091; x_wconf 84' lang='lat' dir='ltr'>et</span> <span class='ocrx_word' id='word_1_270' title='bbox 843 1061 889 1091; x_wconf 88' lang='lat' dir='ltr'>sic</span> <span class='ocrx_word' id='word_1_271' title='bbox 908 1061 1049 1101; x_wconf 79' lang='lat' dir='ltr'>proemia</span> <span class='ocrx_word' id='word_1_272' title='bbox 1072 1063 1279 1102; x_wconf 77' lang='lat' dir='ltr'>frequentius.</span> <span class='ocrx_word' id='word_1_273' title='bbox 1306 1065 1370 1092; x_wconf 80' lang='lat' dir='ltr'>Pa-</span> 
     </span>
     <span class='ocr_line' id='line_1_50' title="bbox 793 1107 1369 1150; baseline 0.003 -13"><span class='ocrx_word' id='word_1_274' title='bbox 793 1107 868 1138; x_wconf 76' lang='lat' dir='ltr'>crios</span> <span class='ocrx_word' id='word_1_275' title='bbox 874 1107 1014 1148; x_wconf 80' lang='lat' dir='ltr'>foedasti</span> <span class='ocrx_word' id='word_1_276' title='bbox 1016 1107 1137 1149; x_wconf 72' lang='lat' dir='ltr'>fimet-e</span> <span class='ocrx_word' id='word_1_277' title='bbox 1152 1108 1280 1146; x_wconf 75' lang='lat' dir='ltr'>vultus,</span> <span class='ocrx_word' id='word_1_278' title='bbox 1305 1120 1369 1150; x_wconf 77' lang='lat' dir='ltr'>gra-</span> 
     </span>
     <span class='ocr_line' id='line_1_51' title="bbox 794 1154 1371 1196; baseline 0.005 -13"><span class='ocrx_word' id='word_1_279' title='bbox 794 1155 929 1184; x_wconf 77' lang='lat' dir='ltr'>vissimis</span> <span class='ocrx_word' id='word_1_280' title='bbox 950 1154 1055 1184; x_wconf 82' lang='lat' dir='ltr'>verbis</span> <span class='ocrx_word' id='word_1_281' title='bbox 1078 1162 1108 1184; x_wconf 83' lang='lat' dir='ltr'>et</span> <span class='ocrx_word' id='word_1_282' title='bbox 1131 1156 1231 1185; x_wconf 79' lang='lat' dir='ltr'>atroci</span> <span class='ocrx_word' id='word_1_283' title='bbox 1252 1162 1371 1196; x_wconf 83' lang='lat' dir='ltr'>specta—</span> 
     </span>
     <span class='ocr_line' id='line_1_52' title="bbox 795 1201 1371 1232; baseline 0.002 -2"><span class='ocrx_word' id='word_1_284' title='bbox 795 1201 868 1230; x_wconf 90' lang='lat' dir='ltr'>culo</span> <span class='ocrx_word' id='word_1_285' title='bbox 888 1201 1143 1232; x_wconf 75' lang='lat' dir='ltr'>accommodatis.</span> <span class='ocrx_word' id='word_1_286' title='bbox 1173 1203 1218 1232; x_wconf 84' lang='lat' dir='ltr'>Re</span> <span class='ocrx_word' id='word_1_287' title='bbox 1243 1202 1371 1232; x_wconf 79' lang='lat' dir='ltr'>funebri</span> 
     </span>
     <span class='ocr_line' id='line_1_53' title="bbox 794 1247 1369 1287; baseline 0.003 -11"><span class='ocrx_word' id='word_1_288' title='bbox 794 1247 897 1287; x_wconf 88' lang='lat' dir='ltr'>pollui</span> <span class='ocrx_word' id='word_1_289' title='bbox 919 1254 950 1276; x_wconf 89' lang='lat' dir='ltr'>et</span> <span class='ocrx_word' id='word_1_290' title='bbox 972 1248 1182 1277; x_wconf 79' lang='lat' dir='ltr'>contaminari</span> <span class='ocrx_word' id='word_1_291' title='bbox 1204 1248 1369 1285; x_wconf 86' lang='lat' dir='ltr'>homines,</span> 
     </span>
     <span class='ocr_line' id='line_1_54' title="bbox 794 1293 1369 1336; baseline 0.005 -14"><span class='ocrx_word' id='word_1_292' title='bbox 794 1294 939 1334; x_wconf 81' lang='lat' dir='ltr'>religiosa</span> <span class='ocrx_word' id='word_1_293' title='bbox 959 1300 1025 1324; x_wconf 82' lang='lat' dir='ltr'>erat</span> <span class='ocrx_word' id='word_1_294' title='bbox 1042 1295 1172 1334; x_wconf 62' lang='lat' dir='ltr'>opinio:</span> <span class='ocrx_word' id='word_1_295' title='bbox 1197 1301 1228 1324; x_wconf 87' lang='lat' dir='ltr'>et</span> <span class='ocrx_word' id='word_1_296' title='bbox 1244 1293 1369 1336; x_wconf 85' lang='lat' dir='ltr'>adsper-</span> 
     </span>
     <span class='ocr_line' id='line_1_55' title="bbox 794 1340 1370 1380; baseline 0.003 -11"><span class='ocrx_word' id='word_1_297' title='bbox 794 1350 830 1370; x_wconf 92' lang='lat' dir='ltr'>so</span> <span class='ocrx_word' id='word_1_298' title='bbox 843 1341 921 1378; x_wconf 88' lang='lat' dir='ltr'>ejus,</span> <span class='ocrx_word' id='word_1_299' title='bbox 932 1341 989 1380; x_wconf 89' lang='lat' dir='ltr'>qui</span> <span class='ocrx_word' id='word_1_300' title='bbox 1008 1340 1152 1378; x_wconf 59' lang='lat' dir='ltr'>creditur,</span> <span class='ocrx_word' id='word_1_301' title='bbox 1169 1350 1299 1377; x_wconf 84' lang='lat' dir='ltr'>cruore,</span> <span class='ocrx_word' id='word_1_302' title='bbox 1318 1341 1370 1371; x_wconf 74' lang='lat' dir='ltr'>str-</span> 
     </span>
     <span class='ocr_line' id='line_1_56' title="bbox 795 1386 1371 1428; baseline 0.005 -13"><span class='ocrx_word' id='word_1_303' title='bbox 795 1386 906 1424; x_wconf 78' lang='lat' dir='ltr'>dntur‚</span> <span class='ocrx_word' id='word_1_304' title='bbox 923 1394 1127 1425; x_wconf 76' lang='lat' dir='ltr'>cruentatur,</span> <span class='ocrx_word' id='word_1_305' title='bbox 1141 1387 1265 1428; x_wconf 86' lang='lat' dir='ltr'>aliquis.</span> <span class='ocrx_word' id='word_1_306' title='bbox 1286 1390 1326 1419; x_wconf 89' lang='lat' dir='ltr'>H.</span> <span class='ocrx_word' id='word_1_307' title='bbox 1350 1389 1371 1418; x_wconf 81' lang='lat' dir='ltr'>i.</span> 
     </span>
     <span class='ocr_line' id='line_1_57' title="bbox 795 1433 1372 1476; baseline 0.002 -14"><span class='ocrx_word' id='word_1_308' title='bbox 795 1434 854 1474; x_wconf 89' lang='lat' dir='ltr'>ipsi</span> <span class='ocrx_word' id='word_1_309' title='bbox 871 1433 981 1463; x_wconf 77' lang='lat' dir='ltr'>vultus</span> <span class='ocrx_word' id='word_1_310' title='bbox 991 1456 998 1470; x_wconf 93' lang='lat'><strong><em>‚</em></strong></span> <span class='ocrx_word' id='word_1_311' title='bbox 1015 1440 1139 1463; x_wconf 72' lang='lat' dir='ltr'>tantum</span> <span class='ocrx_word' id='word_1_312' title='bbox 1152 1444 1219 1464; x_wconf 90' lang='lat' dir='ltr'>non</span> <span class='ocrx_word' id='word_1_313' title='bbox 1234 1434 1372 1476; x_wconf 80' lang='lat' dir='ltr'>adspersi</span> 
     </span>
     <span class='ocr_line' id='line_1_58' title="bbox 797 1480 1370 1522; baseline 0.003 -13"><span class='ocrx_word' id='word_1_314' title='bbox 797 1487 836 1510; x_wconf 64' lang='lat' dir='ltr'>et&gt;</span> <span class='ocrx_word' id='word_1_315' title='bbox 861 1481 1066 1510; x_wconf 77' lang='lat' dir='ltr'>contaminati</span> <span class='ocrx_word' id='word_1_316' title='bbox 1090 1480 1230 1522; x_wconf 75' lang='lat' dir='ltr'>Jimere,</span> <span class='ocrx_word' id='word_1_317' title='bbox 1265 1481 1370 1516; x_wconf 73' lang='lat' dir='ltr'>caede,</span> 
     </span>
     <span class='ocr_line' id='line_1_59' title="bbox 796 1525 1372 1567; baseline 0.002 -11"><span class='ocrx_word' id='word_1_318' title='bbox 796 1527 961 1567; x_wconf 83' lang='lat' dir='ltr'>sanguine.</span> <span class='ocrx_word' id='word_1_319' title='bbox 973 1525 1100 1567; x_wconf 73' lang='lat' dir='ltr'>(Funus</span> <span class='ocrx_word' id='word_1_320' title='bbox 1112 1537 1169 1567; x_wconf 82' lang='lat' dir='ltr'>per</span> <span class='ocrx_word' id='word_1_321' title='bbox 1181 1527 1315 1558; x_wconf 81' lang='lat' dir='ltr'>cadaver</span> <span class='ocrx_word' id='word_1_322' title='bbox 1327 1529 1372 1557; x_wconf 87' lang='lat' dir='ltr'>in-</span> 
     </span>
     <span class='ocr_line' id='line_1_60' title="bbox 797 1572 1373 1615; baseline 0.003 -13"><span class='ocrx_word' id='word_1_323' title='bbox 797 1579 988 1613; x_wconf 81' lang='lat' dir='ltr'>terpretatur</span> <span class='ocrx_word' id='word_1_324' title='bbox 1002 1572 1163 1615; x_wconf 83' lang='lat' dir='ltr'>Servius.)</span> <span class='ocrx_word' id='word_1_325' title='bbox 1178 1575 1291 1604; x_wconf 85' lang='lat' dir='ltr'>Forma</span> <span class='ocrx_word' id='word_1_326' title='bbox 1305 1585 1373 1605; x_wconf 76' lang='lat' dir='ltr'>ver-</span> 
     </span>
     <span class='ocr_line' id='line_1_61' title="bbox 797 1619 1373 1661; baseline 0.005 -12"><span class='ocrx_word' id='word_1_327' title='bbox 797 1630 850 1649; x_wconf 85' lang='lat' dir='ltr'>sus</span> <span class='ocrx_word' id='word_1_328' title='bbox 867 1619 932 1655; x_wconf 74' lang='lat'>540</span> <span class='ocrx_word' id='word_1_329' title='bbox 947 1621 993 1649; x_wconf 81' lang='lat' dir='ltr'>At</span> <span class='ocrx_word' id='word_1_330' title='bbox 1004 1631 1069 1649; x_wconf 82' lang='lat' dir='ltr'>non</span> <span class='ocrx_word' id='word_1_331' title='bbox 1085 1619 1141 1649; x_wconf 83' lang='lat' dir='ltr'>ille</span> <span class='ocrx_word' id='word_1_332' title='bbox 1153 1630 1222 1661; x_wconf 86' lang='lat' dir='ltr'>sqq.</span> <span class='ocrx_word' id='word_1_333' title='bbox 1238 1621 1373 1652; x_wconf 78' lang='lat' dir='ltr'>illustra-</span> 
     </span>
     <span class='ocr_line' id='line_1_62' title="bbox 797 1666 1370 1709; baseline 0.005 -14"><span class='ocrx_word' id='word_1_334' title='bbox 797 1672 851 1695; x_wconf 85' lang='lat' dir='ltr'>tur</span> <span class='ocrx_word' id='word_1_335' title='bbox 873 1677 889 1695; x_wconf 82' lang='lat' dir='ltr'>a</span> <span class='ocrx_word' id='word_1_336' title='bbox 912 1667 1097 1696; x_wconf 83' lang='lat' dir='ltr'>Burmanno</span> <span class='ocrx_word' id='word_1_337' title='bbox 1125 1666 1164 1696; x_wconf 81' lang='lat' dir='ltr'>ad</span> <span class='ocrx_word' id='word_1_338' title='bbox 1197 1666 1370 1709; x_wconf 74' lang='lat' dir='ltr'>Antholog.</span> 
     </span>
     <span class='ocr_line' id='line_1_63' title="bbox 798 1712 1373 1754; baseline 0.003 -12"><span class='ocrx_word' id='word_1_339' title='bbox 798 1714 886 1743; x_wconf 89' lang='lat' dir='ltr'>Poet.</span> <span class='ocrx_word' id='word_1_340' title='bbox 909 1714 976 1742; x_wconf 81' lang='lat' dir='ltr'>Lat.</span> <span class='ocrx_word' id='word_1_341' title='bbox 997 1724 1028 1754; x_wconf 88' lang='lat' dir='ltr'>p.</span> <span class='ocrx_word' id='word_1_342' title='bbox 1052 1713 1128 1744; x_wconf 82' lang='lat'>338.</span> <span class='ocrx_word' id='word_1_343' title='bbox 1149 1714 1187 1743; x_wconf 80' lang='lat' dir='ltr'>In</span> <span class='ocrx_word' id='word_1_344' title='bbox 1211 1712 1300 1744; x_wconf 80' lang='lat' dir='ltr'>hosce</span> <span class='ocrx_word' id='word_1_345' title='bbox 1318 1725 1373 1744; x_wconf 74' lang='lat' dir='ltr'>ex—</span> 
     </span>
     <span class='ocr_line' id='line_1_64' title="bbox 798 1758 1373 1799; baseline 0.007 -12"><span class='ocrx_word' id='word_1_346' title='bbox 798 1758 946 1799; x_wconf 86' lang='lat' dir='ltr'>quisitius</span> <span class='ocrx_word' id='word_1_347' title='bbox 958 1769 1052 1799; x_wconf 90' lang='lat' dir='ltr'>quam</span> <span class='ocrx_word' id='word_1_348' title='bbox 1066 1759 1098 1790; x_wconf 84' lang='lat' dir='ltr'>in</span> <span class='ocrx_word' id='word_1_349' title='bbox 1113 1759 1243 1791; x_wconf 74' lang='lat' dir='ltr'>hostem.</span> <span class='ocrx_word' id='word_1_350' title='bbox 1255 1771 1286 1791; x_wconf 88' lang='lat' dir='ltr'>v.</span> <span class='ocrx_word' id='word_1_351' title='bbox 1296 1762 1373 1791; x_wconf 82' lang='lat' dir='ltr'>Dra-</span> 
     </span>
     <span class='ocr_line' id='line_1_65' title="bbox 796 1804 1370 1845; baseline 0.005 -11"><span class='ocrx_word' id='word_1_352' title='bbox 796 1804 894 1835; x_wconf 84' lang='lat' dir='ltr'>keub.</span> <span class='ocrx_word' id='word_1_353' title='bbox 910 1805 949 1834; x_wconf 80' lang='lat' dir='ltr'>ad</span> <span class='ocrx_word' id='word_1_354' title='bbox 967 1807 1035 1837; x_wconf 74' lang='lat' dir='ltr'>Liv.</span> <span class='ocrx_word' id='word_1_355' title='bbox 1059 1808 1225 1845; x_wconf 74' lang='lat' dir='ltr'>xxvnl,</span> <span class='ocrx_word' id='word_1_356' title='bbox 1248 1808 1311 1845; x_wconf 72' lang='lat'>43,</span> <span class='ocrx_word' id='word_1_357' title='bbox 1340 1809 1370 1837; x_wconf 82' lang='lat' dir='ltr'>s.</span> 
     </span>
     <span class='ocr_line' id='line_1_66' title="bbox 798 1852 1371 1892; baseline -0.002 -9"><span class='ocrx_word' id='word_1_358' title='bbox 798 1853 940 1892; x_wconf 83' lang='lat' dir='ltr'>Respicit</span> <span class='ocrx_word' id='word_1_359' title='bbox 963 1860 1068 1882; x_wconf 84' lang='lat' dir='ltr'>autem</span> <span class='ocrx_word' id='word_1_360' title='bbox 1094 1852 1253 1884; x_wconf 86' lang='lat' dir='ltr'>redditum</span> <span class='ocrx_word' id='word_1_361' title='bbox 1286 1855 1371 1885; x_wconf 75' lang='lat' dir='ltr'>Pria-</span> 
     </span>
     <span class='ocr_line' id='line_1_67' title="bbox 799 1898 1370 1930; baseline 0.004 -3"><span class='ocrx_word' id='word_1_362' title='bbox 799 1908 851 1928; x_wconf 89' lang='lat' dir='ltr'>mo</span> <span class='ocrx_word' id='word_1_363' title='bbox 875 1898 1009 1929; x_wconf 82' lang='lat' dir='ltr'>cadaver</span> <span class='ocrx_word' id='word_1_364' title='bbox 1021 1901 1169 1930; x_wconf 82' lang='lat' dir='ltr'>Hectoris</span> <span class='ocrx_word' id='word_1_365' title='bbox 1182 1899 1273 1930; x_wconf 83' lang='lat' dir='ltr'>Iliad.</span> <span class='ocrx_word' id='word_1_366' title='bbox 1290 1908 1370 1929; x_wconf 73' lang='lat' dir='ltr'>extr.</span> 
     </span>
     <span class='ocr_line' id='line_1_68' title="bbox 791 1943 1371 1987; baseline 0.002 -14"><span class='ocrx_word' id='word_1_367' title='bbox 791 1943 869 1985; x_wconf 83' lang='lat' dir='ltr'>jura</span> <span class='ocrx_word' id='word_1_368' title='bbox 874 1945 1042 1987; x_wconf 84' lang='lat' dir='ltr'>fidemque</span> <span class='ocrx_word' id='word_1_369' title='bbox 1057 1946 1208 1986; x_wconf 81' lang='lat' dir='ltr'>supplici,</span> <span class='ocrx_word' id='word_1_370' title='bbox 1239 1944 1274 1976; x_wconf 72' lang='grc' dir='ltr'>τὸ</span> <span class='ocrx_word' id='word_1_371' title='bbox 1292 1944 1371 1976; x_wconf 69' lang='grc' dir='ltr'>ὅσιον</span> 
     </span>
     <span class='ocr_line' id='line_1_69' title="bbox 798 1989 1373 2033; baseline 0.003 -13"><span class='ocrx_word' id='word_1_372' title='bbox 798 1992 852 2025; x_wconf 74' lang='grc' dir='ltr'>τῆς</span> <span class='ocrx_word' id='word_1_373' title='bbox 867 1989 998 2026; x_wconf 75' lang='grc' dir='ltr'>ἱκετείας</span> <span class='ocrx_word' id='word_1_374' title='bbox 1009 2014 1018 2029; x_wconf 87' lang='grc'>,</span> <span class='ocrx_word' id='word_1_375' title='bbox 1040 1993 1237 2022; x_wconf 80' lang='lat' dir='ltr'>sanctitatem</span> <span class='ocrx_word' id='word_1_376' title='bbox 1252 1993 1373 2033; x_wconf 85' lang='lat' dir='ltr'>suppli-</span> 
     </span>
     <span class='ocr_line' id='line_1_70' title="bbox 799 2037 1373 2081; baseline 0.005 -15"><span class='ocrx_word' id='word_1_377' title='bbox 799 2038 860 2074; x_wconf 83' lang='lat' dir='ltr'>cis,</span> <span class='ocrx_word' id='word_1_378' title='bbox 876 2048 950 2067; x_wconf 87' lang='lat' dir='ltr'>nam</span> <span class='ocrx_word' id='word_1_379' title='bbox 968 2037 1087 2081; x_wconf 85' lang='lat' dir='ltr'>defide</span> <span class='ocrx_word' id='word_1_380' title='bbox 1102 2040 1230 2079; x_wconf 85' lang='lat' dir='ltr'>proprie</span> <span class='ocrx_word' id='word_1_381' title='bbox 1246 2038 1328 2069; x_wconf 83' lang='lat' dir='ltr'>dicta</span> <span class='ocrx_word' id='word_1_382' title='bbox 1342 2047 1373 2069; x_wconf 79' lang='lat' dir='ltr'>et</span> 
     </span>
     <span class='ocr_line' id='line_1_71' title="bbox 797 2083 1371 2126; baseline 0.005 -14"><span class='ocrx_word' id='word_1_383' title='bbox 797 2083 934 2123; x_wconf 88' lang='lat' dir='ltr'>supplici</span> <span class='ocrx_word' id='word_1_384' title='bbox 949 2083 1020 2114; x_wconf 82' lang='lat' dir='ltr'>data</span> <span class='ocrx_word' id='word_1_385' title='bbox 1034 2084 1066 2115; x_wconf 89' lang='lat' dir='ltr'>h.</span> <span class='ocrx_word' id='word_1_386' title='bbox 1078 2084 1099 2115; x_wconf 93' lang='grc'>1.</span> <span class='ocrx_word' id='word_1_387' title='bbox 1115 2086 1164 2126; x_wconf 86' lang='lat' dir='ltr'>agi</span> <span class='ocrx_word' id='word_1_388' title='bbox 1177 2086 1304 2125; x_wconf 84' lang='lat' dir='ltr'>nequit:</span> <span class='ocrx_word' id='word_1_389' title='bbox 1317 2086 1371 2116; x_wconf 88' lang='lat' dir='ltr'>sed</span> 
     </span>
     <span class='ocr_line' id='line_1_72' title="bbox 797 2129 1370 2172; baseline 0.007 -14"><span class='ocrx_word' id='word_1_390' title='bbox 797 2136 843 2159; x_wconf 86' lang='lat' dir='ltr'>est</span> <span class='ocrx_word' id='word_1_391' title='bbox 841 2129 944 2172; x_wconf 82' lang='lat' dir='ltr'>fides,</span> <span class='ocrx_word' id='word_1_392' title='bbox 961 2141 1056 2171; x_wconf 83' lang='lat' dir='ltr'>quam</span> <span class='ocrx_word' id='word_1_393' title='bbox 1077 2131 1213 2172; x_wconf 85' lang='lat' dir='ltr'>supplex</span> <span class='ocrx_word' id='word_1_394' title='bbox 1227 2132 1323 2162; x_wconf 84' lang='lat' dir='ltr'>habet</span> <span class='ocrx_word' id='word_1_395' title='bbox 1336 2134 1370 2163; x_wconf 83' lang='lat' dir='ltr'>in</span> 
     </span>
     <span class='ocr_line' id='line_1_73' title="bbox 797 2175 1365 2219; baseline 0.007 -14"><span class='ocrx_word' id='word_1_396' title='bbox 797 2175 949 2217; x_wconf 82' lang='lat' dir='ltr'>religione</span> <span class='ocrx_word' id='word_1_397' title='bbox 975 2177 1042 2215; x_wconf 74' lang='lat' dir='ltr'>ejus</span> <span class='ocrx_word' id='word_1_398' title='bbox 1075 2179 1129 2207; x_wconf 90' lang='lat' dir='ltr'>eui</span> <span class='ocrx_word' id='word_1_399' title='bbox 1151 2178 1287 2219; x_wconf 85' lang='lat' dir='ltr'>supplex</span> <span class='ocrx_word' id='word_1_400' title='bbox 1318 2177 1365 2209; x_wconf 78' lang='lat' dir='ltr'>fit.</span> 
     </span>
     <span class='ocr_line' id='line_1_74' title="bbox 795 2223 1369 2266; baseline 0.003 -13"><span class='ocrx_word' id='word_1_401' title='bbox 795 2224 877 2253; x_wconf 83' lang='lat' dir='ltr'>Tum</span> <span class='ocrx_word' id='word_1_402' title='bbox 898 2223 1035 2263; x_wconf 84' lang='lat' dir='ltr'>supplex</span> <span class='ocrx_word' id='word_1_403' title='bbox 1060 2223 1093 2253; x_wconf 78' lang='lat' dir='ltr'>in</span> <span class='ocrx_word' id='word_1_404' title='bbox 1111 2223 1216 2266; x_wconf 77' lang='lat' dir='ltr'>fidem</span> <span class='ocrx_word' id='word_1_405' title='bbox 1233 2223 1369 2266; x_wconf 79' lang='lat' dir='ltr'>alicujus</span> 
     </span>
     <span class='ocr_line' id='line_1_75' title="bbox 793 2267 1366 2308; baseline 0.003 -10"><span class='ocrx_word' id='word_1_406' title='bbox 793 2267 825 2299; x_wconf 91' lang='lat' dir='ltr'>h.</span> <span class='ocrx_word' id='word_1_407' title='bbox 843 2279 869 2300; x_wconf 83' lang='lat' dir='ltr'>e.</span> <span class='ocrx_word' id='word_1_408' title='bbox 885 2270 1016 2300; x_wconf 85' lang='lat' dir='ltr'>tutelam</span> <span class='ocrx_word' id='word_1_409' title='bbox 1033 2271 1140 2308; x_wconf 79' lang='lat' dir='ltr'>venit3</span> <span class='ocrx_word' id='word_1_410' title='bbox 1160 2270 1295 2302; x_wconf 79' lang='lat' dir='ltr'>debetur</span> <span class='ocrx_word' id='word_1_411' title='bbox 1312 2272 1366 2301; x_wconf 80' lang='lat' dir='ltr'>ita-</span> 
     </span>
    </p>
   </div>
  </div>
 </body>
</html>
