1433 2460
581 111 701 141 LIBER
728 111 753 140 1.
1222 112 1259 141 Gr

73 170 182 207 Haud
203 168 311 206 aliter
327 181 550 220 puppesque
566 178 658 215 tuae,
679 167 875 219 pubesque
896 177 1047 204 tuorum

71 234 146 268 Aut
166 240 319 281 portum
337 238 456 277 tenet,
475 240 539 268 aut
558 230 670 281 pleno
691 229 792 268 subit
806 229 903 266 ostia
918 229 1015 266 velo.

71 293 187 341 Perge
203 291 337 336 modo,
356 299 411 337 ct,
430 304 506 341 qua
527 300 562 328 te
581 290 686 328 ducit
705 290 785 336 via,
803 290 923 339 dirige
943 301 1121 339 gressum,
1143 305 1156 320 »

120 350 246 396 Dixit,
263 358 300 387 et
317 360 489 388 avertens
509 363 617 388 rosea
638 350 784 387 cervice
806 349 970 394 refulsit,

68 411 356 461 Ambrosiaeque
376 424 493 449 comae
510 410 681 448 divinum
696 410 838 447 vertice
859 410 1014 446 odorem

69 471 291 522 Spiravcre;
310 470 425 521 pedes
440 472 554 509 vestis
571 470 729 508 defluxit
745 470 792 507 ad
812 470 906 506 imos

67 534 113 568 Et
130 545 220 569 vera
238 533 385 569 incessu
402 533 525 582 patuit
544 532 625 568 dea.
644 532 729 578 Ille,
749 530 818 567 ubi
833 538 991 567 matrem

1216 539 1264 568 405

67 591 278 642 Adgnovit,
296 593 360 629 tali
380 592 585 643 fugientem
603 601 657 629 est
674 604 768 628 voce
788 600 938 629 secutus
957 604 965 625 :

67 669 81 683 «
105 652 206 697 Quid
226 660 356 689 natum
374 652 505 698 toties,
523 653 686 689 crudelis
707 661 748 688 tu
768 664 943 700 quoque,
964 650 1065 687 falsis

66 712 184 750 Ludis
203 712 451 762 imaginibus?
471 726 539 748 cur
555 713 698 748 dextrae
711 711 872 760 jungere
893 709 1064 745 dextram

64 773 150 808 Non
171 772 299 817 datur,
318 785 360 808 ac
380 784 488 807 veras
509 771 640 807 andire
660 779 697 806 et
714 769 873 806 reddere
893 770 1029 805 voces?
1050 786 1064 801 υ

65 945 119 984 95.
135 944 173 975 cf.
192 944 429 975 Cerda.Athen.
442 946 505 982 IX,
521 955 553 985 p.
571 945 635 985 393

63 992 103 1020 D.
122 989 260 1033 μάχεται
276 987 311 1020 δὲ
326 989 362 1032 (ὁ
377 989 508 1032 κύκνος)
525 988 579 1021 καὶ
592 993 636 1021 τῶ

64 1035 158 1080 ἀετῷ,
174 1036 264 1072 αὐτὸς
287 1036 390 1080 μάχης
413 1036 456 1079 μὴ
481 1035 638 1080 προαρξά-

63 1094 161 1127 μενος.
181 1086 221 1114 Et
244 1084 320 1114 hinc
351 1084 436 1124 apud
461 1086 637 1114 Homerum

62 1132 96 1160 in
113 1135 291 1172 eyc'norum
310 1141 495 1160 anserumve
513 1138 637 1172 gentem

62 1179 187 1207 irruens
200 1177 305 1217 aquila
323 1176 498 1214 inducitur,
513 1179 637 1219 egregio

63 1235 92 1254 v.
104 1224 211 1253 c.10c0
222 1223 310 1253 Iliad.
322 1234 346 1261 ο,
357 1224 423 1263 690
440 1225 636 1264 sqq.—399.

62 1270 163 1300 Pubes
194 1276 317 1300 tuorum
344 1270 467 1300 dictum
490 1277 570 1310 puto
600 1277 637 1301 ut

60 1316 151 1346 curba
167 1323 301 1347 tuorum.
327 1316 417 1346 Ostia
441 1316 533 1347 docte
554 1316 586 1348 h.
609 1317 631 1347 1.

60 1369 96 1392 nt
109 1365 151 1400 V,
168 1363 208 1393 28
218 1374 230 1392 1
247 1363 350 1393 aditus
363 1370 484 1404 portuS.

108 1415 184 1445 40²-
201 1411 328 1440 Numen
343 1420 436 1439 suum
449 1411 561 1439 Venus
572 1409 633 1440 suh

60 1455 230 1486 discessum
244 1457 369 1496 prodit,
385 1467 472 1486 more
488 1456 633 1493 deorum,

58 1503 113 1542 qui
136 1504 272 1543 speciem
305 1503 476 1532 humanam
510 1504 634 1532 mentiti

58 1549 220 1578 mortalem
238 1549 375 1590 aliquem
403 1555 632 1579 convenerunt.

57 1595 243 1625 Declaratur
256 1602 361 1624 autem
378 1595 485 1624 divina
498 1595 632 1625 Veneris

58 1641 157 1670 forma
179 1652 236 1681 per
253 1651 406 1671 summam
422 1641 633 1681 pulchritudi-

57 1696 130 1715 nem
140 1688 269 1717 cervicis
277 1709 285 1724 ‚
300 1697 403 1716 comas
416 1687 572 1717 ambrosia
582 1687 633 1716 de-

56 1732 173 1762 libutas
183 1738 213 1762 et
226 1732 356 1762 odorem
365 1733 426 1762 late
435 1740 625 1774 spargentes,

58 1785 125 1807 tum
141 1789 198 1818 per
213 1779 326 1819 pallam
342 1785 372 1808 et
386 1789 443 1818 per
458 1780 626 1809 incessum.

56 1826 88 1853 Si
107 1826 141 1854 in
157 1835 248 1854 rosea
267 1824 383 1854 cervice
403 1835 469 1854 non
484 1831 547 1854 tam
560 1826 627 1854 Ho-

56 1872 126 1900 ratii
150 1871 207 1901 lib.
230 1872 244 1900 Ι
265 1872 367 1902 Carm.
395 1872 452 1907 13,
477 1881 489 1899 1
520 1878 628 1900 aucto-

55 1918 178 1947 ritatem
195 1940 203 1954 ,
237 1927 333 1957 quam
359 1918 513 1946 rationem
546 1917 628 1946 desi-

56 1963 146 1993 deras
160 1986 168 2001 ,
202 1969 257 1993 aut
285 1970 362 2004 puta
402 1973 523 1992 roseum
563 1973 628 1992 esse

55 2010 187 2040 omnino
200 2020 295 2039 suave
313 2010 365 2039 vel
376 2009 560 2063 pulciwum,
575 2015 628 2039 aut

55 2055 194 2086 colorem
214 2055 366 2086 floridum
380 2057 515 2096 exprimi
528 2057 560 2085 in
581 2062 626 2085 te-

53 2112 128 2131 nera
168 2109 239 2132 cute
277 2103 370 2132 etiam
401 2102 622 2136 candidissima

51 2147 274 2188 pellucentem.
295 2166 341 2172 -—
358 2150 435 2184 403.
455 2150 487 2178 A
502 2156 622 2178 vertice

51 2202 124 2223 octo
144 2194 229 2235 apud
240 2196 412 2226 Burmann.
436 2195 524 2236 quod
546 2205 621 2236 pro-

51 2239 106 2270 bat
136 2243 185 2271 vir
205 2241 405 2272 doctissimus
428 2249 560 2282 propter
585 2241 620 2272 τὸ

242 2307 289 2342 ΙΙ.

692 951 844 974 avertens.
873 943 934 975 Sed
960 955 1083 985 semper
1106 945 1265 977 lubricum

691 991 725 1020 iu
738 990 854 1020 talibus
861 990 1018 1029 judicium
1028 1003 1035 1028 ;
1046 993 1167 1032 poetica
1181 995 1265 1023 enim

692 1048 789 1077 eaque
808 1039 998 1076 exquisitior
1017 1039 1098 1068 ratio
1113 1041 1265 1080 praeposi-

691 1085 811 1113 tionem
835 1085 972 1124 respuit;
986 1091 1017 1114 et
1040 1091 1144 1114 tamen
1165 1086 1266 1126 pluri-

691 1131 750 1160 mis
774 1131 851 1160 locis
875 1138 977 1170 poetae
994 1130 1118 1172 vulgari
1144 1133 1265 1162 ratione

693 1183 848 1214 utuntur3
870 1184 924 1215 ut,
950 1177 1007 1207 uhi
1030 1187 1065 1207 ea
1092 1188 1107 1207 a
1132 1178 1264 1209 librario

692 1224 799 1263 polius
815 1233 908 1263 quam
923 1234 938 1252 a
951 1230 1044 1264 poeta
1057 1224 1200 1264 profecta
1213 1225 1263 1261 sit,

1172 234 1189 255 l(
1214 241 1263 267 400
1299 244 1302 250 ¹

690 1269 778 1299 dictu
803 1271 843 1299 sit
864 1268 1005 1300 difficile.
1022 1270 1264 1300 —Ambrosias
1285 1267 1313 1289 b

689 1326 806 1353 comas,
817 1315 982 1352 ambrosia,
993 1316 1125 1346 deorum
1134 1316 1197 1347 hoc
1207 1327 1264 1347 un-

686 1369 838 1403 guentum
849 1370 905 1399 est,
919 1362 1086 1399 delibutas,
1100 1363 1140 1393 ab
1150 1365 1263 1394 Home—

686 1419 723 1438 ro
746 1408 861 1446 habet,
885 1409 977 1440 Iliad.
998 1420 1036 1447 α,
1063 1410 1140 1440 528.
1163 1410 1261 1440 Palla

687 1456 821 1485 Veneris
846 1455 896 1484 vel
921 1467 961 1486 ex
984 1456 1040 1486 illo
1060 1462 1152 1493 nota,
1172 1456 1260 1496 quod

686 1501 801 1542 legitm
809 1501 900 1532 Iliad.
913 1512 936 1538 ε,
951 1502 1040 1532 315
1030 1513 1069 1532 ‘·.=
1059 1500 1161 1532 ’πλοιο
1173 1511 1260 1544 φαει-

687 1549 738 1578 νοῦ
764 1545 917 1591 7¹5&proe
939 1555 970 1577 et
996 1549 1059 1578 338
1082 1540 1258 1591 Ᾰμῧροσίου

687 1590 741 1623 διὰ
759 1604 800 1623 π
789 1592 882 1624 ἐπλου
894 1617 903 1632 ,
920 1592 950 1623 ὃν
970 1592 996 1624 οἱ
1010 1593 1141 1637 Χάριτες
1157 1592 1258 1637 κάμον

686 1637 790 1671 αὐταί.
809 1640 963 1670 Habitum
983 1642 1091 1681 itaque
1112 1640 1178 1671 deae
1202 1641 1256 1671 de-

685 1686 797 1723 clarat3
817 1697 970 1716 zncessum
985 1694 1090 1717 autem
1104 1689 1204 1728 cogita
1217 1688 1257 1717 le-

679 1743 751 1762 vem
764 1733 856 1762 illum
872 1740 903 1762 et
914 1733 1035 1762 volatui
1047 1734 1191 1770 similem,
1205 1744 1256 1763 co-

679 1779 860 1808 lumbarum
877 1780 984 1808 instar.

729 1830 805 1862 407.
821 1824 935 1854 Tott'es.
951 1824 1071 1864 Saepius
1083 1825 1181 1866 igitur
1194 1827 1253 1856 Ve-

680 1881 742 1899 nus
768 1871 832 1908 jam
857 1877 928 1900 aute
955 1878 1031 1900 nato
1051 1872 1118 1900 visa
1138 1871 1251 1903 fuerat.

680 1918 731 1947 Sic
746 1918 817 1946 AEn.
836 1917 883 1953 ΙΙ,
904 1916 969 1956 589
988 1918 1092 1957 Quum
1111 1917 1191 1948 mihi
1203 1929 1246 1954 se,

681 1973 744 1992 non
765 1970 842 1992 ante
868 1962 965 1992 oculis
981 1970 1048 1993 eam
1072 1964 1181 2001 clara,
1201 1964 1251 1994 vi-

680 2009 820 2039 dendam
839 2008 968 2046 Obtulit,
982 2017 1101 2050 etpura
1107 2021 1168 2050 per
1178 2021 1249 2041 noc-

680 2063 742 2085 tem
770 2055 802 2085 in
828 2056 898 2085 luce
921 2054 1047 2097 refitlsit
1061 2057 1160 2087 Alma
1185 2068 1247 2098 pa-

675 2112 748 2132 rens
770 2109 829 2133 etc.

724 2149 788 2184 408
798 2172 805 2186 ‚
824 2155 900 2188 409.
912 2150 962 2178 Ac
978 2159 1076 2179 veras
1091 2149 1202 2180 audire
1216 2158 1251 2180 ec
1304 2172 1311 2179 Ι

675 2195 807 2225 reddere
820 2206 917 2225 voces
928 2205 994 2226 non
1009 2207 1048 2226 ex
1065 2197 1163 2227 aliena
1175 2207 1246 2237 per-

675 2252 750 2272 sona
762 2241 894 2278 adscita,
908 2241 961 2272 sed
975 2249 1013 2272 ut
1030 2250 1128 2273 mater
1146 2244 1246 2273 mani-

1097 2308 1119 2344 6

1298 2181 1329 2193 με
