1402 2460
567 65 689 95 LIBER
714 65 772 93 lv.

1208 64 1269 101 267

71 128 199 171 Quum
215 127 267 162 sic
284 124 498 161 unanimam
515 122 734 172 adloquitur
749 121 846 157 male
863 133 952 157 sana
972 133 1141 158 sororem
1158 135 1166 156 2

124 204 137 217 α
159 189 267 222 Anna
288 197 413 231 soror,
431 195 515 233 quae
532 195 591 219 me
612 194 830 232 suspensam
852 181 1037 218 insomnia
1058 183 1218 218 terrent!

70 246 165 291 Quis
182 258 302 282 novus
319 244 381 281 hic
401 244 539 282 nostris
559 242 738 281 successit
759 242 912 279 sedibus
935 242 1089 292 hospes!
1241 259 1270 273 ιο

69 309 191 352 Quem
211 319 290 343 sese
312 317 378 341 ore
395 305 535 342 ferens!
552 317 666 354 quam
688 303 778 340 sorti
798 312 953 353 pectore
969 311 1007 338 et
1028 300 1159 339 armis!

70 368 194 404 Credo
214 367 408 417 equidem,
424 380 493 403 nec
511 379 605 402 vana
623 365 733 412 fides,
753 378 870 415 genus
887 377 967 400 esse
984 363 1156 401 deorum.

66 432 280 478 Degeneres
298 427 442 464 animos
466 427 580 463 timor
599 426 735 477 arguit.
755 427 860 462 Heu!
878 424 1018 475 quibus
1039 425 1099 461 ille

65 494 233 528 „Iactatus
249 488 350 525 fatis!
368 501 452 538 quae
468 487 567 524 bella
585 487 769 524 exhausta
786 486 967 523 canebat!

65 550 105 587 Si
121 549 214 586 mihi
229 562 306 585 non
327 549 452 585 animo
469 548 584 584 fixum
602 549 876 597 immotumque
894 546 1042 584 sederet
1243 555 1269 577 =5

63 613 121 648 Ne
140 611 200 647 cui
218 623 277 646 me
297 610 422 645 vinclo
439 611 575 647 vellem
594 609 740 646 sociare
755 609 893 659 jugali,

64 674 265 721 Postquam
284 671 428 721 primus
449 683 556 709 amor
573 671 771 721 deceptam
790 677 913 707 morte
930 668 1060 705 fefellit
1076 683 1085 714 ;

62 864 92 886 et
106 857 195 886 nimii
209 862 354 892 ornatus,
370 857 435 893 111,
451 856 587 885 Homjus
602 858 636 887 P.

61 905 119 940 III,
135 914 161 932 c.
179 912 217 931 21
236 901 375 942 Princip.
392 902 467 932 Crit.
479 901 638 932 Videntur

63 957 168 979 tamen
177 948 331 987 ejusmodi
342 950 492 989 temporis
502 948 637 978 declara-

61 998 161 1026 tiones
171 1018 179 1032 ,
195 995 456 1036 quandoquidem
470 995 554 1036 apud
572 997 637 1026 Ho-

61 1053 184 1072 merum
212 1049 244 1071 et
270 1042 442 1083 Virgilium
465 1043 557 1072 toties
586 1053 635 1071 re-

61 1096 196 1119 currunt
207 1111 215 1125 ‚
232 1089 267 1118 in
282 1090 421 1129 propriae
435 1096 465 1118 et
483 1087 636 1128 simplicis

60 1135 212 1166 orationis
235 1134 308 1164 loco
331 1145 395 1164 esse
413 1134 585 1172 habendae,
605 1141 637 1164 et

59 1179 233 1222 probandae
251 1182 344 1210 etiam
357 1180 529 1218 hactenus,
549 1180 637 1221 quod

58 1227 247 1258 narrationis
259 1227 459 1264 jejunitatem
477 1227 529 1256 vel
547 1233 636 1256 teno-

59 1284 127 1305 rem
142 1272 267 1302 variant
276 1279 308 1302 et
317 1279 442 1302 ornant.
453 1290 499 1295 -—
511 1273 541 1302 8.
555 1274 635 1301 Tum

60 1321 182 1360 aliquot
207 1320 288 1348 Pier.
311 1317 507 1348 Unanimam
523 1319 634 1348 Heius.

60 1365 201 1406 reposuit
209 1374 250 1393 ex
262 1363 380 1394 Med-ic.
395 1371 427 1393 et
439 1364 507 1393 aliis
517 1386 526 1401 ‚
541 1364 636 1392 etiam

60 1414 141 1444 Pier.
153 1412 205 1442 alii
215 1409 419 1446 unanimem,
436 1420 516 1440 sono
530 1410 636 1440 minus

61 1466 160 1500 grato.
185 1475 231 1481 ———·
253 1456 342 1487 Male
373 1467 471 1494 sana,
507 1457 635 1494 insana,

61 1503 240 1548 μαινομένη.
265 1503 368 1533 Etiam
393 1504 637 1534 amantissimam

61 1562 202 1582 sororem
221 1550 381 1589 exquisito
403 1550 560 1581 vocabulo
582 1560 637 1579 un-

61 1597 208 1628 animam
232 1596 324 1627 dixit.
351 1615 397 1622 ·--
422 1599 461 1627 In
493 1597 637 1628 oratione

60 1655 133 1686 quae
147 1643 308 1683 sequitur,
326 1645 460 1674 observa
475 1644 591 1674 amoris
607 1651 639 1674 et

59 1690 194 1732 pudoris
207 1699 346 1730 pugnam
355 1713 363 1728 ,
383 1697 413 1719 et
426 1691 553 1720 inanem
565 1699 638 1729 per-

60 1738 188 1766 vicaciae
219 1738 464 1767 ostentationem
475 1759 483 1774 ‚
507 1738 638 1767 victam-

62 1794 124 1824 que
145 1782 334 1822 jamdudum
353 1783 392 1813 ab
412 1782 528 1812 affectu
548 1794 638 1812 men-

62 1836 136 1861 tem.
149 1829 246 1870 Quod
255 1831 382 1860 Annam
392 1840 533 1860 sororem
542 1829 639 1860 Dido-

5 1875 12 1881 *
61 1877 111 1906 nis
120 1876 257 1914 inducit,
267 1887 335 1907 non
344 1878 501 1906 nutn'cem
510 1899 518 1914 ,
529 1883 566 1906 ut
576 1876 639 1906 fere

64 1923 169 1953 Graeci
191 1925 226 1953 in
250 1923 305 1953 tali
328 1934 360 1953 re
382 1923 504 1959 solent,
530 1922 638 1952 admo-

63 1969 139 1999 dum
156 1969 269 2010 placet.
289 1970 350 2001 Sed
367 1969 462 1999 debet
482 1969 516 1999 id
535 1970 640 2010 Virgi-

61 2014 124 2046 lius
137 2016 312 2057 Apollonio
325 2016 464 2053 Rhodio,
477 2016 534 2056 qui
550 2016 641 2046 Chal-

63 2064 163 2104 ciopae
173 2086 182 2102 ‚
198 2062 322 2094 Medeae
339 2063 460 2100 sorori,
478 2062 579 2092 simile
593 2062 639 2092 of-

63 2106 174 2140 ficium
185 2109 358 2147 tribueram
373 2121 389 2140 a
402 2120 466 2151 quo
480 2116 510 2140 et
522 2110 640 2139 insom-

63 2156 116 2185 nia
127 2155 222 2186 habet
237 2157 374 2187 Didonis
386 2163 417 2187 et
430 2157 546 2186 amoris
566 2166 641 2186 con-

65 2200 232 2234 fessionem
244 2204 346 2234 sorori
359 2203 482 2234 factam.
497 2214 528 2234 v.
544 2201 641 2243 Apol-

691 855 757 886 lon.
773 857 839 891 ΙΙΙ,
856 856 923 886 616
938 868 1006 898 sqq.
1024 857 1089 892 645
1105 869 1172 900 sqq.
1188 861 1268 890 Nam

691 904 826 933 Homeri
842 905 1030 934 Nausicaam
1045 906 1200 946 Virgflius
1214 909 1270 936 vix

691 957 763 980 ante
781 950 891 979 oculos
906 950 1022 980 habere
1037 953 1161 990 potuit,
1182 950 1271 993 quod

691 995 793 1027 Cerda
808 996 945 1027 volebat.
964 1002 1096 1027 Annam
1111 999 1173 1036 jam
1199 1000 1269 1029 Nae-

690 1044 762 1073 vius
783 1051 1030 1082 memoraverat,
1051 1050 1128 1074 teste
1156 1046 1267 1075 Servio

690 1089 731 1119 ad
752 1100 782 1119 v.
797 1100 830 1129 9,
847 1090 880 1118 in
894 1090 998 1127 Bello,
1016 1097 1092 1130 puta
1105 1112 1113 1126 ‚
1131 1092 1265 1121 Punico.

737 1146 769 1175 9.
789 1137 947 1175 Suspenso
972 1137 1090 1166 Medic.
1115 1146 1133 1165 a
1154 1147 1203 1176 pr.
1225 1148 1267 1168 m.

690 1188 721 1211 et
738 1182 836 1212 Goth.
848 1188 920 1212 tert.
936 1184 1127 1222 Suspensum
1142 1193 1192 1212 me
1202 1186 1269 1214 Me-

690 1237 760 1269 nag.
771 1239 820 1267 pr.
833 1229 942 1258 Terret
949 1239 965 1258 a
974 1229 1140 1259 nonnullis
1149 1228 1268 1260 lectum

691 1284 708 1302 e
723 1274 834 1304 Servio
854 1281 885 1304 et
900 1286 917 1304 e
936 1275 1040 1305 Pierio
1053 1282 1159 1316 patet;
1176 1283 1207 1306 et
1223 1278 1269 1306 sic

690 1320 822 1356 Franc.‚
848 1320 1038 1349 defendente
1058 1322 1152 1350 etiam
1174 1325 1270 1353 Pom-

690 1365 790 1405 ponio
814 1365 952 1402 Sabino,
982 1372 1018 1395 ut
1034 1367 1140 1408 vigilia
1161 1369 1202 1398 sit
1223 1360 1269 1398 at-

691 1411 794 1440 tonita
814 1411 912 1442 Dido.
939 1429 986 1436 —·
1007 1413 1202 1453 Suspensum
1222 1425 1269 1445 or-

691 1463 763 1486 nate
792 1457 970 1496 adjectum,
995 1458 1035 1488 ad
1057 1466 1179 1490 metum
1201 1472 1271 1502 per-

691 1504 782 1534 tinet.
811 1504 995 1535 Adumbrat
1021 1506 1090 1537 haec
1101 1529 1110 1544 ,
1142 1513 1179 1537 ut
1205 1508 1270 1546 jam

692 1549 851 1588 diximus,
873 1551 913 1580 ad
943 1552 1077 1583 ductum
1100 1552 1272 1594 Apollonii

692 1598 760 1634 ΙΙΙ,
781 1597 860 1628 636.
877 1615 924 1621 —-
944 1609 995 1629 lo.
1021 1599 1180 1629 flloenibus
1202 1599 1272 1630 hos-

686 1653 748 1683 pes
769 1644 882 1674 Franc.
910 1646 956 1676 At
979 1646 1095 1676 Catulli
1119 1647 1271 1676 imitatio-

692 1699 765 1718 nem
788 1700 861 1719 cum
888 1692 1007 1721 Ursino
1027 1692 1169 1732 agnoscit
1192 1693 1271 1722 Bur-

693 1746 800 1766 mann.
808 1754 856 1759 —-
869 1748 881 1765 1
891 1738 921 1767 3.
931 1739 1066 1767 Invertit
1076 1739 1252 1768 orationem
1264 1748 1272 1768 :

693 1781 788 1812 credo
798 1793 871 1812 eum
881 1784 1004 1823 prolem
1013 1783 1080 1814 deae
1089 1795 1165 1821 esse,
1176 1795 1273 1826 quan-

692 1828 866 1869 doquidem
878 1829 1034 1861 fortitudo
1049 1841 1083 1860 ac
1095 1832 1286 1871 constantia.

692 1876 727 1905 in
740 1875 877 1905 ferendis
891 1876 1056 1907 laboribus
1071 1888 1106 1907 ac
1119 1877 1272 1918 periculis

693 1932 876 1964 generosam
901 1933 936 1952 ac
957 1922 1099 1953 divinam
1114 1925 1271 1964 originem

693 1969 806 2009 arguit.
821 1987 868 1991 —
886 1969 1030 2010 15—-19,
1050 1971 1177 2000 Eximio
1197 1980 1272 1999 cum

693 2014 828 2045 artificio
838 2016 962 2058 singula
972 2018 1084 2058 posita.
1094 2027 1160 2046 —--1
1169 2028 1184 2055 7
1191 2039 1198 2046 .
1210 2017 1271 2046 De-

693 2069 817 2102 ceptam
823 2061 949 2104 fefellit
967 2065 1089 2104 poetica
1105 2064 1197 2104 copia
1209 2063 1272 2103 ple-

693 2109 766 2137 nius
776 2119 850 2148 pro‚
862 2116 963 2140 morte
973 2111 1077 2140 mariti
1089 2121 1139 2141 me
1149 2109 1272 2144 fefellit,

694 2165 781 2194 spem
796 2154 950 2188 destituit.
965 2156 1005 2188 cf.
1021 2158 1130 2188 Burm.
1145 2157 1177 2188 h.
1193 2158 1214 2188 l.
1226 2173 1272 2179 -

696 2204 840 2242 Decepta
855 2211 955 2235 morte
969 2210 1032 2234 tres
1048 2204 1135 2246 apud
1147 2206 1270 2240 Heius,
