1402 2460
598 91 719 121 LIBER
746 90 802 119 111.

1238 102 1298 120 201

93 152 275 195 olearon,
298 150 522 198 niveamque
539 151 662 185 Paron
674 178 682 193 ‚
704 160 931 197 sparsasque
950 161 1017 198 pei·
1034 161 1166 198 aequor

92 210 290 260 Cycladas,
308 220 344 246 ct
364 209 510 246 crebris
529 209 690 258 legimus
708 208 810 262 srcta¹
823 209 972 245 concita
990 209 1112 247 terris.

91 272 275 308 Nauticus
294 270 468 306 exoritur
484 269 593 306 vario
615 269 821 306 certamine
839 268 998 316 clanim-3

92 333 305 368 Hortantur
324 329 436 376 socii,
454 331 606 366 Cretam
622 341 867 380 proavosque
885 339 1068 379 petamus.

91 458 141 488 vel
167 456 324 487 Δονουσία..
348 474 394 480 —
411 457 555 491 Naxon,
583 457 669 485 insu-

91 505 171 540 lam,
195 505 230 533 in
255 514 318 544 qua
340 504 391 533 vel
412 505 479 544 ipse
500 502 644 532 Bacchus
658 525 666 538 ,

89 561 129 579 ex
155 550 244 580 India
271 550 392 585 redux,
431 549 601 589 aliquando
624 557 672 578 esc

88 596 260 626 bacchatus
273 620 280 634 ,
304 597 365 626 hoc
382 603 428 626 est
447 597 509 637 egit
532 596 666 626 chorum

88 643 296 680 Bacchicum3
312 643 362 673 vel
387 645 421 673 in
450 653 512 682 qua
536 642 639 672 insula
655 665 664 680 ‚

89 690 212 720 Baccho
224 690 415 730 frequentari
425 690 527 724 solita,
539 689 666 718 Bacchi-

89 747 124 765 ca
141 737 234 766 turha
247 735 398 766 bacchari
407 735 486 765 solet
498 758 506 772 ‚
525 735 558 765 h.
574 746 601 766 e.
616 746 664 765 sa-

88 793 139 813 cra
159 783 312 813 Bacchica
328 782 486 812 celebrare
497 804 506 818 ,
531 781 565 811 in
572 781 665 823 jugis

88 829 219 865 insulae;
245 828 320 859 inde
343 835 374 859 et
395 829 462 868 ipse
482 828 572 858 locus
588 827 666 858 dici-

88 883 142 905 tur
156 877 258 916 poetis
271 875 438 910 bacchari,
463 875 585 915 passiva
599 874 665 905 for·

88 932 157 959 ma,
184 921 413 962 βακχεὺεσθαι,
431 919 662 961 βακχευθῆνκιε

87 975 125 998 nt
147 969 295 1011 Georgic.
321 971 372 1005 ΙΙ,
401 969 464 1006 487
484 967 666 1009 virginibus

87 1014 245 1045 bacchata
261 1015 408 1046 Lacaenis
425 1017 453 1044 T
451 1026 474 1054 (ζ
478 1022 581 1055 ›geem
595 1016 666 1044 Imi-

88 1068 172 1091 tatur
203 1063 370 1092 Claudian.
398 1063 544 1092 XXXIII
556 1083 564 1096 ‚
599 1062 664 1091 205

88 1108 260 1138 ululatibus
274 1109 332 1138 Ide
347 1106 548 1143 Baccharum
562 1114 592 1137 et
603 1109 665 1137 Va-

87 1153 144 1184 ler.
167 1155 212 1185 Fl.
239 1157 306 1192 ΙΙΙ,
341 1166 382 1185 20
406 1154 571 1192 Dindyma
587 1164 664 1184 san-

85 1200 382 1242 guineis-famulum
396 1199 554 1230 bacchata
568 1200 666 1230 lacer-

87 1246 126 1276 tis
138 1258 149 1276 .·
165 1247 234 1277 loca
251 1249 314 1286 jam
332 1248 400 1277 aliis
418 1253 536 1277 notata.
559 1247 664 1277 Ducta

86 1301 192 1323 autem
219 1293 321 1324 forma
347 1305 364 1324 e
389 1294 553 1334 Tragicis:
577 1293 662 1324 conf.

86 1341 220 1381 Longin.
247 1341 306 1378 15,
331 1341 362 1371 6.
390 1341 556 1369 Donusam
574 1340 663 1369 insu-

84 1385 146 1416 lam
165 1397 182 1416 a
204 1387 312 1417 colore
334 1387 501 1416 marmoris
523 1385 664 1415 viridem

85 1433 236 1473 appellari
250 1434 377 1463 Servius
398 1439 527 1468 monet,
556 1438 587 1461 et
607 1434 663 1462 Pe-

84 1480 183 1509 tronii
201 1480 262 1510 133
276 1479 416 1509 virfdem
434 1477 563 1508 Thason
580 1488 664 1508 eorn-

83 1533 173 1565 parat
187 1525 299 1557 Cerda.
318 1525 430 1556 Malim
446 1524 551 1564 simpl.
567 1524 663 1554 silvo-

84 1581 151 1600 sam
177 1572 230 1602 vel
263 1572 432 1602 herbosam
465 1570 662 1610 intelligere,

84 1627 146 1657 qua
171 1619 275 1658 specie
298 1625 414 1659 praeter
437 1617 661 1658 navigantibus

85 1663 138 1692 illa
183 1675 353 1694 occurrere
385 1663 508 1693 debuit.
543 1665 582 1694 Et
614 1664 659 1692 sic

83 1720 161 1740 mox
178 1711 303 1740 niveam
323 1713 432 1740 Paron
444 1732 453 1746 ,
479 1720 496 1739 a
514 1709 659 1739 candidis

83 1757 314 1793 marmoribus,
349 1767 422 1797 quae
443 1757 476 1785 in
500 1756 660 1786 montium

82 1805 196 1844 passim
210 1805 294 1845 jugis
312 1804 407 1844 longe
429 1803 572 1843 conspici
587 1812 660 1842 pos-

82 1857 176 1887 sunt3
209 1858 241 1880 et
267 1851 311 1880 ita
341 1849 497 1889 Cyclades
526 1849 660 1879 omnino

83 1896 220 1926 nitentes
233 1896 436 1938 ctfitlgentes
452 1896 585 1926 Horatio
612 1896 660 1925 111

83 1943 186 1974 Carm.
206 1944 247 1974 28
260 1967 268 1980 ‚
290 1949 349 1981 14;
365 1945 400 1981 Ι,
423 1949 482 1980 14,
501 1941 660 1973 20.Adde

81 1991 227 2030 ‚inprimis
241 1991 377 2031 Dionys.
389 1991 508 2031 Perieg.
525 1990 603 2020 530.
613 2006 660 2012 —

88 2047 161 2075 127.
179 2036 399 2079 Crebrissreta
414 2036 541 2066 concita
555 2035 655 2072 terris,

82 2083 235 2124 Sporadas
249 2095 315 2114 esse
338 2084 464 2115 volunt.
476 2082 602 2114 Sufficit
615 2094 660 2112 re-

82 2130 163 2170 spici
181 2137 311 2172 angusta
326 2132 421 2161 maris
439 2132 523 2161 inter
541 2130 660 2160 insulas

83 2177 182 2217 spatia
194 2199 202 2214 ,
231 2187 302 2218 quae
322 2177 441 2207 fluctus
457 2176 638 2218 impediunt
650 2199 658 2213 ‚

83 2233 149 2262 quo
162 2225 269 2254 minus
283 2224 436 2265 explicari
445 2224 506 2255 late
515 2224 638 2265 possint
649 2234 657 2260 ;

727 462 764 485 ut
793 454 871 485 adeo
895 455 942 485 illi
970 463 1060 486 tanto
1086 456 1177 486 altius
1205 467 1306 487 assur-

727 509 802 544 gant
827 512 834 533 :
867 502 935 532 haec
965 509 1040 532 sunt
1060 502 1153 543 fieta
1182 505 1307 533 concita

725 556 859 589 propter
873 549 991 579 insulas
1003 571 1010 585 ,
1027 549 1119 578 terris
1133 550 1307 580 crebris.—

725 597 822 624 Freta
841 595 969 624 concita
995 606 1104 625 omnes
1123 597 1187 626 sere
1210 597 1305 633 libri,

720 642 814 670 etiam
837 642 952 681 fragm.
979 643 1105 679 Vatia,
1133 642 1205 672 edd.
1229 645 1306 673 item

719 687 807 727 (cum
817 690 905 718 Serv,
916 695 948 717 et
957 687 1090 728 Donat.)
1101 689 1305 720 Grammatici

719 733 803 774 apud
825 734 953 771 Heius,
971 736 1027 775 qni
1048 741 1152 764 tamen
1166 737 1307 776 praetulit

720 780 845 810 consita
856 803 864 816 ‚
885 787 922 810 ut
934 781 998 819 jam
1015 782 1096 811 Dan.
1112 783 1224 812 Heius.
1242 782 1306 812 edi-

720 826 809 856 derat
820 850 828 862 ,
850 827 1024 868 laudatque
1039 839 1099 868 pro
1119 839 1154 858 ea
1167 828 1305 859 lectione

719 874 861 913 primum
882 875 1001 904 Moret.
1017 874 1070 903 Ad
1087 874 1242 914 Sporadas
1258 887 1305 906 re-

720 920 887 950 ferendum
912 920 947 949 id
972 931 1037 950 esse
1049 943 1057 957 ‚
1085 920 1176 951 facile
1205 929 1302 962 patet.

719 966 799 1003 Sed,
832 966 911 1006 quid
935 968 970 996 in
998 967 1052 996 illa
1075 973 1123 997 tot
1143 969 1302 1009 tantisque

721 1012 965 1042 auctoritatibus
1002 1012 1126 1043 firmata
1162 1014 1302 1045 lectione

719 1059 851 1089 concita
861 1059 1163 1100 reprehendendum
1173 1062 1224 1096 sit,
1235 1071 1302 1091 non

718 1106 809 1135 facile
835 1105 952 1146 videas.
969 1107 1038 1136 Hoc
1062 1117 1162 1147 porro
1186 1107 1301 1144 video,

719 1162 784 1182 esse
800 1163 867 1182 eam
892 1151 1070 1182 doctiorem
1107 1163 1201 1193 quam
1228 1164 1302 1183 con-

719 1198 799 1235 sita,
825 1206 856 1229 et
872 1209 913 1228 ex
931 1200 1025 1227 maris
1045 1205 1159 1229 natura
1180 1201 1216 1229 in
1241 1200 1302 1230 fre-

718 1246 758 1274 tis
770 1268 778 1282 ,
807 1252 839 1275 et
867 1246 1021 1286 angustiis
1049 1247 1134 1275 inter
1161 1245 1280 1285 insulas
1291 1269 1300 1283 ,

719 1302 821 1332 quum
842 1291 962 1320 fluctus
985 1291 1134 1321 evolvere
1154 1302 1186 1321 se
1202 1299 1233 1322 et
1247 1303 1301 1322 ex-

718 1338 838 1378 plicare
864 1344 1035 1378 nequeant.
1060 1339 1208 1378 Denique
1234 1348 1302 1369 non

718 1385 784 1414 inte
813 1386 873 1422 ὀνο,
889 1394 987 1424 quam
1004 1385 1168 1424 poeticum
1180 1384 1244 1415 hoc
1260 1386 1301 1415 sit

718 1437 783 1459 tam
799 1437 945 1460 accurate
965 1430 1118 1471 Cycladas
1134 1438 1166 1460 et
1183 1433 1299 1471 Spora-

718 1476 773 1506 das
787 1477 995 1517 distinguere,
1010 1477 1100 1517 qnod
1113 1478 1169 1507 vix
1182 1478 1217 1507 in
1230 1488 1301 1519 geo-

716 1523 877 1564 graphicis
894 1522 1011 1552 libellis
1026 1522 1098 1553 fieri
1113 1524 1203 1554 solet.

770 1570 845 1600 128.
870 1568 968 1598 Vario
991 1568 1193 1607 hortamine,
1224 1581 1299 1600 eum

716 1615 824 1653 hiatu,
839 1615 928 1645 fuere
948 1617 1005 1656 qui
1026 1617 1224 1655 conjicerent
1234 1617 1298 1654 jam

715 1662 800 1702 apud
805 1663 958 1705 4²Pierium
969 1685 978 1697 ‚
994 1669 1026 1692 et
1041 1673 1146 1703 nuper
1170 1661 1298 1692 firmare

714 1709 819 1738 voluit
841 1709 891 1737 vir
916 1708 1032 1737 doctus
1056 1710 1140 1738 inter
1166 1710 1296 1746 Dauos,

714 1761 751 1783 ut
761 1766 801 1784 ex
810 1756 901 1785 Nova
913 1754 1067 1785 Biblioth.
1079 1756 1154 1785 Litt.
1166 1761 1196 1785 et
1210 1757 1296 1785 Artt.

715 1800 793 1841 eleg.
806 1807 828 1830 t.
842 1802 888 1830 IV
899 1823 908 1837 ‚
923 1811 957 1841 p.
975 1801 989 1830 Ι
1001 1823 1009 1837 ,
1026 1811 1060 1841 p.
1078 1802 1097 1830 5
1109 1824 1118 1839 ‚
1135 1801 1295 1831 intellexi-

715 1857 796 1877 mus.
812 1849 936 1876 Vernm
950 1847 1076 1876 clamor
1087 1847 1234 1877 nauticus
1249 1856 1296 1878 est

714 1893 796 1923 illud
808 1895 915 1934 ipsum
939 1893 1101 1923 celeusma
1117 1894 1170 1924 vel
1184 1894 1296 1924 horta-

715 1950 788 1970 men
800 1963 808 1977 ‚
826 1950 931 1980 neque
949 1939 1027 1970 adeo
1046 1951 1122 1970 cum
1139 1941 1294 1971 hortami-

714 1998 754 2017 ne
769 1987 890 2017 exoriri
909 1993 1035 2027 potest;
1056 1988 1202 2029 sequitur
1217 1998 1292 2029 por-

713 2044 750 2064 ro
761 2043 768 2064 :
780 2035 960 2064 Hortamur
971 2032 1058 2065 socii.
1069 2035 1218 2075 Denique
1229 2046 1293 2064 va-

714 2081 760 2110 rio
787 2080 963 2110 certamine
996 2080 1078 2110 hene
1103 2092 1145 2111 ex
1175 2082 1294 2122 poetici

713 2128 868 2158 sermonis
881 2138 970 2158 more
979 2127 1156 2166 adjectum3
1171 2135 1294 2158 certant

712 2175 797 2204 inter
810 2185 842 2204 se
859 2184 1014 2204 manuum
1026 2184 1122 2215 opera
1134 2197 1143 2212 ,
1164 2174 1270 2205 studio
1283 2198 1292 2211 ‚

713 2221 791 2251 dum
811 2220 984 2252 discessum
1003 2228 1124 2262 parant.
