1423 2517
81 106 119 134 is»
594 102 787 133 AENEIDOS

74 168 118 202 Et
138 164 302 200 mulcere
324 161 428 197 dedit
449 161 584 198 fluctus
605 170 642 197 et
660 161 791 198 tollere
814 169 945 205 vento,

71 228 171 261 Gens
190 223 338 260 inimica
359 221 451 258 mihi
471 221 712 270 'l'yrrheiuuu
731 221 882 270 navigat
903 233 1053 270 :equor‚

70 286 179 322 Ilium
200 286 235 321 iu
254 284 400 320 Italiam
418 293 572 333 portans
590 283 787 333 victosque
806 286 972 319 Penates.

70 350 200 384 Iucute
219 360 230 381 κ
244 345 293 381 im
310 344 451 390 ventis,
471 345 761 394 submersasque
779 343 901 380 obrue
921 355 1085 392 puppes,

71 410 145 443 Aut
166 420 233 454 age
255 405 446 451 diversos,
461 415 498 442 ct
519 405 649 455 disjice
667 418 830 455 corpora
848 411 977 454 ponto.
1247 417 1278 442 7⁰

70 472 165 503 Sunt
184 467 276 502 milii
294 466 352 503 bis
369 476 514 515 septem
532 466 725 516 praestanti
742 463 1130 515 corporeNymphst‘,

69 530 261 572 Quarum,
280 539 365 576 quae
385 527 504 562 fornia
525 525 799 575 pulcherrima,
820 525 1031 573 Deiopeam

69 586 270 623 Conuubio
285 587 443 637 jungam
464 586 589 624 stabili
608 586 882 636 propriamque
899 584 1036 621 dicabo
1055 599 1063 620 ι

67 758 220 803 Κρονίων,
249 751 272 788 t‘i
295 757 349 801 μὲν
372 758 564 802 παυέμενκι,
591 756 643 792 ⁷38¹

64 806 207 850 ὀρνύμεν,
232 803 262 835 ὃν
293 808 322 835 κ’
349 804 477 847 {MA-55¹..
506 806 644 836 Illustrat

63 861 94 883 et
111 854 245 893 Dionys.
260 853 378 893 Perieg.
392 864 421 882 v.
439 854 504 889 46],
516 850 624 882 Αἵᾶλου
634 876 642 890 ,

64 898 94 935 ὃς
127 897 224 933 θηῃτὰ
253 901 321 942 μετ’
350 895 498 941 ἀνδράσιν
528 896 642 929 Stoa&

66 943 155 989 δὼρν.
168 970 175 983 ,
188 943 351 988 Kapan-aim
370 944 491 988 ἀνέμων
506 945 644 976 κλινέων-

66 1004 125 1023 των
142 994 168 1022 0'
187 991 343 1035 ἱσταμένων
367 1003 411 1023 τε.
429 993 573 1033 Navigat
588 1004 644 1033 per

63 1051 183 1080 (equor.
205 1057 250 1063 -
260 1040 314 1069 68.
328 1040 562 1070 Pulcherriiuus
579 1051 645 1069 ver-

64 1097 117 1116 sus
133 1087 307 1116 verborum
325 1086 445 1116 dilectu
460 1087 466 1115 l
485 1093 519 1115 ut
534 1087 568 1116 in
586 1087 644 1115 Ita-

63 1132 103 1162 lia
118 1144 235 1163 novam
244 1133 351 1162 sedem
361 1139 492 1173 quaerat.
504 1133 643 1169 cf.V111‚

69 1190 120 1209 12.
141 1181 215 1219 Quo
242 1180 313 1219 ipso
341 1179 436 1209 Ilium
462 1180 645 1209 restitutum

64 1226 166 1255 videri
194 1233 318 1266 poterat
349 1227 384 1255 in
422 1226 520 1256 Italia.
547 1226 642 1256 Ovid.

65 1273 147 1302 Fast.
172 1274 229 1309 lv,
249 1274 311 1302 251
336 1273 414 1302 Cum
441 1272 568 1313 Trojam
589 1273 646 1302 AE-

65 1329 144 1347 neas
163 1319 263 1348 Italos
274 1325 423 1359 portaret
437 1318 469 1348 in
485 1329 644 1359 agros.—

65 1365 120 1404 69.
139 1366 249 1395 luente
260 1389 268 1402 ,
285 1373 321 1395 ut
337 1366 478 1403 injicere,
493 1366 643 1395 immitte-

64 1422 108 1446 re,
125 1411 205 1447 vim,
225 1413 398 1453 impetum,
418 1413 507 1449 iram,
523 1412 642 1450 ventis,

65 1459 158 1487 tertio
175 1468 261 1487 casu.
279 1460 329 1489 Sic
345 1459 458 1488 melius
472 1458 504 1488 h.
522 1469 549 1488 e.
570 1470 645 1488 ven-

67 1510 115 1533 tos
135 1505 260 1533 concita
284 1506 385 1533 auctis
413 1504 545 1534 viribus,
573 1507 643 1535 Sei·-

65 1551 136 1579 vius
163 1562 203 1579 ex
228 1553 355 1582 Ennio:
373 1551 465 1580 dictis
489 1552 644 1581 Romanis

65 1596 179 1626 incutit
213 1597 306 1628 iram.
338 1598 523 1627 Submersas
546 1598 643 1628 obrue

64 1645 190 1683 gravius
221 1655 317 1683 quam
329 1667 336 1681 ‚
366 1644 544 1685 submerge.
570 1646 643 1685 Age

64 1689 212 1725 diversos,
231 1690 510 1731 dissipa‚disperge
524 1702 580 1731 per
594 1691 641 1720 di-

67 1747 154 1766 versa
165 1759 174 1773 ‚
191 1744 226 1766 ut
245 1740 344 1775 Serv.;
364 1745 395 1767 et
410 1737 520 1778 disjice
534 1748 643 1778 corym-

66 1793 113 1819 ra,
128 1782 160 1814 h.
182 1794 208 1813 e.
228 1795 298 1820 eos,
315 1784 370 1814 sed
388 1785 555 1825 prmclare,
573 1795 643 1814 eor-

62 1840 146 1868 pora
157 1853 165 1865 ‚
194 1832 314 1871 quippe
353 1832 519 1871 naufragio
560 1831 644 1861 facto

66 1877 143 1904 inari
171 1888 299 1908 mersos,
325 1878 433 1918 Atque
457 1879 501 1907 sic
526 1877 645 1907 factum

66 1922 154 1952 vides
169 1924 225 1953 inf.
251 1935 263 1953 1
276 1925 312 1953 18
324 1947 332 1961 ‚
354 1925 415 1954 128
426 1948 434 1962 ‚
455 1935 528 1965 129.
540 1925 582 1954 Vi
599 1931 644 1954 ta-

66 1979 138 1998 men
167 1972 306 2010 oppositi
334 1971 425 2001 aliam
455 1973 644 2001 seutentiam

66 2017 225 2054 requiras:
240 2024 276 2045 ut
292 2029 349 2057 pei·
358 2019 444 2047 varia
457 2019 551 2048 maria
562 2028 646 2048 erro-

67 2060 156 2090 ribus
185 2071 404 2094 exerceantur.
441 2064 502 2095 Sed
541 2064 646 2094 obstat

67 2117 139 2137 voe.
168 2120 312 2148 corpora.
343 2129 389 2132 —
413 2121 467 2149 70.
499 2110 645 2140 Diversos

69 2155 177 2184 Heius.
195 2157 357 2185 restituite
371 2157 465 2188 codd.
486 2167 644 2188 consensu

67 2201 160 2229 etiam
183 2202 268 2242 apud
292 2204 440 2234 Pieriurn.
461 2204 569 2244 Vulgo
593 2203 643 2232 di-

67 2258 189 2285 versas,
208 2259 279 2288 quse
299 2250 434 2290 vulgaris
449 2251 529 2280 ratio
550 2250 641 2280 foret.

697 759 823 789 Habent
856 758 918 788 hoc
952 759 1045 799 pauci
1078 758 1174 790 codd.
1207 759 1219 800 (
1244 769 1278 791 ut

699 806 797 836 Goth.
823 812 892 835 tert.
920 816 934 834 a
956 816 1038 836 inan.
1059 808 1131 847 pr.)
1153 807 1208 836 sed
1234 807 1278 837 le-

697 854 783 893 gitur
816 851 900 893 apud
932 852 1120 882 Diomedem
1152 854 1187 883 in
1212 861 1277 884 arte

699 900 873 928 Grammat.
891 906 921 928 et
938 900 1102 929 Donatum
1123 900 1157 929 iu
1173 900 1276 931 Andr.

698 947 825 976 Terent.
838 952 868 975 et
881 945 985 975 Sehol.
1002 948 1114 975 Lucani
1124 949 1180 983 IV,
1198 949 1275 986 457.

748 1003 763 1030 7
776 1002 800 1022 1.
814 994 1091 1032 Locusexpressus
1102 1003 1141 1022 ex
1150 994 1238 1024 Iliad.
1249 993 1276 1033 ξ,

700 1039 764 1069 268
789 1050 856 1079 sqq.
883 1038 971 1068 Alias
990 1040 1115 1069 Junom'
1135 1039 1301 1071 Charites·'

698 1086 749 1114 vel
764 1085 982 1115 IIoraeadsunt
995 1095 1002 1122 ;
1016 1085 1048 1115 h.
1059 1085 1080 1116 l.
1092 1087 1272 1127 Nymphae:

701 1132 789 1172 quod
805 1131 1053 1162 observandum.
1071 1149 1118 1155 ——
1129 1143 1182 1170 72.
1197 1135 1276 1174 Qua:

688 1178 837 1219 jbrmam
864 1177 1084 1218 pulcherrima
1112 1179 1276 1210 Medieeus

700 1227 832 1255 Heinsio
846 1231 988 1262 notante,
1005 1226 1058 1255 cui
1073 1235 1174 1267 graeca
1195 1228 1275 1257 ratio

697 1272 839 1312 impense
867 1271 988 1311 placet,
1013 1282 1081 1302 non
1106 1279 1211 1303 tamen
1233 1275 1276 1303 ita

698 1328 885 1359 expressum
893 1328 909 1347 a
917 1318 1081 1359 Fogginio,
1090 1318 1275 1360 sedjbrma.

700 1366 780 1405 Quae
807 1372 854 1394 est
875 1363 990 1405 forma
1016 1365 1193 1407 Hamburg.
1225 1377 1275 1408 pr.

699 1413 780 1451 Qnoe
794 1411 909 1453 fimna
934 1418 982 1441 est
1003 1412 1105 1452 Bigot.
1131 1412 1277 1453 Deiopea

697 1468 764 1487 non
780 1458 877 1488 modo
892 1457 1010 1488 Medic.
1027 1457 1082 1488 sed
1095 1465 1126 1488 et
1138 1460 1277 1490 Roman.

697 1515 772 1534 cuin
804 1505 872 1534 aliis
899 1505 1068 1542 Pieriamis,
1097 1505 1277 1536 Heiusianis

698 1550 801 1580 tribus
809 1552 960 1591 exceptis,
972 1551 1095 1581 Zulich.
1107 1557 1168 1581 tres
1176 1552 1274 1583 Goth.

697 1597 868 1627 Librorum
887 1598 993 1638 itaque
1009 1599 1196 1628 auctoritate
1209 1606 1275 1628 erat

697 1644 928 1684 recipiendum,
942 1644 1002 1673 uisi
1017 1644 1141 1673 lubrica
1160 1645 1194 1674 in
1208 1644 1274 1675 fine

696 1691 749 1719 w]
768 1700 799 1719 m
817 1690 906 1720 sedes
919 1697 1009 1720 esset.
1025 1692 1123 1720 Porro
1139 1691 1190 1721 alii
1201 1691 1278 1722 Dio-

691 1747 777 1777 pea,
799 1736 970 1777 Dlopenm.
996 1738 1107 1767 Graece
1126 1744 1172 1767 est
1189 1737 1275 1771 Δηϊό-

696 1793 741 1815 πη
757 1790 788 1812 et
802 1781 962 1816 Δῃϊόπειᾱ..
975 1784 1014 1813 cf.
1031 1783 1069 1812 ad
1084 1784 1201 1826 Georg.
1216 1785 1273 1823 IV,

701 1830 777 1866 343.
806 1848 852 1853 —-
866 1831 918 1869 73.
944 1830 1051 1860 Verba
1078 1830 1187 1860 stabili
1202 1842 1276 1871 pro-

692 1876 868 1921 priamque¹
896 1877 1010 1906 dicabo
1021 1899 1030 1913 ‚
1064 1876 1096 1907 h.
1127 1888 1154 1907 e.
1189 1877 1274 1908 dabo

698 1923 902 1963 simpliciter,
921 1923 961 1953 ad
991 1929 1141 1953 ornatum
1163 1930 1194 1953 et
1221 1924 1275 1954 de-

699 1970 902 2000 clarationem
929 1969 1011 1999 refer
1033 1970 1094 1998 τῶν
1118 1970 1275 2000 connubio

695 2015 843 2057 jungam.
864 2016 1040 2046 AEmulatus
1063 2023 1155 2056 poeta
1178 2023 1224 2046 est
1242 2017 1278 2047 il-

697 2062 756 2092 lud
769 2060 863 2092 Δώσω
879 2061 1070 2105 ὀπυιέμεναι,
1087 2059 1141 2092 καὶ
1155 2061 1208 2097 σὴν
1225 2074 1276 2094 κε-

697 2109 828 2142 κλῆσθαι
845 2106 973 2140 ἄκοιτιν.
991 2109 1084 2138 Dicas
1100 2109 1197 2148 forte,
1210 2121 1273 2141 vss.

700 2161 742 2194 74
758 2178 766 2192 ,
795 2156 837 2194 75
866 2157 1053 2186 sententiam
1082 2157 1178 2186 nimis
1208 2167 1275 2187 esse

696 2209 889 2243 protractam
902 2213 937 2232 ac
952 2202 1127 2233 verbosam.
1147 2203 1192 2233 At
1205 2213 1274 2234 ora-

697 2250 777 2279 toria
794 2255 859 2279 arte
874 2256 1016 2280 moratur
1030 2250 1051 2280 J
1054 2259 1118 2280 uno
1129 2250 1163 2280 in
1176 2260 1274 2290 expo-
