1402 2460
580 67 703 98 LIBER
727 67 786 96 111.

91 126 278 176 Subjicio,
299 133 336 162 et
351 125 446 162 raris
466 124 641 162 turbatus
657 124 815 162 vocibus
831 125 936 163 hisco
951 140 958 162 ε

92 205 107 220 «
123 187 221 223 Vivo
238 185 432 236 equidem,
448 185 640 235 vitamque
657 195 824 223 extrema
840 199 910 236 per
927 185 1053 224 omnia
1071 185 1181 224 duco.
1241 195 1289 220 ³15

89 248 146 283 Ne
163 245 295 283 dubita
310 262 320 293 3
342 259 429 283 nam
448 259 540 283 vera
555 245 673 283 vides.

89 308 193 343 Heu!
215 307 298 356 quis
321 316 357 343 te
377 319 484 344 casus
505 306 689 357 dejectam
709 306 868 356 conjuge
887 315 991 344 tanto

89 367 262 416 Excipit?
280 376 344 404 aut
363 380 448 417 quae
467 367 582 417 digua
600 367 689 404 satis
711 367 864 404 fortuna
881 367 1032 404 rexisit?

89 427 285 473 Hectoris,
303 426 589 474 Andromache,
612 427 785 476 Pyrrhin'
807 426 998 464 connubia
1015 428 1166 466 servas?
1181 444 1196 461 »

89 488 235 537 Dejecit
256 489 418 534 voltum,
440 496 477 524 et
497 487 657 525 demissa
673 500 767 524 voce
785 488 911 524 locuta
927 495 983 524 est
1000 503 1008 523 :
1242 496 1289 521 320

143 565 157 581 «
176 549 210 585 O
228 548 317 585 felix
337 561 411 584 una
432 558 518 584 ante
534 549 623 585 alias
641 548 826 584 Priameia
846 548 973 596 virgo,

88 608 272 645 Hostilem
291 608 337 645 ad
359 608 545 645 tumulum
564 607 687 656 Trojae
703 606 774 643 sub
789 605 976 643 moenibus
997 605 1080 643 altis

89 769 136 792 ter
150 762 287 800 dolenti,
304 770 341 792 ut
355 762 437 792 bene
447 764 534 793 Serv.
549 764 661 793 Omni-

89 819 132 838 no
152 808 282 850 snrere,
315 807 497 850 μαίνεσθαι,
527 807 662 838 infinitis

88 854 168 885 locis
197 855 300 896 simpl.
331 861 376 884 est
408 861 568 885 commoto
597 865 662 885 esse

89 902 212 938 animo,
238 911 438 942 quacumque
476 901 514 930 de
545 911 661 932 caussa.

89 924 450 988 Subji301o‚bmmi)3.‚‹2›
471 946 660 987 respondeo.

87 993 185 1024 Hisco
203 995 391 1035 exquisitius
404 1004 500 1034 quam
515 994 638 1034 loquor

137 1041 330 1081 315-319,
353 1042 511 1070 Extrema
522 1050 584 1080 per
597 1050 663 1069 om-

90 1085 161 1123 nia,
186 1086 225 1116 ad
248 1086 388 1127 pericula
421 1093 453 1116 et
483 1086 664 1116 discrimina

88 1132 181 1162 refer.
199 1150 246 1156 —
262 1134 338 1163 316.
369 1134 439 1163 Nec
465 1132 531 1162 duo
554 1134 662 1163 Burm.

89 1179 140 1208 Ne
161 1178 283 1209 dubites
299 1179 378 1208 alter
394 1178 480 1209 Leid.
499 1180 551 1208 Ne
566 1179 598 1209 d.
621 1189 663 1208 ne

88 1234 171 1254 ‘vera
189 1225 284 1254 vides
308 1224 392 1255 Gud.
416 1235 432 1254 a
453 1235 496 1255 m.
510 1235 559 1265 pr.
578 1227 661 1254 Vera

23 1300 32 1308 ,
78 1268 167 1312 fides
181 1272 216 1300 in
236 1281 292 1301 sex
310 1272 430 1301 lectum
448 1271 590 1308 videbis,
605 1270 661 1301 sed

88 1316 285 1355 recentibus,
305 1328 355 1358 ap.
371 1319 480 1348 Heius.
493 1324 522 1347 et
538 1318 660 1354 Burm.‚

88 1363 176 1402 quod
196 1365 305 1394 Heius.
327 1364 601 1404 Marcklandoque
618 1374 665 1393 ar-

88 1408 180 1439 ridet.
211 1411 383 1441 Enimvero
420 1411 459 1440 de
493 1410 663 1442 oculorum

88 1453 151 1485 fide
162 1478 171 1492 ,
184 1457 319 1497 visuque
345 1457 422 1488 adeo
434 1479 443 1495 ‚
457 1456 511 1486 hic
537 1457 641 1497 agitur
651 1479 661 1494 ‚

88 1512 156 1532 non
171 1501 209 1531 de
233 1504 422 1534 narrationis
440 1511 471 1533 et
489 1502 662 1533 auditionis

87 1546 162 1579 fide.
191 1550 287 1579 Recte
308 1550 401 1580 ‘mdes
428 1551 522 1580 etiam
550 1550 659 1590 fragm.

88 1595 191 1626 ἶᾶῑίς.
209 1604 322 1627 servat.
333 1598 467 1634 —317.
481 1595 661 1636 Desectam,

88 1635 123 1669 δε
128 1651 168 1671 tm
156 1640 236 1684 ’τερ
229 1644 542 1684 mquamprivatam,
554 1641 664 1671 vidua-

87 1693 171 1723 tam,
202 1689 348 1719 Hectore.
387 1692 468 1720 Nam
496 1687 665 1729 deficimur

89 1733 189 1773 gradu
200 1757 208 1771 ‚
225 1745 298 1775 spe,
325 1735 447 1765 honore
458 1758 466 1772 ‚
491 1735 660 1774 conjugio,

89 1781 286 1821 omninoque
322 1792 435 1822 magua
471 1781 574 1821 aliqua
607 1791 641 1809 re
652 1802 661 1817 ‚

88 1826 216 1866 quando
232 1837 267 1856 ea
285 1828 459 1867 privamur.
479 1827 556 1867 Quis
573 1836 664 1855 casus

88 1879 120 1902 te
133 1873 265 1914 (ῆι-εἰμὶ,
281 1873 319 1902 ad
331 1884 427 1913 quam
438 1874 576 1904 fortunae
589 1882 663 1902 con-

89 1918 243 1950 ditionem
263 1919 390 1950 redacta
407 1921 462 1949 es?
479 1921 548 1950 Serx
557 1919 607 1948 ius
625 1929 663 1948 eo

89 1965 194 2004 refert,
212 1966 300 2007 quod
319 1966 522 2007 excipiuntur
534 1966 664 2006 proprie

74 2010 160 2053 'quae
173 2013 310 2051 cadunt3
334 2020 418 2043 recte
444 2012 592 2054 quidem,
609 2011 664 2041 sed

89 2058 171 2089 forte
188 2059 242 2090 hie
261 2061 355 2090 nimis
371 2060 540 2091 subtiliter.
562 2059 665 2088 Exci-

84 2105 181 2146 piune
195 2117 252 2137 nos
272 2117 307 2137 ea
328 2116 399 2148 quae
411 2107 505 2137 nobis
521 2106 580 2136 alia
591 2112 664 2146 post

90 2152 149 2183 alia
163 2153 311 2184 accidunt
325 2161 356 2184 et
371 2155 535 2184 eveniunt.
553 2153 664 2194 Digna

91 2198 169 2230 satis
182 2199 204 2232 l.
230 2207 261 2231 te
281 2199 303 2230 l.
320 2201 426 2242 priore
445 2200 499 2231 illa
517 2200 661 2238 fortuna3

717 771 790 792 cum
806 760 859 791 illa
872 760 1017 791 videatur
1028 760 1159 791 meliore
1169 783 1178 798 ,
1195 771 1290 802 quam

714 818 775 848 pro
802 809 934 848 captivae
964 814 1048 837 sorte
1078 808 1126 837 nti
1142 821 1188 831 —-
1214 809 1292 848 319.

719 854 884 884 connubia
897 864 1013 890 servas,
1029 854 1149 894 accipio
1158 876 1167 891 ‚
1180 861 1218 884 ut
1233 855 1292 885 Gr.

717 898 880 942 φυλάσσειν
892 923 900 937 ,
917 911 977 942 pro
994 898 1074 940 ἔχειν
1086 923 1095 937 ,
1115 900 1153 930 de
1168 901 1206 930 iis
1226 902 1293 941 qui-

716 947 778 977 hus
801 954 947 978 tenemur
963 953 994 977 et
1013 947 1150 977 obnoxii
1162 957 1294 984 sumus;

716 1003 795 1034 pro,
815 994 1019 1023 matrimonio
1039 994 1153 1032 juncta
1178 1003 1228 1030 es,
1241 992 1294 1023 ha-

716 1039 810 1070 beris.
825 1041 934 1071 Utitur
941 1050 1020 1070 voce
1028 1039 1210 1070 honestiore
1217 1050 1293 1069 con-

718 1085 825 1122 nubit]
839 1096 912 1116 vere
930 1087 1015 1116 euim
1026 1108 1035 1123 ,
1052 1093 1203 1126 tanquam
1220 1096 1293 1126 cap-

717 1133 798 1170 tiva,
816 1134 960 1174 corporis
981 1133 1033 1162 sui
1056 1142 1150 1162 usum
1174 1131 1295 1172 praebe-

716 1177 788 1214 bat,
805 1179 927 1220 pellicis
941 1178 992 1208 vel
1003 1178 1192 1208 concubinae
1208 1179 1293 1208 loco.

699 1238 702 1240 ·
715 1226 837 1255 Versus
844 1225 1077 1265 pulcherrimus
1083 1223 1179 1255 habet
1188 1231 1296 1254 tamen

715 1271 804 1311 quod
846 1271 999 1301 offendat.
1030 1273 1132 1312 Rogat
1161 1272 1307 1308 AEneas‚'

718 1326 758 1346 an
787 1317 913 1358 Pyrrho
946 1318 1057 1356 juncta
1097 1318 1137 1346 sit
1163 1317 1294 1347 Andro-

716 1362 827 1393 mache
841 1374 849 1400 ;
865 1364 953 1405 atqui
974 1363 1040 1403 296
1060 1363 1126 1401 jam
1150 1362 1295 1393 audierat

715 1409 840 1439 Heleno
862 1420 930 1440 eam
950 1411 1087 1440 cessisse.
1113 1411 1183 1439 Hoc
1207 1416 1292 1447 erat,

716 1465 773 1485 cnr
797 1456 889 1486 illum
915 1466 1043 1486 versum
1068 1455 1209 1485 deletum
1226 1466 1292 1486 esse

714 1501 862 1531 volebam
878 1512 886 1533 :
900 1513 960 1532 uec
975 1502 1118 1532 succedit
1128 1524 1137 1539 ‚
1153 1503 1180 1531 si
1201 1501 1290 1532 dixe·

715 1549 758 1577 ris
783 1559 848 1578 esse
863 1559 871 1579 ε
899 1549 999 1589 quid?
1013 1555 1048 1578 ru
1063 1559 1131 1578 non
1153 1548 1291 1589 amplius

714 1594 841 1635 Pyrrho
863 1595 972 1632 juncta
999 1595 1054 1624 es?
1077 1595 1207 1634 Quippe
1231 1604 1292 1624 nec

715 1640 812 1670 verba
839 1642 1036 1670 conveniunt
1057 1639 1134 1669 huic
1166 1647 1292 1670 semen-

716 1687 780 1724 tiae,
793 1697 852 1716 nec
862 1687 1016 1717 sententia
1029 1685 1293 1716 antecedentibus

717 1734 880 1764 convenit.

763 1781 829 1810 320
857 1789 925 1818 sqq.
956 1779 1069 1809 Artem
1095 1785 1198 1819 poetae
1227 1779 1291 1817 jam

716 1826 874 1866 scaligero
901 1825 950 1854 111
974 1826 1062 1855 Poet.
1095 1830 1135 1860 14
1159 1825 1292 1865 ahisque

716 1872 914 1903 observatam
927 1871 1018 1900 facile
1031 1872 1214 1912 assequeris.
1225 1873 1294 1902 An-

717 1918 904 1955 dromache,
921 1924 1002 1947 casta
1024 1925 1055 1947 et
1069 1917 1187 1958 pudica
1203 1917 1292 1948 semi-

716 1975 768 2002 na,
782 1966 906 2005 virique
922 1965 1142 2003 amantissima,
1153 1965 1292 1995 nonnisi

716 2023 773 2054 per
789 2012 932 2054 ambages
952 2011 1133 2052 respondet.
1153 2011 1292 2042 Felicem

716 2059 868 2100 praedicat
899 2058 1114 2100 Polyxenam,
1146 2068 1217 2099 quae
1252 2057 1291 2087 ad

716 2105 852 2136 Achillis
881 2105 1041 2135 tumulum
1057 2115 1136 2136 caesa
1159 2105 1291 2135 servitu-

719 2160 780 2182 tem
788 2159 889 2183 morte
899 2153 1112 2182 anteverterit.
1123 2153 1201 2182 Haec
1208 2161 1290 2192 prae-

717 2200 814 2231 mittit
828 2200 866 2229 iis
880 2208 950 2241 quae
963 2197 1002 2230 de
1016 2208 1049 2229 se
1065 2199 1190 2241 captiva
1201 2208 1218 2228 a
1227 2198 1288 2228 vic-
