1402 2460
585 55 707 87 LIBER
732 55 790 86 111.

1223 56 1287 86 231

90 117 275 151 Dextrum
293 112 417 162 Scylla
436 113 551 158 latus,
569 112 707 150 laevum
722 113 922 163 implacata
937 112 1148 163 Charybdis
1240 124 1290 150 420

91 173 268 219 obsidet,
289 181 402 222 atque
422 173 498 209 imo
518 172 694 210 barathri
711 183 769 211 ter
785 174 933 224 gurgite
953 186 1078 212 vastos

88 232 226 271 Sorbet
241 233 280 270 in
298 233 504 283 abruptum
524 233 680 280 fluctus,
697 246 908 284 rursusque
928 234 999 272 sub
1021 247 1130 272 auras

85 293 207 343 Erigit
224 293 406 339 anemos,
424 302 460 330 et
475 293 599 331 sidera
618 293 798 331 verberat
820 295 930 332 unda.

85 356 135 390 At
151 354 313 404 Scyllam
330 354 437 391 caecis
457 354 612 392 cohibet
629 356 808 407 spelunca
825 356 997 402 latebris,

85 417 164 452 Ora
180 423 450 462 exsertantem,
470 423 507 452 ct
526 416 633 453 navis
648 417 688 453 in
707 429 797 454 saxa
814 417 1037 454 trahentem.
1236 424 1286 453 4²3

84 475 210 512 Prima
226 475 388 512 hominis
405 476 537 522 facies,
559 485 596 513 et
614 476 776 527 pulchro
796 485 950 526 pectore
965 477 1075 526 virgo

83 533 189 571 Pube
206 543 332 581 tenus;
349 544 540 585 postrema
559 536 712 573 immani
732 549 895 586 corpore
915 536 1069 585 pistrix,

83 596 314 646 Delphinum
335 596 473 634 caudas
494 606 603 634 utero
619 595 818 634 commissa
833 595 1022 644 luporum.

133 756 210 785 420.
231 751 356 779 Laevom
381 749 468 780 Gud.
486 750 655 789 Impacata

83 796 204 836 aliquot
227 797 381 832 Pieriani,
398 803 428 825 et
444 805 529 825 unus
547 795 632 825 Leid.
645 818 653 832 ,

81 842 170 881 quod
179 852 246 872 non
255 841 336 872 bene
346 841 530 882 praeferebat
542 841 653 872 Cerda.

79 889 321 924 —420—423.
331 890 380 918 Ex
393 890 534 918 Homero
544 887 654 918 adum-

80 934 168 964 brata
183 945 248 964 esse
266 945 360 964 nemo
375 934 518 971 dubitat,
537 935 654 976 Odyss.

81 992 124 1023 μ,
143 982 182 1019 73
207 992 275 1022 sqq.
302 982 367 1017 234
392 992 459 1022 sqq.
484 982 657 1011 Variorum

80 1027 150 1057 loca
166 1028 254 1058 vides
267 1038 316 1068 ap.
337 1028 465 1058 Cluver.
480 1027 565 1058 Sicil.
580 1029 605 1064 Ι,
625 1028 655 1058 5.

81 1074 264 1104 firmarunt
278 1085 312 1104 ea
326 1074 399 1111 alii,
420 1081 450 1103 et
462 1084 566 1114 nuper
575 1074 659 1113 Spal-

80 1120 204 1150 lanzani
218 1119 356 1161 (Vt'aggi
373 1120 439 1149 alle
454 1120 515 1150 due
532 1120 655 1156 Sicilia,

81 1173 126 1196 to.
146 1164 227 1206 IV).
253 1166 342 1196 Idem
363 1177 436 1196 cum
453 1167 519 1196 aliis
536 1166 657 1204 docuit,

85 1212 265 1251 Charybdin
283 1212 365 1242 nihil
383 1213 470 1243 aliud
485 1224 549 1243 esse
563 1223 658 1253 quam

80 1259 341 1299 impetuosiorem
354 1259 515 1289 undarum
530 1259 657 1289 fluxum

81 1314 100 1334 a
114 1306 330 1346 septentrione
340 1306 375 1335 in
390 1307 561 1342 Austrum,
579 1307 657 1336 ortis

79 1350 372 1382 vehementioribus
380 1351 509 1382 flatibus
522 1352 562 1382 ab
575 1354 657 1383 Aus-

80 1404 131 1428 tro
141 1421 151 1434 ,
168 1399 224 1438 qui
233 1398 325 1428 illum
335 1399 500 1439 repellant;
513 1399 655 1438 Scyllam

81 1451 185 1474 autem
202 1445 386 1486 scopulum,
407 1445 557 1475 humanae
575 1445 656 1476 forte

79 1490 156 1521 olim
172 1490 296 1529 formae,
312 1491 351 1520 ad
362 1492 438 1522 litus
452 1492 568 1528 Italiae,
586 1502 656 1521 ver-

78 1547 132 1566 sus
155 1537 324 1578 Scyllaeum
344 1538 509 1578 oppidum.
535 1539 657 1568 Canum

76 1583 224 1613 latratum
234 1584 416 1614 assimulant
423 1584 540 1614 fluctus
546 1594 657 1625 scopu-

76 1629 111 1659 lo
125 1629 216 1666 illisi,
233 1637 264 1659 et
275 1630 370 1671 lupos
379 1631 562 1670 belluasque
572 1641 612 1660 ex
622 1641 657 1660 ea

79 1677 165 1705 nasei
187 1686 314 1705 narrare
339 1679 444 1716 potuit
467 1678 654 1717 antiquitas,

80 1722 231 1762 quoniam
250 1721 318 1752 loca
338 1723 432 1762 plena
450 1730 524 1752 sunt
547 1733 653 1753 mons-

79 1768 136 1797 tris
160 1769 312 1798 marinis:
330 1769 369 1799 cf.
396 1771 482 1800 Serv.
511 1769 550 1798 ad
575 1775 652 1805 420.

79 1815 238 1844 Dextrum
248 1813 321 1844 freti
334 1815 441 1845 Siculi.
458 1815 653 1855 Implacata,

78 1871 139 1901 pro
157 1861 365 1901 implacabilis
377 1873 385 1898 ;
399 1869 436 1891 ut
453 1862 556 1892 solent
577 1872 652 1901 poe-

79 1913 130 1944 tae,
140 1917 231 1937 saeva.
248 1907 370 1943 Sorbet,
386 1904 587 1950 ot-azgsmssrlet
597 1929 606 1946 ,
621 1907 653 1936 in

77 1953 264 1994 abruptum,
288 1954 487 1995 profundum
510 1954 654 1996 adeoque

77 2006 230 2055 praeceps:
258 2001 343 2031 conf.
367 2011 438 2042 sup.
457 2002 490 2038 1,
521 2001 582 2031 105
604 2012 651 2042 sq.

80 2046 196 2088 Erigit,
214 2045 260 2077 ἀν
256 2058 310 2080 ‚m-
306 2059 342 2085 .ν,
360 2049 493 2086 emittit,
507 2047 563 2078 sed
578 2059 651 2078 cum

80 2093 172 2123 vi..v
194 2093 310 2136 Odyss.
331 2094 568 2137 l.cp‚105‚
593 2094 651 2124 nbi

82 2144 130 2168 ter
153 2139 186 2169 in
210 2139 282 2179 die,
304 2138 368 2184 τρὶς
394 2141 443 2172 ἐπ’
467 2152 585 2184 mart,
617 2141 651 2170 id

80 2182 151 2216 fleri
174 2186 238 2220 ait·
263 2187 318 2219 sed
343 2187 406 2220 hoc
428 2188 515 2220 idem
545 2189 653 2220 omisit

709 748 808 778 altero
823 746 894 777 loco
912 746 979 786 239
995 756 1041 787 sq.
1055 769 1063 783 ‚
1081 752 1118 776 ut
1136 746 1214 777 adeo
1228 758 1287 777 nec

710 795 745 823 in
759 793 896 834 Virgilio
913 793 1063 823 omissum
1084 794 1207 823 mireris
1223 804 1230 824 :
1255 795 1289 822 in

709 851 774 881 quo
802 838 921 870 sufficit
935 862 944 877 ‚
977 847 1025 869 ter
1050 839 1200 881 deinceps
1226 840 1288 870 hoc

709 887 790 917 fieri.

759 932 968 969 424—428.
986 931 1033 963 Cf.
1049 932 1127 963 ibid.
1147 934 1208 973 93,
1226 940 1267 973 94
1280 957 1288 970 ,

712 991 768 1020 99,
780 989 854 1010 100.
867 979 1029 1010 Prominet
1041 979 1190 1019 spelunca
1204 980 1290 1020 Scyl-

711 1026 740 1056 la
760 1027 924 1067 superiore
957 1027 1101 1066 corporis
1128 1032 1216 1067 parte
1233 1050 1241 1064 ‚
1259 1035 1290 1056 et

712 1083 807 1103 naves
829 1073 870 1102 ad
891 1083 923 1102 se
946 1072 1083 1102 attrahit.
1105 1072 1218 1102 Prima
1241 1084 1290 1102 su-

712 1120 837 1160 periore
846 1120 989 1159 corporis
999 1125 1098 1158 parte.
1110 1121 1289 1156 Postrema,

711 1167 873 1196 inferiore.
908 1165 1030 1195 Pistrix
1064 1167 1198 1196 omnino
1229 1176 1289 1206 pro

710 1213 818 1242 bellua
830 1213 950 1242 marina
961 1235 970 1250 ‚
985 1211 1154 1241 commissa
1169 1212 1290 1242 caudas

711 1258 900 1299 delphinum
924 1266 1011 1288 utero
1033 1259 1189 1299 luporum,
1209 1259 1242 1290 h.
1259 1270 1286 1290 e.

709 1305 832 1336 habens
871 1305 1060 1343 conjunctas
1101 1305 1289 1346 delphinum

709 1351 824 1382 caudas
841 1352 963 1405 lupinis
985 1362 1060 1381 cum
1078 1352 1288 1392 corporibus,

709 1399 746 1428 in
762 1409 834 1439 quae
849 1397 1030 1440 virgineum
1048 1405 1160 1438 pectus
1176 1410 1201 1429 s.
1218 1409 1287 1429 cor-

710 1456 770 1486 pus
785 1445 917 1482 desinit;
933 1445 1120 1485 simpliciter
1138 1444 1207 1482 dic,
1223 1447 1288 1474 vir-

710 1493 804 1533 gineo
829 1492 958 1532 corpori
984 1491 1170 1529 subjunctos
1194 1492 1288 1544 lupos

709 1539 849 1568 marinos
868 1538 964 1566 fuisse
981 1538 1138 1577 protomis
1157 1539 1222 1567 suis
1237 1539 1287 1567 in-

710 1591 758 1613 ter
781 1583 898 1613 caudas
919 1583 1144 1623 delphinorum
1167 1586 1288 1624 promi-

709 1629 880 1667 nentibus,
904 1636 941 1659 ut
962 1640 1056 1660 versu
1080 1631 1144 1666 432
1169 1631 1284 1661 elicias.

714 1676 815 1706 Canes
841 1683 947 1705 autem
973 1675 1109 1705 marinoe
1137 1676 1287 1706 videntur

708 1722 934 1763 intelligendae.
962 1722 1002 1751 cf.
1027 1721 1141 1762 Odyss.
1168 1734 1192 1765 μ
1219 1724 1262 1764 96
1273 1746 1282 1759 ,

708 1779 748 1807 97
764 1779 772 1805 3
789 1767 894 1798 Schol.
911 1767 1098 1808 Apollonii,
1121 1770 1184 1806 IV,
1205 1770 1282 1800 825.

708 1815 813 1844 Variis
843 1813 946 1843 modis
973 1813 1012 1843 ab
1039 1815 1181 1845 Homero
1211 1815 1286 1847 inde

707 1860 821 1902 Scyllae
829 1860 923 1889 facies
933 1858 1087 1898 exhibita,
1097 1863 1182 1892 varie
1191 1864 1286 1893 etiam

706 1909 742 1937 in
755 1907 970 1937 monumentis
986 1913 1150 1946 veterum3
1164 1908 1285 1939 sufficit

706 1954 900 1995 intelligere,
917 1963 980 1992 qua
1003 1954 1108 1994 specie
1129 1955 1283 1996 Virgilius

706 2000 1028 2038 exhibuerin—427.
1051 1999 1173 2031 Pistrix
1191 2012 1282 2032 revo-

707 2057 759 2076 cav
765 2049 789 2077 it
799 2047 908 2077 Heius.
915 2045 1074 2077 librorum
1083 2049 1281 2085 auctoritate,

705 2095 762 2134 qui
784 2093 836 2123 vel
845 2092 979 2134 pristtix
993 2094 1045 2124 vel
1055 2093 1175 2135 pistrix
1192 2095 1279 2125 exhi-

704 2139 798 2177 hent;
815 2140 913 2182 vulgo
931 2150 1003 2182 pars
1025 2141 1120 2173 codd.
1148 2148 1179 2172 et
1205 2141 1278 2172 edd.

699 2195 821 2227 prestes.
