1433 2460
152 50 218 80 918

659 48 854 79 AENEIDOS

149 109 385 158 Compellare
404 107 547 152 virum,
566 115 603 143 ct
623 119 731 143 casus
751 118 979 155 cognoscere
999 115 1133 143 tantos.

150 168 378 218 Progredior
400 175 533 217 portu,
551 167 678 204 classis
696 176 732 204 et
754 168 864 204 litora
885 167 1067 216 linquens.

152 229 338 265 Sollennis
361 236 440 264 tum
458 227 554 265 sorte
573 227 688 277 dapes
703 237 740 264 et
758 228 879 265 tristia
897 227 1014 272 dona,

150 295 247 327 Ante
267 288 401 326 urbem
420 289 458 326 in
478 289 584 335 luco,
605 287 686 325 salsi
707 289 911 326 Simoentis
932 288 979 324 ad
999 287 1156 334 undam,

153 351 313 388 Libabat
330 349 450 387 cineri
467 348 756 394 Andromache,
773 349 974 398 Manisque
991 347 1151 385 vocabat

155 415 385 449 Hectoreum
404 410 451 448 ad
470 409 659 446 tumulum
671 437 680 455 ,
697 408 813 445 viridi
834 422 945 458 quem
964 409 1105 459 cespite
1123 409 1269 446 inanem
1281 437 1290 454 ,

150 475 195 508 Et
211 471 398 522 geminas,
419 482 589 507 caussam
610 469 793 515 lacrimis,
811 478 1026 506 sacraverat
1046 482 1139 507 aras.

1315 478 1362 502 305

151 535 204 570 Ut
223 545 282 568 me
303 531 502 581 conspexit
520 530 753 575 venientem,
771 538 807 566 ct
827 530 941 566 Tro'ia
959 529 1101 566 circum

151 596 267 628 Arma
287 604 414 628 amens
433 589 527 626 vidit
543 618 552 635 ,
571 589 714 638 magnis
736 589 919 625 exterrita
939 588 1116 624 monstris
1129 617 1138 635 ,

153 652 330 702 Deriguit
348 652 432 688 visu
451 652 489 687 in
510 648 656 697 medin,
677 649 780 686 calor
797 662 881 686 ossa
898 649 1062 698 reliquit.

154 712 334 757 Labitur,
357 720 393 747 ct
411 711 524 760 longo
540 709 603 745 vix
623 709 773 745 tandem
789 718 959 758 tempore
978 708 1078 744 satur
1096 723 1103 743 :

155 790 168 804 <‹
188 774 337 808 Verane
356 778 391 805 te
411 770 543 814 facies,
560 782 673 805 verus
691 769 786 805 mihi
802 768 957 805 nuntius
975 766 1116 810 adfers,

1318 776 1365 800 310

153 833 253 870 Nate
271 831 365 868 dea?
383 829 555 866 vivisne?
577 837 661 875 aut,
677 829 706 865 si
723 829 786 865 lux
807 829 903 864 alma
924 827 1096 872 recessit,

154 895 298 929 Hector
314 890 381 927 ubi
399 891 477 927 cst?
496 907 510 921 »
522 889 647 936 Dixit,
664 890 912 938 lacrimasque
927 887 1061 924 essudit
1074 917 1084 935 ,
1105 896 1142 924 et
1163 899 1311 924 omnem

157 952 335 1003 Implevit
353 951 517 988 clamore
534 950 671 987 locum.
691 950 764 987 Vix
786 962 906 1000 pauca
924 948 1065 986 furenti

157 1083 222 1102 esse
248 1078 351 1112 poetae
377 1070 583 1112 cupiditatem
610 1077 640 1100 et
667 1076 734 1101 stu-

157 1118 247 1148 dium
258 1141 266 1155 ,
281 1118 348 1148 noli
363 1119 468 1149 animo
485 1118 654 1147 dimittere.

206 1166 247 1195 30
256 1165 401 1195 1—-305,
412 1166 525 1195 Ornati
537 1175 657 1194 versus.
670 1165 737 1192 An-

158 1210 331 1241 dromache
354 1210 488 1252 inferias
505 1210 637 1252 screbat
663 1211 737 1240 ,Πα-

158 1257 248 1288 nibus
263 1257 419 1288 Hectoris.
435 1259 532 1287 Dona
548 1258 580 1287 h.
601 1256 623 1287 l.
643 1257 678 1286 in
702 1267 735 1286 re

158 1315 246 1334 sacra
272 1303 310 1333 de
331 1304 495 1334 libatione.
525 1303 641 1334 Simois
669 1310 736 1332 erat

158 1350 334 1381 simulatus.
350 1350 389 1381 cf.
401 1350 457 1380 inf.
472 1351 536 1390 349
548 1361 593 1391 sq.
609 1357 639 1380 et
657 1350 734 1386 336,

159 1404 195 1427 ut
211 1397 354 1427 solebant
378 1396 577 1427 coloniarum
592 1396 735 1435 condito-

161 1454 210 1474 res
222 1444 401 1484 patriorum
418 1443 563 1473 locorum
584 1454 618 1473 ac
631 1442 736 1472 flumi-

158 1500 238 1519 num
260 1491 391 1520 nomina
406 1490 574 1520 transferre
587 1489 627 1519 ad
642 1500 739 1519 novas

161 1535 260 1567 sedes.
294 1537 425 1566 Hectori
459 1537 613 1566 tumulum
640 1535 742 1565 viridi

163 1583 282 1623 cespite
313 1582 445 1612 inanem
457 1605 465 1620 ‚
493 1582 525 1613 h.
556 1594 582 1614 e.
612 1590 740 1613 cenota-

158 1628 270 1669 phium
284 1653 292 1667 ,
335 1636 546 1660 exstruxerat.
587 1629 741 1659 Geminas

163 1686 259 1712 aras,
282 1677 348 1705 sive
367 1683 403 1705 ut
417 1676 482 1707 Ecl.
505 1678 548 1713 V,
575 1677 635 1713 66,
657 1677 742 1706 Ecce

163 1722 245 1751 duas
277 1721 335 1750 tibi
364 1722 498 1761 Daphni
510 1734 522 1758 ;
550 1723 616 1756 sive
644 1733 741 1752 unam

163 1769 277 1798 marito
288 1790 297 1805 ,
316 1768 444 1798 aiteram
460 1768 528 1799 filio
538 1791 547 1806 ,
568 1771 741 1809 Astyanac-

166 1816 199 1844 ti.
215 1817 391 1855 Utramque
408 1825 549 1845 caussam
570 1817 635 1854 jam
650 1817 739 1846 Serv.

165 1861 282 1891 attulit.
311 1861 363 1891 Ad
392 1864 600 1902 posteriorem
629 1862 739 1892 referri

164 1914 288 1947 potest,
314 1908 403 1948 quod
422 1918 570 1938 caussam
602 1908 743 1938 lacrimis

164 1953 321 1991 adjectum
338 1961 394 1984 est.
411 1956 481 1986 Nisi
499 1955 537 1985 ad
557 1955 742 1996 religionem

165 2000 270 2029 nescio
283 2010 379 2040 quam
393 2003 562 2041 spectavit,
574 2001 663 2042 quod
670 2001 741 2033 duae

166 2055 226 2074 arae
252 2048 362 2085 positae
390 2054 465 2077 sunt
489 2048 523 2078 in
547 2049 690 2078 inferiis:
707 2054 742 2077 ut

165 2091 261 2121 modo
276 2093 310 2121 in
329 2093 507 2133 Daphnidis
525 2094 646 2124 inferiis
664 2093 742 2123 vidi-

166 2148 246 2168 mus.
263 2139 301 2167 In
315 2138 362 2167 his
378 2140 432 2169 illa
447 2140 586 2171 effundit
601 2137 677 2181 χοὰς
694 2141 740 2170 in-

166 2190 214 2214 ter
231 2184 383 2216 lacrimas.

838 1067 1032 1106 306——3o9.
1052 1065 1146 1096 Troia
1157 1077 1268 1104 arma,
1281 1068 1367 1096 viros

788 1115 953 1152 Trojanos.
988 1112 1140 1143 ‚Monstris
1150 1136 1158 1148 ,
1193 1113 1341 1153 adspectu
1357 1136 1365 1150 ,

789 1162 845 1201 qui
860 1162 919 1201 ipsi
932 1161 1066 1190 monstri
1081 1167 1110 1189 et
1121 1159 1259 1202 prodigii
1268 1161 1366 1190 instar

789 1208 994 1246 erat.-†-?›o7.
1008 1209 1112 1236 Arma
1123 1206 1238 1236 timens
1251 1206 1367 1236 Hamb.

789 1265 849 1284 sec.
868 1255 945 1284 Ext.
960 1254 1049 1283 rebus
1060 1253 1144 1284 Leid.
1165 1264 1181 1282 a
1195 1264 1237 1284 m.
1250 1263 1311 1282 sec.
1327 1253 1368 1282 cf.

788 1301 897 1331 Burin.
913 1319 958 1323 —
975 1302 1052 1340 309.
1068 1299 1126 1334 A-kv
1144 1297 1180 1330 δέ
1194 1311 1243 1342 μιν
1264 1297 1370 1341 ἀμφα-

789 1343 838 1379 σίη
861 1346 960 1377 ἐπέων
978 1343 1058 1378 mi&
1073 1339 1194 1387 -ὀψὲ
1211 1343 1245 1376 δὲ
1264 1342 1303 1378 3⁷]
1319 1356 1368 1388 μιν

792 1392 912 1424 ἔπεσσιν
925 1390 1114 1436 sigis-‚gonew
1125 1391 1368 1436 πρεσέειπεᾹΜ.

791 1436 830 1477 ὃ,
849 1441 925 1478 706.

842 1488 858 1517 3
869 1498 907 1517 10
921 1505 967 1511 —-
983 1489 1000 1517 3
1011 1487 1060 1517 13.
1085 1489 1177 1517 Tunc
1200 1497 1274 1516 vere
1297 1485 1370 1516 ades

793 1534 882 1574 ipse?
905 1533 1057 1575 Affersne
1079 1541 1109 1563 ce
1129 1533 1187 1574 (cf.
1207 1533 1263 1563 ins.
1283 1532 1372 1573 346)
1423 1551 1425 1556 ·

795 1580 873 1609 milzi
896 1589 1046 1621 tauquam
1074 1590 1156 1609 ‘vera
1174 1578 1283 1621 facies
1312 1580 1373 1608 viri

795 1628 884 1665 cujus
912 1628 1047 1668 speciem
1077 1625 1197 1656 habes?
1224 1633 1373 1666 tanquam

794 1684 892 1703 verus
920 1673 1048 1703 nuntius
1078 1673 1146 1703 tui?
1172 1679 1208 1702 nt
1232 1683 1305 1702 vere
1320 1672 1373 1703 ille

795 1721 835 1749 sis
860 1731 955 1760 quem
982 1720 1092 1750 vultus
1118 1719 1271 1749 nuntiat?
1307 1721 1375 1749 Aut

794 1766 824 1796 .ςί
843 1766 901 1796 lux
931 1768 1040 1802 alma,
1071 1767 1154 1803 vita,
1174 1765 1315 1803 recessit,
1343 1773 1374 1796 et

793 1812 860 1842 haec
875 1813 987 1843 umbra
1002 1815 1109 1843 AEneae
1131 1819 1177 1843 est
1187 1835 1196 1850 ,
1210 1823 1282 1853 qnae
1293 1811 1373 1842 mihi

794 1867 942 1900 apparet,
966 1861 1086 1890 Hector
1106 1859 1160 1888 ubi
1176 1867 1238 1895 est,
1260 1859 1317 1899 qui
1343 1865 1374 1888 et

794 1907 861 1945 ipse
871 1907 954 1937 inter
964 1906 1092 1936 umbras
1101 1912 1253 1936 versatur.
1265 1904 1372 1942 Dixit,

795 1952 948 1982 lacrimas
982 1952 1116 1994 esfitdic,
1145 1958 1205 1982 etc.
1242 1953 1281 1981 In
1310 1950 1372 1981 hoc

795 1998 1034 2028 Andromaches
1073 1995 1185 2035 πάθει,
1223 1999 1372 2039 piissimae

795 2046 829 2075 iu
871 2047 974 2075 mariti
1009 2046 1194 2074 memoriam
1224 2045 1368 2082 feminae,

794 2091 865 2132 quis
895 2102 961 2121 uon
986 2101 1135 2133 inagnum
1160 2098 1288 2132 poetam
1317 2101 1369 2132 ag-

793 2138 926 2169 noscat?

843 2185 907 2216 313
921 2207 929 2223 ‚
948 2186 1024 2220 314.
1044 2183 1190 2224 Furenti,
1207 2184 1368 2226 impatien-
