1433 2460
181 101 238 131 1³·ss

679 99 872 130 AENEIDOS

176 161 341 201 AEratosf,
358 157 510 205 jamque
523 182 533 201 ,
554 155 679 193 excisa
698 156 804 193 trabe
817 186 826 203 ,
845 157 950 193 lirina
968 156 1117 193 cavavit

176 219 348 263 Robora,
367 226 399 252 vt
421 216 608 265 ingentem
624 216 700 253 lato
720 215 821 253 dedit
840 229 906 253 ore
924 217 1136 253 svnt-swam.

179 278 342 327 Adparet
365 276 498 312 domus.
515 276 633 321 intus,
651 286 688 314 ct
705 277 799 314 atria
815 277 925 327 longa
947 286 1162 328 pati-scunt3

178 339 370 388 Adparent
391 336 529 373 Priami
549 346 585 373 et
604 345 776 374 veterum
795 339 1002 388 penetralia
1021 351 1171 388 regum,

179 403 427 446 Armatosque
448 395 578 433 vident
598 396 730 433 stantis
747 397 785 433 in
802 397 929 434 limine
949 399 1084 448 primo.

1327 407 1374 434 485

227 462 277 495 At
295 458 429 494 domus
447 456 605 493 interior
621 456 763 506 gemitu
783 457 997 507 miseroque
1019 458 1180 495 tumultu

179 519 377 564 Miscetur,
399 518 624 568 penitusque
641 529 742 554 cavae
761 517 1008 567 plangoribus
1028 517 1125 555 mdes

176 579 360 617 femineis
379 578 541 626 ululant;
563 579 649 616 serit
670 591 786 615 aurea
801 578 925 616 sidera
941 579 1094 615 clamor.

175 644 273 678 'siun
290 639 436 689 pavidae
458 639 564 677 tectis
581 649 718 676 inatres
736 638 951 689 ingentibus
968 647 1115 684 errant,

176 699 444 749 Ainplcxaeque
463 707 589 736 tenent
606 709 750 749 postes,
771 709 884 749 atque
902 698 1030 736 oscula
1051 699 1180 748 figunt.

1327 710 1375 739 490

176 763 293 797 Instat
314 760 350 795 vi
370 759 490 808 patria
510 760 695 809 Pyrrhus3
716 774 785 796 nec
805 760 986 805 claustra,
1006 772 1129 808 neque
1148 758 1219 808 ipsi

175 888 335 919 obductos
343 910 351 925 ‚
362 895 490 925 ceratos-4
499 889 641 930 intelligo
650 912 657 925 ‚
667 899 747 930 quos

174 934 287 971 vellit,
302 942 424 970 movet,
441 935 607 965 labefactat
619 958 627 971 ‚
642 945 664 964 (ι
681 946 749 965 car-

175 981 268 1016 dine,
304 988 340 1010 ut
388 988 532 1010 emm-eat
544 1004 552 1018 ,
584 983 747 1011 annititur.

173 1029 269 1059 Nunc
284 1028 369 1056 enlm
383 1027 488 1056 adhuc
504 1027 542 1057 de
559 1035 676 1057 conatu
691 1029 751 1069 agi-

174 1082 247 1104 tur:
270 1074 310 1103 cf.
331 1079 413 1113 492,
430 1075 507 1112 493.
523 1075 663 1114 Quintus
684 1075 749 1105 Cal.

175 1122 242 1156 XI,
261 1120 325 1149 383
349 1119 508 1149 similibus
527 1121 591 1149 fere.
624 1120 747 1150 verbis:

174 1159 318 1208 ὥρμηναν
363 1161 404 1208 δὲ
444 1163 556 1207 πύλῃσι
596 1164 753 1209 θεηγενέες

176 1211 327 1255 Πριάμοιο
382 1203 490 1254 ‘'³03“st-
541 1210 753 1256 ἐγχριφθέντες

175 1257 229 1288 ὑπ’
254 1256 438 1301 ἀμφιτόμεις
468 1258 631 1289 πελέκεσσι
656 1251 753 1295 ῥῆξαι

175 1303 284 1345 τείχεος
301 1303 420 1347 μικροί,
438 1304 538 1340 πύλκς
559 1301 588 1334 δ’
604 1303 643 1340 εἰς
658 1300 752 1340 οὖδας

178 1351 292 1395 ἐρεῖσαν.
311 1354 434 1394 Θαιρὼν
453 1349 657 1394 ἐξερύσαντες.
674 1354 753 1383 Tau—

176 1398 248 1429 dem
264 1406 423 1439 perruptae
434 1406 463 1428 et
477 1399 643 1439 perforatae
659 1398 752 1436 fores,

176 1445 280 1475 laxata
321 1456 476 1483 asserum,
505 1445 555 1475 vel
591 1447 752 1487 tignorum

179 1499 469 1534 coagmentatorum
485 1502 636 1533 compage
650 1502 657 1522 ε
668 1492 753 1533 jam-

177 1550 239 1580 que
259 1538 385 1568 cavavit
402 1538 515 1567 robora
525 1538 647 1581 firma,
670 1539 752 1569 fores

178 1585 328 1615 roboreas
340 1607 348 1620 ‚
366 1584 477 1614 excisa
505 1585 592 1614 trabe
604 1608 612 1621 ,
630 1595 730 1615 assere
743 1607 751 1621 ‚

179 1639 210 1662 et
255 1630 361 1667 dedic,
404 1630 528 1668 effecit,
549 1629 731 1672 fenestram
743 1653 751 1668 ‚

179 1685 378 1719 aperturam,
399 1677 561 1718 ingentem
585 1677 652 1707 laco
679 1689 751 1715 ore,

182 1725 334 1756 foramine
346 1747 354 1761 ‚
381 1734 445 1764 quo
466 1731 654 1764 prospectus
670 1725 754 1754 intra

180 1772 298 1801 atrium
313 1768 451 1800 efficitur
469 1780 476 1800 :
497 1771 574 1806 483.

228 1817 269 1853 48
278 1818 294 1848 3
306 1817 429 1857 sqq.Ad
438 1817 588 1847 affectum
597 1816 666 1847 haec
673 1828 755 1858 mag-

180 1875 219 1894 na
235 1875 309 1894 cum
332 1870 397 1893 arte
422 1863 565 1893 traducta
587 1875 671 1902 esse,
688 1865 753 1903 jam

180 1911 232 1941 alii
246 1917 319 1951 post
333 1910 524 1951 scaligerum
539 1910 754 1941 viderunt.—

184 1958 260 1992 485.
281 1956 412 1987 Armati
427 1964 521 1995 suut,
541 1958 598 1998 qui
615 1969 644 1988 v.
667 1963 751 1998 449,

185 2005 250 2038 450
268 2003 535 2034 memorabantur.

231 2050 296 2084 48ss
312 2061 380 2090 sqq.
404 2051 535 2091 Proprie
551 2050 688 2086 clamor,
709 2050 755 2080 la-

182 2095 309 2133 crimae,
329 2096 466 2137 gemitus
491 2096 654 2133 miscetur,
676 2107 752 2137 qna-

183 2149 276 2172 tenus
298 2144 477 2182 promiscue
495 2154 510 2173 a
532 2143 680 2184 pluribus
702 2142 753 2172 vel

184 2188 316 2218 diversis
335 2186 389 2225 fit3
405 2189 479 2219 hinc
490 2215 498 2225 ,
517 2191 542 2219 si
553 2200 617 2230 (suo
633 2190 668 2219 in
679 2189 753 2220 loco

185 2235 246 2264 hoc
262 2235 379 2264 factum
397 2235 609 2276 significatur,
625 2243 663 2266 ut
674 2236 711 2273 h.
728 2236 751 2266 l.

802 890 835 918 in
858 888 954 918 domo
977 889 1063 929 ipsa,
1094 887 1205 916 domus
1232 886 1379 916 misectur

800 934 941 976 gemitu,
964 945 1023 975 pro
1039 933 1195 974 pedestri:
1216 933 1374 973 impletur.

805 983 883 1011 illex
905 992 991 1010 σανα)
1009 991 1082 1010 cum
1101 980 1221 1009 dilectu
1237 980 1377 1020 positum

805 1028 984 1068 epitheton,
995 1034 1139 1067 respectu
1154 1026 1264 1056 habito
1279 1025 1318 1055 ad
1328 1036 1379 1055 so-

805 1084 894 1103 num.
919 1074 1054 1103 Ululant
1077 1073 1266 1112 exquisitius
1284 1082 1379 1112 quam

806 1127 981 1153 resonant,·
1007 1118 1154 1158 exemplo
1193 1119 1380 1148 Graecoruni

808 1163 884 1207 βεᾷν
907 1166 941 1194 in
969 1165 1065 1194 simili
1089 1175 1142 1201 re,
1168 1175 1198 1195 v,
1217 1176 1244 1194 c.
1268 1165 1378 1205 Eurip.
1415 1174 1419 1177 ’

809 1211 924 1242 Troad.
957 1221 1009 1251 29·
1033 1211 1163 1252 Proprie
1187 1210 1325 1241 ululatus
1344 1210 1381 1241 fit

807 1259 840 1287 in
857 1258 978 1288 mdibus
991 1268 1065 1287 cum
1082 1257 1306 1298 plangoribus,
1325 1259 1381 1298 qui

808 1311 966 1334 resonant.
995 1306 1094 1334 Porro
1124 1314 1219 1333 versu
1247 1305 1313 1339 486
1341 1314 1381 1334 ex

807 1352 902 1381 Ennii
918 1350 1035 1381 Annal.
1053 1351 1084 1380 11
1093 1350 1132 1379 de
1149 1349 1240 1380 Albae
1255 1350 1382 1381 excidio

807 1408 872 1427 esse
900 1397 1087 1427 translatum
1109 1397 1237 1427 Servius
1256 1396 1295 1427 ad
1308 1397 1340 1428 h.
1358 1397 1380 1428 l.

807 1451 906 1474 notat.
934 1444 974 1473 cf.
1003 1444 1060 1474 inf.
1088 1445 1155 1481 xl,
1181 1445 1244 1473 213
1267 1454 1334 1485 sqq.
1352 1451 1383 1473 et

806 1492 913 1521 Livius
930 1490 969 1520 de
983 1490 1065 1520 Alba
1083 1491 1097 1519 I
1109 1512 1117 1526 ‚
1135 1500 1188 1529 29.
1203 1490 1301 1530 Quod
1316 1501 1380 1520 ma-

807 1546 868 1567 tres
885 1536 1015 1566 familias
1031 1544 1159 1572 errant,
1175 1536 1360 1567 discurrunt
1371 1544 1395 1575 ,“

805 1595 863 1624 per
884 1590 982 1620 tecta,
998 1583 1031 1612 id
1054 1594 1094 1612 ex
1118 1589 1262 1613 veterum
1284 1585 1381 1613 mori-

807 1630 868 1659 bus
896 1636 984 1660 tanto
1013 1631 1110 1671 magis
1142 1629 1181 1659 ad
1211 1629 1359 1660 affectum
1370 1653 1379 1667 ‚

808 1676 894 1717 quod
910 1676 1047 1706 thalamo
1065 1675 1197 1705 inclusae
1215 1675 1288 1706 alias
1304 1676 1381 1707 late-

809 1722 895 1753 bant.
903 1722 1097 1752 Osculancur
1097 1729 1206 1763 postes
1214 1721 1227 1764 (
1234 1722 1274 1753 cf.
1285 1722 1381 1754 Ovid.

807 1771 886 1800 Met.
907 1771 1001 1807 xm,
1021 1775 1107 1806 412,
1134 1767 1241 1810 413),
1263 1770 1382 1810 quippe
1425 1798 1429 1809 ⁵

808 1816 956 1846 ultimum
986 1816 1054 1846 vale
1075 1815 1226 1853 dicturae,
1254 1816 1381 1854 jamjam

808 1863 848 1892 ab
878 1863 968 1893 hoste
994 1861 1221 1892 abstrahendae.
1247 1861 1382 1903 Apollo-

808 1910 899 1939 nium
921 1911 980 1947 IV,
1013 1909 1055 1939 26
1075 1910 1139 1948 jam
1162 1909 1288 1939 Servius
1316 1908 1381 1938 huc

808 1955 975 1986 advocavit
984 1966 993 1993 ;
1005 1962 1036 1986 et
1048 1955 1170 1986 Ariosti
1178 1955 1287 1984 locum
1297 1964 1381 1995 egm-

807 2004 894 2044 gium
909 2002 922 2044 (
934 2002 1027 2032 Cant.
1043 2002 1153 2038 XVII,
1172 2007 1287 2030 scanza
1308 2001 1379 2042 13),

806 2051 992 2079 Wartonus.

856 2095 1049 2135 491—493.
1077 2093 1118 2124 Vi
1128 2094 1242 2135 patria
1261 2092 1380 2137 πατρὸς

808 2139 856 2171 ἑοῦ
866 2138 1068 2184 mansius-tog
1082 2139 1179 2174 ἀλκὴν
1190 2142 1302 2182 Quint.
1312 2141 1379 2172 Cal.

806 2189 906 2225 xm,
927 2198 1004 2228 219.
1036 2187 1196 2230 Suffirre,
1224 2189 1379 2218 sustinere

805 2233 921 2275 Pyrrhi
932 2235 1088 2276 impetum
1101 2245 1167 2265 non
1175 2241 1309 2275 potuere
1321 2243 1379 2267 nec
