1433 2460
153 100 213 131 ιη’.
651 91 843 120 AExfflnos

151 151 402 199 Sidoniasque
422 155 583 185 ostentat
603 160 712 199 opes,
735 148 944 199 urbemque
967 160 1151 199 paratam3
1324 160 1353 191 7⁵

151 210 288 259 Incipit
309 208 436 254 el'l'ari,
457 207 656 258 mediaque
676 209 712 244 in
732 221 826 246 voce
848 209 996 246 resistit.

150 273 259 306 Nunc
279 269 428 314 eadem,
450 266 598 304 labente
617 268 695 314 die,
717 269 891 306 convivia
907 270 1061 318 miserit,

151 331 360 379 Iliacosque
382 329 517 366 iterum
539 329 691 365 demens
712 329 844 366 audire
865 330 1012 367 labores

149 391 328 440 Exposcit
341 419 350 436 ‚
373 389 587 440 pendetque
605 390 745 426 iterum
766 390 952 427 narrantis
972 390 1019 427 ab
1039 404 1116 428 ore.

150 455 256 496 Post,
277 450 344 487 nbi
364 449 541 500 digressi,
563 450 765 500 lumenque
786 450 950 487 obscura
970 450 1134 488 vicissim
1323 460 1353 481 80

150 513 256 547 Luna
277 510 432 560 premit,
451 510 687 559 suadentque
707 510 880 547 cadentia
899 510 1025 547 sidera
1045 523 1214 556 somnos,

149 571 235 608 Sola
257 572 370 609 domo
390 580 522 608 moeret
542 584 680 618 vacua,
701 572 903 621 stratisque
923 571 1063 608 relictis

146 740 229 768 iuter
253 738 577 768 consummatissimus
604 746 669 773 est,
692 745 722 766 et

146 786 261 815 unicus
277 807 285 822 ,
323 786 414 814 etiam
451 791 523 824 post
555 785 722 824 ,Apollonii

145 832 301 872 insignem
324 831 551 860 sententiarum
577 832 721 870 copiam,

145 886 175 907 et
197 877 316 908 valerii
339 877 442 907 Flacci
463 887 615 913 acumen,
639 876 722 906 libro

145 926 227 961 V113
256 935 290 953 ac
314 931 386 964 post
410 925 590 952 innumeras
616 933 722 952 recen-

146 972 264 1001 tiorum
289 977 455 1010 poetarum
482 970 516 998 in
544 969 606 998 hoc
632 979 723 1009 argu-

143 1024 252 1047 mento
278 1017 509 1046 contentiones.
528 1014 721 1045 Brevitutcm

143 1065 176 1093 in
193 1074 315 1093 summa
334 1073 439 1092 rerum
459 1062 550 1102 copia
569 1068 599 1091 et
612 1061 718 1103 digni-

143 1117 240 1140 tatem
276 1110 332 1139 vix
364 1109 530 1150 quisquam
562 1108 641 1137 alius
674 1115 720 1137 est

143 1162 355 1197 assequutus,
384 1156 411 1184 si
447 1154 528 1184 forte
567 1154 718 1184 affectum

143 1213 273 1233 movere
297 1208 328 1231 et
357 1201 425 1230 aliis
449 1200 717 1241 contigit.-—75.

144 1249 316 1284 Sidonias,
343 1249 431 1288 Tyro
463 1246 626 1283 advectas,
652 1249 717 1281 vid.

142 1306 212 1336 sup.
228 1298 259 1333 Ι,
279 1295 356 1326 363.
367 1311 414 1316 —
426 1293 538 1324 Urbem
549 1303 717 1333 paratam,

141 1343 284 1384 egregie,
311 1347 347 1370 ut
368 1350 434 1370 non
456 1350 537 1380 opus
565 1349 645 1371 esset
660 1353 718 1371 no-

142 1399 213 1418 vam
227 1398 369 1430 quaerere
382 1397 439 1427 per
451 1387 564 1428 longos
578 1398 715 1424 errores,

141 1441 178 1464 ut
201 1442 231 1464 et
248 1437 396 1465 Burman.
415 1441 487 1474 post
505 1436 592 1465 Serv.
605 1453 649 1458 —
662 1447 716 1474 77.

143 1481 294 1513 Convivia
314 1481 446 1522 quoerie,
475 1480 623 1512 desiderii
642 1489 717 1512 nota

139 1531 241 1566 inest;
266 1538 388 1558 moram
408 1529 609 1568 impatienter
637 1529 715 1566 fert,

139 1575 218 1606 dum
235 1585 334 1604 coenae
351 1574 430 1604 hora
444 1574 599 1605 illuxerit.

190 1621 354 1651 80—83.
378 1622 426 1650 De
442 1627 536 1649 nocte
555 1631 622 1650 sera
647 1622 715 1663 agi,

139 1678 218 1709 qna,
242 1678 258 1696 e
283 1667 452 1703 convivio,
477 1666 538 1695 sub
564 1674 692 1697 noctem
707 1691 715 1705 ,

139 1714 268 1744 labente
283 1713 352 1748 die,
375 1714 553 1749 instructo,
573 1721 647 1743 sunt
669 1714 716 1743 di-

139 1763 256 1801 gressi,
286 1759 427 1789 dubitari
454 1759 577 1798 nequit.
607 1761 717 1800 Itaque

139 1808 247 1837 lumen
280 1807 411 1836 obscura
444 1804 586 1835 vicissim
628 1808 718 1836 Luna

133 1855 275 1894 premit,
303 1863 362 1883 nec
394 1851 434 1881 ad
465 1852 717 1883 vicissitudinem

140 1901 204 1930 diei
231 1908 263 1931 et
287 1900 409 1935 noctis,
435 1908 513 1935 nec,
537 1909 611 1928 cum
638 1900 717 1929 Bur-

141 1957 278 1983 manno,
296 1946 335 1976 ad
363 1945 530 1976 obscurata
557 1945 644 1975 lnnae
668 1947 717 1976 ni-

142 2000 208 2023 tore
234 1994 358 2023 minora
384 1991 485 2022 sidera
510 1990 577 2032 (cf.
603 1993 715 2025 Horat.

141 2041 155 2068 Ι
165 2062 172 2076 ,
185 2040 236 2070 od.
254 2051 265 2070 1
275 2050 305 2075 2,
318 2039 467 2079 46—48)
479 2039 588 2070 referri
601 2047 716 2079 potest,

140 2087 196 2117 sed
211 2087 249 2116 de
265 2098 378 2117 occasu
402 2087 488 2117 lunae
514 2084 574 2116 sub
598 2097 718 2116 exeun-

141 2141 205 2163 tem
236 2140 363 2163 noctem
396 2132 617 2174 accipiendum
652 2144 718 2163 esse

141 2180 342 2210 manifestum
357 2179 394 2209 fit
411 2190 417 2210 :
430 2179 551 2220 premit
558 2202 568 2215 ,
597 2180 718 2210 occulit

140 2227 194 2257 illa
209 2227 318 2257 lumen
334 2237 438 2258 suum.
458 2229 554 2259 I'teete
567 2227 611 2265 is,
630 2227 716 2268 quis-

776 740 847 779 quis
876 740 960 768 inter
991 744 1091 766 cetera
1121 736 1268 767 Serviana
1299 737 1351 766 ad‘

777 786 902 825 scripsit
937 792 944 812 :
977 793 1020 811 (m
1052 783 1122 823 ipsa
1153 784 1230 812 luna
1263 794 1352 813 suum

777 833 886 862 lumen
903 830 1065 871 reprimit,
1088 829 1251 868 occidens,
1274 838 1306 860 et
1320 840 1353 860 se

778 879 947 908 obscurans
967 882 983 908 ,ι’
1005 876 1164 914 Vicissim,
1185 884 1351 918 postquam

776 936 833 966 per
850 933 946 955 totam
962 931 1089 955 noctem
1104 924 1263 954 illuxerat.
1288 925 1352 954 De-

777 979 827 1002 cet
858 979 963 1001 autem
991 979 1135 1012 poetam,
1162 977 1285 1000 certum
1315 981 1351 1000 ac

775 1019 969 1058 descriptum
993 1025 1118 1058 tempus
1139 1027 1272 1058 ponere,
1291 1027 1351 1058 pro

773 1064 942 1095 indefinito
957 1075 966 1100 3
1006 1071 1036 1093 et
1069 1074 1128 1104 pro
1158 1073 1351 1104 quacunque

773 1118 885 1147 nocte,
903 1121 975 1151 quae
991 1117 1022 1139 et
1042 1110 1151 1140 illunis
1172 1117 1203 1140 et
1220 1110 1351 1140 illustris

773 1169 839 1188 esse
854 1163 975 1198 potest,
997 1162 1125 1186 noctem
1140 1165 1281 1186 serenam
1294 1165 1351 1186 no—

773 1205 904 1234 minare.
915 1220 962 1226 -
974 1203 1028 1233 82.
1052 1202 1230 1243 Stratisque
1257 1200 1350 1231 relic-

773 1250 813 1280 tis
828 1249 967 1280 Incubac
978 1260 989 1278 .·
1004 1259 1070 1278 non
1086 1259 1152 1279 uno
1170 1247 1267 1278 modo
1283 1247 1350 1279 haec

773 1298 875 1337 accipi
891 1301 1042 1335 possunt;
1062 1301 1116 1324 aut
1132 1295 1172 1324 de
1186 1294 1270 1324 lecto
1281 1317 1289 1331 ,
1310 1295 1349 1325 ad

772 1353 868 1383 quem
893 1340 1071 1371 dormiendi
1097 1350 1205 1370 caussa
1234 1340 1287 1369 illa
1316 1352 1348 1371 se

772 1389 915 1424 confert,
930 1393 985 1416 aut
1000 1387 1038 1416 de
1054 1386 1194 1417 triclinio
1205 1409 1213 1423 ‚
1232 1387 1265 1416 in
1282 1397 1348 1427 quo

771 1432 967 1466 accubuerat
984 1442 991 1463 :
1011 1433 1279 1473 simplicissimum
1302 1441 1349 1463 est

771 1483 813 1512 ita
827 1482 932 1512 dicere
946 1491 953 1511 :
968 1479 1006 1509 de
1021 1486 1115 1510 nocte
1131 1481 1234 1520 agitur
1244 1504 1253 1517 ,
1275 1490 1348 1509 con-

773 1529 853 1559 vivis
868 1530 933 1568 jam
955 1526 1110 1563 dimissis,
1136 1525 1224 1557 unde
1250 1527 1347 1557 domo

770 1586 891 1605 vacua.
922 1575 1017 1604 Nune
1052 1572 1122 1602 sola
1153 1572 1207 1602 illa
1237 1581 1350 1603 moerec

771 1621 894 1657 stratis,
916 1620 999 1650 lecto
1022 1619 1177 1649 incubans
1184 1631 1198 1656 ;
1220 1618 1283 1650 hoc
1309 1627 1348 1649 ut

771 1675 864 1709 poeta
882 1666 1059 1697 enuntiavit
1073 1677 1084 1696 .·
1101 1673 1226 1702 rna-ret,
1249 1674 1282 1697 ec
1299 1665 1348 1696 ἰη-

771 1715 866 1744 cubat
881 1712 1007 1749 stratis,
1029 1719 1060 1742 et
1079 1711 1209 1753 quidem
1229 1712 1347 1743 relictis

771 1772 787 1790 a
802 1772 853 1798 se;
869 1767 906 1790 ut
918 1759 996 1790 adeo
1013 1759 1128 1789 amoris
1142 1765 1220 1789 aestu
1233 1759 1348 1798 jactata

771 1807 868 1838 modo
895 1807 1015 1836 lectum
1039 1816 1133 1835 suum
1157 1805 1347 1846 reliquerit,

771 1854 868 1884 modo
880 1854 998 1883 iterum
1011 1852 1183 1892 repetierit.
1198 1851 1349 1883 Obscuri-

771 1901 842 1930 tatis
868 1899 997 1940 quidem
1021 1898 1099 1928 vitio
1122 1898 1188 1928 haec
1209 1896 1348 1928 brevitas

770 1957 838 1977 non
864 1953 967 1983 caret3
985 1954 1001 1974 a
1017 1955 1051 1975 re
1069 1952 1174 1974 tamen
1192 1946 1348 1974 sententia

771 2003 838 2023 non
853 1999 900 2022 est
913 1993 1033 2028 aliena3
1049 1991 1107 2021 etsi
1121 1992 1269 2020 Lucanus
1285 2001 1348 2020 me-

770 2038 832 2069 lius
859 2041 908 2077 V,
937 2046 1002 2078 790
1031 2037 1076 2066 sic
1093 2036 1194 2078 fata,
1230 2037 1348 2068 relictis

771 2085 915 2116 Exsiluit
929 2083 1037 2114 stratis
1051 2094 1174 2114 amens.
1192 2084 1321 2115 Servius
1343 2094 1351 2115 ε

771 2131 907 2168 relictis,
929 2131 968 2161 ab
982 2132 1079 2161 AEnea
1091 2153 1099 2168 ,
1115 2131 1239 2171 inquit;
1258 2131 1347 2171 atqui

771 2187 856 2209 torus
870 2177 1051 2220 conjugalis
1070 2187 1123 2207 eos
1137 2176 1283 2207 nondum
1298 2187 1348 2207 ac-

771 2232 896 2268 ceperat
921 2235 929 2256 :
958 2233 1032 2264 ergo
1064 2222 1261 2255 convivalem
1294 2223 1346 2254 ille
