1402 2460
505 88 567 118 AD
591 92 756 125 LIBRUM
780 98 839 128 111.
1211 109 1276 140 385

71 134 146 164 Tale
164 136 292 178 signnm
312 140 347 170 in
367 140 501 175 donario
519 150 620 188 gentis
637 151 771 184 Valeriae
795 159 955 199 occurrit,
975 164 1062 204 quod
1078 166 1179 199 ductu
1200 169 1275 200 dua-

71 198 144 218 rum
159 200 352 231 gemmarum
367 194 466 237 (quas
482 206 585 232 tamen
595 214 656 244 pro
669 208 813 239 amuletis
823 234 831 248 ‚
846 222 912 243 non
924 225 984 255 pro
997 229 1070 250 vere
1087 222 1206 254 Graecis
1221 225 1276 256 ha-

68 241 143 273 bere
161 245 290 287 malim)
315 250 399 291 apud
421 253 600 288 Montfauc.
626 259 690 292 tab.
707 263 848 304 CXXII,
871 269 888 298 8
901 293 909 306 ‚
935 282 972 311 9,
991 273 1030 304 ad
1050 277 1207 310 Palladem
1223 292 1272 312 re-

67 296 201 328 vocabat
213 299 310 331 Eckel
324 324 332 340 ‚
350 305 508 338 Doctrina
524 321 648 344 numor.
668 321 744 348 tom.
762 320 810 358 V,
834 333 866 362 p.
887 324 963 356 331.
979 328 1046 359 Nec
1067 336 1170 363 tamen
1188 335 1272 365 ultra

63 459 196 491 mireris.
213 463 294 494 sunt
311 477 355 497 eae
372 471 509 512 virgines
528 475 617 507 alatae
630 501 639 515 ‚
654 479 731 510 inde
747 492 763 511 a
786 483 960 518 femoribus
977 491 1012 520 in
1026 492 1173 525 volucres
1188 496 1270 527 desi-

63 520 173 544 nentes
184 527 192 553 ;
203 520 380 562 πτερωταὶ,
394 523 435 556 r&
449 526 537 560 κάτω
553 530 675 575 ὀρνίθων
691 534 829 578 ἔχουσαι,
846 548 883 572 ut
895 544 1000 576 Schol.
1015 549 1176 590 Lycophr.
1188 552 1270 592 6533

57 736 84 757 c.
95 729 180 770 apud
189 733 307 778 Tassie)
317 746 348 769 et
356 744 566 788 sarcophagis.
578 750 704 782 Nobilis
713 762 759 785 est
769 755 918 788 denarius
928 763 1028 800 gentis
1042 764 1197 796 Petroniae
1210 767 1264 809 (V.

56 791 84 812 c.
113 783 265 821 Thesaur.
280 793 397 827 Morel.
424 799 494 830 τεὼ.-
506 803 541 840 Ι,
557 813 571 832 1
587 811 619 834 et
633 805 672 836 al.
691 807 762 839 add.
779 811 949 849 Spanhem.
968 821 1045 846 tom.
1062 819 1077 846 Ι
1089 841 1097 855 ,
1113 830 1145 859 p.
1163 822 1264 863 251).

54 836 205 876 Inprimis
229 847 494 892 numiNeapolis
511 856 735 900 Parthenopen
756 862 920 897 exhibent.
941 868 1031 904 Inter
1055 881 1192 912 gemmas
1217 886 1263 908 est

53 890 169 930 sarda,
189 894 223 925 in
240 907 303 938 qua
322 901 450 947 Ulysses
468 907 613 950 alligatus
633 920 679 943 est
693 915 1016 958 malo,·adstantihus
1036 925 1126 956 trinis
1149 929 1264 961 Sireni—

54 942 115 974 bns
124 968 134 983 ‚
151 947 245 980 Obvia
261 955 346 995 apud
359 959 563 1002 Paciaudnm,
572 967 707 1000 Monim.
719 971 831 1012 Pelop.
852 980 930 1006 tom.
944 977 976 1013 Ι,
988 988 1059 1019 pag.
1082 982 1156 1022 139.
1172 983 1261 1016 Idem

52 1008 276 1041 argumentum
300 1018 347 1046 est
373 1014 563 1058 anaglyphi,
579 1022 665 1062 quod
690 1025 813 1064 primus
839 1018 939 1060 edidit
958 1031 1097 1066 Fabrett.
1120 1036 1259 1073 addend.

50 1053 90 1083 ad
117 1057 270 1092 Tabulam
287 1065 436 1112 Iliacam,
456 1082 528 1114 pag.
547 1083 628 1107 extr.
654 1078 740 1111 Add.
762 1082 890 1114 Musam
913 1086 1031 1118 Sirenis
1054 1089 1109 1120 alis
1136 1103 1257 1133 pennas

49 1109 237 1148 evellentem
253 1130 302 1160 ap.
323 1124 580 1161 Winckehnann.
600 1133 690 1164 DIon.
717 1134 802 1168 ined.
820 1138 883 1169 tab.
903 1140 957 1176 46.

94 1167 234 1205 Tandem
259 1179 499 1221 Stymphalides
520 1187 693 1226 nequidem
717 1190 753 1220 in
776 1201 906 1224 censum
923 1194 1009 1226 hunc
1033 1199 1145 1230 referri
1160 1201 1256 1233 debe-

45 1223 139 1264 bant;
157 1238 231 1261 sunt
245 1233 331 1264 enim
347 1245 421 1266 aves
441 1238 597 1278 palustres
617 1241 721 1285 longis
741 1247 871 1285 rostris,
891 1249 978 1279 nulla
997 1252 1056 1281 alja
1073 1263 1108 1283 re
1127 1257 1252 1287 notabi-

43 1277 113 1310 les:
130 1293 161 1312 v.
177 1286 364 1326 Apollodor.
384 1292 434 1327 Π,
453 1292 488 1330 5,
510 1294 542 1324 6.
567 1297 612 1326 At
633 1299 767 1330 Pansan.
791 1302 890 1340 VIII,
914 1313 954 1334 22
967 1327 976 1342 ‚
996 1314 1155 1348 nugatur,
1173 1311 1252 1342 dum

43 1345 84 1364 ex
98 1336 217 1369 Arabia
239 1351 288 1371 eas
303 1346 441 1376 arcessit.
458 1349 646 1380 Occurrunt
666 1351 729 1382 fflae
750 1354 786 1384 in
806 1355 956 1395 pluribus
971 1361 1157 1403 anaglyphis
1172 1367 1251 1396 Her-

43 1390 142 1429 culis,
159 1399 191 1423 et
210 1395 245 1424 in
270 1407 370 1428 numo
385 1401 623 1434 Perinthiornm
635 1396 795 1438 ‘Gordiani
811 1411 877 1449 111,
891 1413 926 1442 in
947 1415 1109 1451 Nnmism.
1129 1419 1251 1455 Albani
1303 1433 1309 1439 ·

42 1451 118 1477 tom.
130 1449 181 1484 11,
195 1449 259 1482 tab.
277 1461 330 1490 70.
340 1453 425 1494 Add.
436 1456 556 1488 Pictur.
566 1460 738 1497 Hem-ulan.
753 1463 818 1495 vol.
836 1466 901 1496 VII
911 1489 919 1505 ‚
935 1478 968 1508 p.
985 1480 1050 1511 709
1062 1483 1071 1509 ;
1085 1474 1254 1507 Winckel-

41 1510 148 1532 mann.
159 1503 250 1534 Mon.
267 1504 353 1538 ined.
369 1508 434 1539 tab;
449 1510 492 1540 65
503 1522 512 1549 3
523 1511 680 1544 Gravures
691 1516 732 1546 de
745 1519 846 1549 Vases
848 1531 917 1560 par
927 1522 1092 1556 Tc'schbez'n
1103 1550 1112 1565 ‚
1126 1529 1190 1560 vol.
1202 1531 1245 1569 11,

42 1553 104 1585 tab.
128 1557 177 1586 18.

189 2281 239 2317 Π.
1021 2296 1069 2331 33
