1402 2460
508 180 569 212 AD
594 182 759 212 LIBRUM
783 183 808 211 1.
1195 184 1236 214 35
1242 184 1258 214 3

60 238 176 278 Harpae
191 237 284 268 etiam
295 259 304 276 ‚
321 247 393 279 quze
408 249 449 268 ex
464 240 641 279 aquilarum
659 249 772 279 genere
791 246 855 276 est,
876 241 1022 270 Minerva
1038 241 1118 271 coelo
1133 240 1262 272 descen-

61 290 138 320 deus
159 292 358 322 assimulatur
373 291 464 322 Iliad.
480 303 515 329 τ,
536 293 620 328 350,
641 293 717 328 351,
732 299 763 322 et
775 293 945 332 Neptunus
957 294 1137 325 Calchantis
1149 294 1262 325 habitu

60 345 201 376 Achivos
223 346 261 376 ad
257 356 421 423 vpuguam
437 346 626 377 adhortatur
644 346 736 376 Iliad.
747 357 781 382 ν,
805 347 846 375 62
864 358 931 387 sqq.
949 346 1044 383 Αὐτός
1065 346 1094 378 δ’
1112 346 1206 379 ὣστ’
1195 346 1261 392 ιρηξ

61 397 238 442 ὠκύπτερος
252 395 315 442 ‹339-
303 418 421 430 .......
389 400 493 430 “6622
508 407 580 437 etc.‚
591 407 622 430 et
637 400 766 438 subjicit
775 401 878 438 Ajax:
889 402 962 431 'Nou
975 401 1027 431 hic
1040 402 1100 432 fuit
1111 402 1260 434 Calchas:

60 444 148 492 ἴχνια
170 451 232 498 γὰρ
255 465 309 497 μ;.
283 465 366 477 -----
337 455 421 485 ,ἣσθε
443 451 550 484 ποδῶν
567 451 623 487 τὸὲ
640 452 786 496 κνηυάων
810 446 860 484 1ἐῖ
863 453 992 498 ’ἐγαωι
1017 454 1091 486 ἄπισ
1088 454 1161 492 ’ντες
1177 456 1263 499 (levi

58 507 178 538 scilicet
193 516 225 539 et
237 520 389 551 suspenso
404 520 511 552 gressu
527 507 550 550 ).
567 506 734 552 ἀρίγνωτοι
748 505 783 538 δὲ
800 508 861 539 θεςί
875 520 945 552 περ.
969 511 1014 540 At
1033 512 1068 540 111
1090 511 1206 553 Odyss.
1220 521 1241 541 σ.
1252 534 1262 550 ,

61 563 127 592 320
143 563 291 594 Minerva
303 587 311 602 ‚
335 575 408 594 cum
429 563 488 593 sub
510 564 629 593 Mentae
644 574 779 604 persona
801 564 981 594 Telemachi
994 566 1133 596 animum
1145 567 1263 596 erexis-

59 622 124 654 set,
143 613 247 650 ἀπέέη
259 640 267 654 ,
284 609 371 659 ὄρνις
391 613 420 646 δ’
435 616 474 652 ὡς
491 614 632 647 ἀνόπαια.
646 613 818 654 διέτη-ατη
843 625 873 648 et
895 618 1011 659 Odyss.
1026 630 1047 662 γ
1059 642 1067 656 ,
1090 619 1129 657 37
1140 630 1152 648 1
1168 641 1176 656 ,
1196 620 1260 657 372

59 668 168 698 eadem
190 670 276 711 apud
289 671 455 702 Nestorem
470 667 574 703 ἀπέὲτ,
591 668 674 712 Φτῖνῃ
693 666 845 713 εἰδομένη·
871 668 988 714 θοίμέῦς
1014 667 1044 701 δ’
1070 670 1117 702 ἕλε
1141 669 1263 706 πάντας

61 720 193 760 ἰδόντας.
204 726 289 756 Hinc
298 732 329 756 et
341 727 497 756 Mercurii
510 725 634 755 volatus
647 735 742 766 super
754 736 839 755 mare
852 724 889 755 fit
903 726 1044 756 radendo
1055 727 1152 764 111311,
1164 725 1225 757 Od.
1238 736 1262 762 ε,

62 779 115 809 51.
130 781 290 820 Serpentis
302 781 427 821 lapsum
445 791 481 810 ac
497 786 633 810 tractum
649 790 807 820 nusquam
825 790 841 809 a
855 781 958 820 poetis
978 781 1096 811 Graecis
1113 780 1179 811 vidi
1194 780 1264 811 deo<

58 842 131 861 rum
149 833 286 864 incessui
305 834 481 864 assimulari
499 833 593 864 :vide
617 840 723 862 tamen
738 836 852 873 Speuc.
875 833 915 862 ad
936 833 969 863 h.
993 833 1015 863 l.
1040 834 1202 875 SinguJare
1219 841 1265 863 est

58 886 115 917 inf.
144 889 191 919 IX
204 911 212 925 ‚
242 890 280 919 15
291 912 301 926 ,
338 900 375 930 19
388 911 396 926 ‚
420 887 509 930 quod
532 889 591 918 Iris
614 896 690 916 arcu
706 892 737 918 et
755 897 867 919 sereno
887 887 969 918 coelo
982 886 1155 919 discessum
1170 897 1263 918 suum

59 941 237 972 mirabilem
255 943 338 974 facit.

106 996 188 1027 Cum
200 996 252 1027 dei
265 997 403 1028 discessu
417 999 629 1038 conjunctum
643 998 806 1030 interdum
821 998 920 1036 illud,
939 1005 975 1028 ut
988 1004 1103 1039 praeter
1117 1004 1264 1028 naturam

58 1051 138 1080 mira
159 1051 264 1093 aliqua
285 1054 318 1083 vi
341 1052 429 1084 affici
449 1055 564 1084 sentiat
581 1054 679 1084 modo
695 1055 856 1090 animum,
874 1053 970 1083 modo
988 1063 1105 1093 corpus
1116 1075 1125 1091 ,
1142 1053 1168 1082 is
1179 1075 1187 1089 ‚
1207 1053 1266 1093 qui

61 1113 136 1133 cum
149 1104 210 1136 deo
217 1107 253 1136 iu
260 1107 425 1137 mortalem
434 1115 558 1138 mutato
569 1114 684 1149 egerat.
697 1109 748 1138 Sic
760 1117 856 1148 supra
864 1114 1041 1137 memorato
1051 1107 1124 1137 loco
1132 1105 1222 1137 Iliad.
1237 1117 1264 1143 ν,

61 1159 103 1188 62
119 1170 165 1199 sq.
181 1161 387 1201 Neptunum,
398 1163 455 1202 qui
471 1162 652 1193 Calchantis
664 1172 833 1203 personam
846 1161 993 1192 induerat
1003 1185 1012 1200 ‚
1027 1162 1170 1202 agnoscit
1183 1162 1267 1200 Ajax

60 1224 215 1244 manuum
231 1215 412 1256 pedumque
432 1216 562 1246 insolito
589 1217 717 1258 vigore,
740 1217 923 1257 viriumque
940 1216 1134 1253 refectione,
1155 1226 1186 1246 v.
1207 1221 1266 1253 74,

63 1268 125 1306 75,
141 1275 172 1298 et
194 1271 338 1312 tetigerat
363 1282 435 1300 eum
457 1270 535 1300 deus
560 1271 726 1300 discedens
749 1278 875 1310 sceptro
893 1282 963 1302 suo.
980 1273 1126 1301 Imitatus
1141 1270 1204 1301 hoc
1222 1277 1269 1300 est

61 1323 173 1363 Quint.
190 1325 256 1355 Cal.
273 1326 340 1362 XI,
364 1331 484 1360 142—
498 1331 572 1361 144.
591 1325 693 1354 Aliud
709 1325 891 1386 exemplum
905 1325 1001 1354 habes
1015 1325 1106 1355 Iliad.
1118 1335 1154 1363 υ,
1177 1325 1267 1354 81-

65 1387 129 1407 110
146 1378 307 1419 Apollinis
332 1380 463 1408 AEneam
489 1379 709 1409 restituentis:
725 1370 765 1414 Ως
786 1376 879 1408 εἰπὼν
907 1377 1059 1421 ἔμπνευσε
1076 1378 1165 1421 μένος
1182 1378 1268 1424 μέγα

62 1432 186 1476 ποιμένι
201 1436 307 1472 λαῶν;
324 1440 356 1464 et
369 1433 485 1475 Odyss.
502 1444 544 1472 α,
565 1435 628 1463 320
645 1434 793 1464 Minerva
808 1433 974 1463 discedens
997 1434 1185 1464 Telemacho
1202 1445 1270 1464 11011

62 1487 158 1519 1110ᾶο
173 1489 317 1525 incessu,
335 1488 391 1518 sed
406 1495 436 1518 et
453 1499 494 1518 ex
509 1499 547 1518 eo
563 1487 729 1517 manifesta
744 1486 800 1519 fit:
816 1490 859 1530 τῷ
878 1484 907 1517 δ’
923 1485 964 1518 ἐνὶ
984 1489 1068 1531 θυμῷ
1083 1491 1170 1522 Θῆκε
1181 1487 1269 1531 μένος

61 1538 116 1571 καὶ
133 1539 253 1584 θάρσῡς.
268 1544 339 1572 Hoc
353 1541 440 1571 idem
455 1542 578 1572 faciunt
593 1540 756 1571 interdum
767 1541 813 1571 dii
832 1542 926 1572 tacite
941 1550 972 1572 et
985 1543 1126 1581 occulte,
1144 1550 1181 1573 ut
1196 1543 1265 1574 Pal-

65 1596 112 1626 las
124 1596 308 1627 Menelaum
325 1596 418 1626 novis
434 1595 558 1625 viribus
573 1602 694 1626 recreat
711 1595 804 1626 Iliad.
826 1607 861 1639 ρ,
881 1597 959 1636 569.

109 1651 379 1692 Quandoquidem
391 1652 505 1692 inipso
519 1651 656 1680 discessu
669 1650 777 1680 divina
791 1652 909 1691 species
918 1644 1068 1682 humanae
1078 1651 1188 1683 formae
1202 1663 1270 1683 suc-

65 1706 166 1744 cedit,
181 1713 474 1736 commemorantur
495 1715 624 1745 quoque
640 1704 694 1734 illa
705 1727 714 1742 ,
730 1715 803 1744 quae
820 1705 856 1734 iu
874 1706 979 1746 specie
994 1706 1101 1736 divina
1114 1717 1269 1737 memora-

62 1761 139 1791 bilia
162 1767 257 1797 sunt;
271 1769 394 1789 summa
419 1760 482 1788 oris
506 1757 712 1799 pulchritudo
732 1765 786 1788 aut
804 1759 965 1797 majestas,
986 1770 1102 1799 corpus
1123 1759 1268 1790 humano

63 1817 165 1855 majus
192 1822 224 1844 et
247 1814 412 1854 augustius
423 1835 431 1850 ,
455 1823 530 1842 curn
558 1812 800 1853 pulchritudine
828 1812 948 1843 candor
977 1815 1120 1854 corporis
1131 1836 1139 1851 ,
1161 1816 1271 1844 cervix

64 1870 219 1912 pulchra,
235 1878 333 1898 comae
355 1867 534 1908 pronfissae‚
554 1867 661 1907 quales
676 1874 863 1908 perpetuam
881 1867 1015 1898 deorum
1029 1869 1194 1906 juventam
1215 1869 1270 1899 de-

66 1932 135 1963 cet,
154 1930 190 1954 ut
210 1925 244 1954 in
265 1923 394 1960 Cerere,
412 1923 536 1963 Hymn.
556 1932 635 1952 xerS.
658 1932 720 1960 27
709 1943 717 1959 2
733 1944 742 1959 ‚
760 1933 798 1960 27
807 1922 824 1952 8
837 1944 845 1959 ‚
866 1929 896 1952 et
913 1923 948 1952 in
965 1922 1038 1953 loco
1064 1930 1175 1954 nostro
1195 1925 1272 1953 Vir-

97 2040 100 2045 ·
111 2033 207 2074 Quod
216 2033 300 2063 iuter
307 2033 470 2074 praesentis
480 2031 621 2062 numinis
633 2033 721 2072 signa
731 2031 866 2062 refertur
876 2039 984 2074 gratus
993 2032 1086 2070 odor,
1097 2042 1193 2072 quem
1203 2034 1269 2063 sive

67 2094 172 2118 totum
190 2097 307 2128 corpus
321 2088 387 2117 sive
404 2096 494 2116 coma
509 2085 634 2116 exhalat
650 2108 658 2122 ‚
673 2087 721 2115 uti
735 2087 768 2115 iu
782 2087 907 2116 Venere
919 2109 928 2124 ‚
943 2086 975 2116 h.
992 2087 1014 2116 l.
1028 2085 1272 2126 Ambrosiaeque

69 2152 170 2172 comae
185 2141 324 2171 divinum
340 2141 462 2171 vertice
481 2140 610 2171 odorem
627 2140 791 2181 Spiravere
800 2153 813 2177 ;
828 2148 860 2170 et
880 2142 992 2171 Dianae
1010 2152 1068 2171 nec
1086 2142 1122 2171 in
1141 2141 1269 2182 adspec-

68 2203 138 2226 tum
151 2195 338 2236 prodeuntis
351 2196 517 2236 praeseutia
538 2206 578 2225 ex
597 2194 707 2224 divino
725 2193 824 2224 odore
838 2196 1019 2236 agnoscitur
1031 2195 1070 2225 ab
1089 2196 1270 2237 Hippolyto

69 2248 155 2290 apud
170 2250 281 2290 Eurip.
303 2249 435 2290 Hippol.
462 2250 546 2290 1391
563 2258 571 2279 ε
585 2249 620 2279 id
635 2248 763 2290 quidem
779 2249 914 2279 ductum
927 2257 973 2280 est
989 2260 1030 2280 ex
1042 2251 1170 2290 antiqua
1184 2251 1248 2279 vita
1261 2273 1269 2287 ,

70 2306 199 2347 quando
215 2304 309 2345 regiae
324 2303 495 2345 opulentiae
516 2311 593 2344 erat,
610 2305 782 2345 unguentis
798 2304 948 2335 suavibus
961 2305 1141 2336 delibutum
1154 2315 1270 2345 coipus

1073 2367 1139 2405 30*
