1402 2460
598 155 720 186 LIBER
745 156 804 184 lv.

105 223 195 243 cessu
221 222 279 242 suo
308 222 342 242 ac
364 210 498 242 discidio
516 212 624 253 paullo
640 213 676 242 li-

104 260 210 290 berius
234 258 419 289 manifestat.
438 257 521 289 Vide
537 258 575 288 ad
593 270 674 290 νει-5.

107 316 172 345 ²79
196 315 264 346 sqq.
276 327 284 342 ,
311 306 375 345 393
401 314 469 346 sqq.
482 327 491 342 ,
512 305 576 341 448
606 316 674 346 sqq.

104 353 143 382 Et
157 352 224 392 ipse
242 350 393 382 discessus
407 361 472 382 non
484 352 578 381 nimis
591 362 675 382 acce-

103 399 238 434 leratus,
256 408 316 428 nec
337 399 398 427 nisi
422 408 508 428 novo
524 399 678 428 Mercurii

106 444 230 475 monitu
250 444 350 474 factus
368 454 399 474 v,
417 444 434 473 5
441 444 481 479 54
504 454 586 485 sqq„
602 445 678 474 taci-

105 498 169 521 tam
200 489 385 520 reluctantis
416 490 549 520 affectus
584 489 679 520 habet

105 534 377 578 significationem.
418 537 457 566 In
499 547 563 577 quo
603 547 679 566 vero

106 594 260 614 summam
275 589 372 613 artem
385 581 557 613 declaravit
570 590 677 624 poeta,

106 638 167 666 est,
183 629 270 670 quod
289 628 465 670 episodium
480 629 560 665 hoc,
575 640 630 670 per
646 640 678 660 se

107 678 244 708 alienum
260 686 276 705 a
291 687 324 705 re
335 699 343 713 ‚
359 683 395 706 ut
410 676 501 706 multi
517 676 594 706 adeo
607 687 679 706 con-

106 725 209 765 questi
227 729 317 759 sunt,
336 722 417 753 iJJud
431 722 468 752 ad
485 724 624 753 animum
640 723 679 753 ab

108 773 214 801 AEneae
229 780 362 811 persona
375 780 410 800 ac
425 770 521 800 rebus
535 769 679 812 gerendis

108 817 306 848 avocandum
321 817 424 848 valere
434 839 442 854 ,
458 827 530 847 cum
546 816 678 847 consilio

1238 153 1300 188 343

728 223 786 243 suo
805 218 836 242 et
855 222 926 242 cum
945 214 1014 253 ipso
1034 218 1220 254 argumento
1239 218 1301 241 tam

729 266 814 290 arcte
835 259 1084 300 coagmentavit,
1104 265 1141 287 nt
1162 259 1302 288 Junonis

730 306 855 336 fraudes
874 316 908 335 ac
931 305 1060 336 consilia
1088 305 1220 335 actionis
1239 306 1304 344 epi-

729 363 789 389 cae,
807 352 895 393 quod
917 353 1024 390 aiunt,
1038 361 1158 381 novum
1179 350 1303 381 nodum

730 399 845 429 faciant
854 421 862 435 ‚
878 406 975 439 utque
986 421 994 435 ‚
1008 409 1048 428 ne
1064 399 1261 437 interruptus
1274 404 1305 427 et

731 446 864 476 omnino
877 446 1069 485 interceptus
1082 446 1187 474 AEneae
1199 444 1233 473 in
1248 445 1304 473 Ita-

731 492 806 521 liam
828 491 982 521 adventus
998 491 1055 527 sit,
1077 491 1141 529 jam
1165 496 1304 520 metuere

731 539 874 578 incipias,
891 539 972 568 Mox
986 547 1079 575 vero,
1098 536 1224 566 sublato
1237 538 1305 578 qui-

732 585 804 615 dem
820 595 857 614 eo
872 591 973 621 metu,
986 583 1121 614 Didonis
1131 582 1223 620 dirae,
1234 594 1306 624 quae

731 632 873 662 vaticinii
897 631 1033 671 speciem
1063 629 1183 660 habent
1211 640 1306 670 super

732 677 812 708 odiis
825 678 1002 718 perpetuis,
1016 686 1088 717 quae
1100 677 1182 706 inter
1195 678 1307 707 Roma-

732 735 791 755 nos
809 731 840 754 et
864 723 1134 764 Carthaginienses
1156 723 1306 752 interces-

732 781 803 801 sura
820 776 925 807 erant,
948 779 1065 800 novam
1085 776 1117 798 et
1140 769 1304 809 inexspec-

732 824 827 848 tatam
841 817 1027 847 suavitatem
1044 814 1174 846 habent.
