1402 2460
546 38 668 68 LIBER
693 38 750 66 111.

96 102 192 136 Tum
214 111 305 136 vero
321 95 478 146 ancipiti
494 104 659 132 mentem
678 94 880 132 formidine
900 109 1050 146 pressus

47 160 258 210 Obstupui,
279 166 540 212 steteruntque
558 167 695 201 comae,
712 163 750 192 et
765 168 842 192 vox
864 157 1038 196 saucibus
1055 158 1174 197 haesit.

99 224 211 258 Hunc
229 212 460 269 Polydorum
481 217 564 254 auri
580 216 773 266 quondam
791 231 876 268 cum
894 219 1064 269 pondere
1083 233 1221 272 magno

1192 44 1252 82 193

49 282 183 319 Infelix
203 281 373 318 Priamus
390 279 522 316 furtim
541 277 740 315 mandarat
755 278 930 316 alendum
1224 293 1254 317 50

46 343 223 379 Threicio
240 342 340 393 regi,
361 353 479 391 quum
492 340 571 391 jam
588 338 777 376 diffideret
793 341 906 378 armis

48 404 268 450 Dzudaniae,
289 404 466 454 cingique
486 402 622 440 urbem
642 401 842 440 obsidione
859 404 1019 442 videret.

50 467 136 512 Ille,
156 475 197 503 ut
215 479 306 515 opes
323 466 451 502 fractae
467 467 677 510 Teucrum,
695 472 732 501 et
753 464 906 502 fortuna
925 467 1097 513 recessit,

50 530 122 564 Res
142 526 458 577 Agamemnonias
474 525 722 575 victriciaque
739 538 843 562 arma
864 536 1014 565 secutus
1027 557 1037 574 ,

48 590 118 624 Fas
139 599 250 624 omne
270 586 484 636 abrumpit,
501 585 731 634 Polydorum
749 584 970 632 obtruncat,
987 596 1023 624 et
1042 601 1135 625 auro
1226 600 1255 623 55

51 648 96 683 vi
119 648 275 697 potitur.
296 647 398 693 Quid
418 660 494 683 non
516 646 689 683 mortalia
707 655 861 695 pectora
880 648 1001 696 cogis,

48 709 143 745 Auri
159 722 265 745 sacra
283 710 415 745 sames!
433 711 636 756 Postquam
656 718 778 757 pavor
793 719 877 744 ossa
893 708 1047 759 reliquit
1062 739 1074 758 ,

48 769 223 806 Dcl‹·ctos
244 769 375 819 populi
396 768 444 805 ad
461 781 656 817 proceres,
675 767 918 818 primumque
938 780 1134 819 parentem

49 833 221 867 Monstra
238 830 351 866 deum
374 829 516 875 refero,
538 838 592 874 et,
611 841 695 878 quae
713 828 761 865 sit
780 830 964 867 sententia
977 859 987 877 ,
1008 844 1136 882 posco.

50 889 237 927 Omnibus
259 889 357 926 idem
375 889 522 926 animus
538 889 719 925 scelerata
737 888 921 926 excedere
944 900 1064 937 terra,
1225 904 1256 925 fio

50 950 188 1000 Linqui
204 950 392 1000 pollutum
410 949 638 999 hospitium,
660 959 696 987 et
718 949 809 986 dare
829 950 1011 989 classibus
1032 961 1190 990 austros.

50 1014 148 1061 Ergo
168 1012 421 1048 instauramus
443 1010 633 1058 Polydoro
654 1011 785 1055 funus,
809 1019 846 1046 et
862 1011 993 1060 ingens

49 1071 252 1120 Adgeritur
272 1069 418 1106 tumulo
437 1069 564 1114 tellu53
582 1077 680 1106 stant
699 1068 878 1106 Manibus
900 1083 993 1116 arae,

49 1131 225 1167 Caeruleis
249 1138 388 1166 moestae
406 1128 510 1165 vittis
531 1136 688 1178 atraque
707 1141 905 1178 cupresso;

51 1264 146 1291 esset,
166 1266 255 1297 seges
277 1256 411 1285 telorum
429 1253 562 1284 increvit
584 1266 627 1284 ex

49 1302 183 1343 suculis,
205 1302 237 1332 h.
264 1314 291 1333 e.
319 1300 399 1331 telis.
416 1300 541 1342 (Igitur
557 1301 626 1331 telis

53 1351 112 1380 fuit
135 1349 317 1386 confossus;
343 1348 383 1377 cf.
400 1349 525 1378 Auson.
551 1349 625 1388 Epi-

52 1396 137 1437 taph.
152 1397 244 1433 XIX,
256 1395 346 1425 aliter
359 1402 452 1435 atque
465 1393 549 1434 apud
562 1396 626 1425 Eu-

52 1443 185 1484 ripidem
196 1466 204 1478 ,
218 1443 274 1483 qui
285 1452 357 1471 eum
367 1441 451 1471 ferro
461 1443 625 1471 concisum

51 1490 229 1531 narrat).——
238 1494 246 1508 '
257 1500 272 1527 7
280 1512 287 1519 .
298 1490 428 1518 Pressas
429 1487 622 1529 formidine,

51 1544 126 1577 puta
136 1537 275 1578 positum
291 1546 350 1576 pro
366 1535 490 1576 vulgari
503 1545 627 1575 oppres-

54 1593 131 1613 surn-

82 1631 99 1659 5
105 1631 219 1660 &Rem
228 1636 259 1658 et
268 1638 408 1657 caussam
418 1628 629 1669 Agamemno-

26 1672 29 1678 *
51 1678 100 1706 nis
118 1676 276 1716 potiorem
286 1674 399 1703 factam
409 1685 418 1710 3
429 1679 533 1714 partes
548 1675 630 1715 Aga-

51 1722 239 1752 memnonis.
256 1738 302 1743 —-
319 1721 373 1751 55.
385 1722 448 1749 Fas
465 1730 561 1764 ornam·
574 1720 629 1749 ab·

50 1768 168 1809 rumpit
179 1791 186 1804 ,
202 1767 310 1808 paullo
338 1765 487 1796 audacius
505 1766 628 1796 dictum

51 1816 199 1852 videtum
217 1814 323 1844 divina
339 1813 544 1852 humanaque
556 1813 627 1851 jura

50 1862 211 1903 infringit,
238 1860 346 1890 violat.
377 1861 459 1890 Mox
485 1859 526 1888 56
551 1859 632 1899 quid

54 1906 252 1950 non—cogis
280 1916 341 1947 pro
373 1906 420 1935 ad
448 1905 535 1947 quid.
566 1905 628 1936 Sed

52 1956 234 1996 praepositio
265 1953 426 1984 omittitur
453 1962 461 1983 :
490 1952 628 1982 illustrat

53 2002 264 2040 Burmannus.
279 2000 330 2031 Sic
348 1997 378 2029 τί
394 2009 454 2039 pro
466 1997 543 2042 πρός
562 2009 601 2029 τι.

99 2048 121 2078 6
128 2058 140 2078 1
147 2071 156 2080 .
167 2047 402 2088 Linquerepars
411 2045 506 2076 codd.
516 2052 547 2076 et
556 2045 627 2075 edd.

0 2089 2 2141 ἰ
53 2095 208 2125 Affleins.
218 2104 292 2124 eum
299 2094 377 2131 aliis,
387 2093 471 2123 inter
480 2103 561 2134 quos
567 2094 634 2123 Me-

0 2141 29 2163 *v'
53 2139 116 2171 dic.
130 2140 227 2176 Gud„
239 2140 359 2181 linqui,
376 2139 484 2170 eadem
509 2140 557 2176 vi3
579 2139 633 2170 sed

0 2197 2 2228 l

0 2247 2 2274 ἰ

55 2194 147 2227 poeta
153 2193 256 2228 potest
264 2186 366 2217 videri
375 2187 513 2217 voluisse
521 2187 634 2217 oratio-

221 2253 270 2288 ΙΙ.

680 1265 753 1284 nem
776 1255 909 1286 variare.
932 1273 979 1277 —
998 1257 1089 1286 Dare
1108 1257 1260 1289 classibus

680 1308 803 1330 austros
817 1311 886 1331 non
901 1309 948 1332 est
962 1301 1147 1345 hypallage,
1163 1316 1259 1346 quam

679 1348 777 1389 vulgo
790 1348 927 1386 jactant,
944 1355 981 1378 ut
997 1360 1145 1390 perversa
1163 1354 1259 1383 ratio-

680 1404 720 1424 ne
741 1405 791 1424 res
806 1394 995 1433 efferantur3
1011 1396 1066 1426 sed
1076 1420 1085 1435 ‚
1106 1405 1143 1428 ut
1160 1399 1259 1441 vulgo

681 1440 880 1471 navia-‘vento
893 1442 981 1472 tradi
993 1442 1128 1481 dicitur,
1143 1446 1188 1475 sic
1203 1457 1259 1476 ex-

681 1488 846 1530 quisitiore
867 1489 990 1518 ratione
1015 1490 1093 1519 navi
1119 1500 1256 1529 ventus,

682 1540 719 1563 ut
746 1533 815 1564 vela
837 1536 940 1564 ventis
958 1535 1141 1576 pandantur
1159 1545 1191 1568 et
1214 1541 1259 1569 sic

682 1590 794 1620 porro.

730 1627 772 1656 62
790 1638 858 1668 sqq.
872 1629 976 1658 Locus
992 1629 1032 1658 de
1049 1629 1173 1671 inferiis
1186 1633 1261 1662 elas-

682 1673 776 1704 siens.
794 1675 876 1704 Nota
895 1685 1004 1704 rerum
1028 1686 1064 1705 ac
1084 1677 1260 1708 verborum

681 1720 918 1760 proprietatem.
957 1722 1181 1753 Instauramus
1201 1724 1260 1766 fic-

683 1775 741 1794 nus
754 1788 762 1803 ,
783 1765 931 1806 religioso
951 1767 1126 1806 vocabulo,
1143 1781 1204 1810 pro
1219 1771 1260 1802 fa·

682 1812 794 1842 cimus.
809 1813 942 1842 Tumulo
956 1836 964 1850 ,
979 1821 1016 1843 ut
1030 1816 1174 1846 tumulus
1186 1828 1261 1849 vere

683 1857 788 1888 dictus
817 1865 848 1888 et
875 1861 934 1889 rite
957 1867 1086 1900 paratus
1112 1863 1222 1904 isque,
1242 1877 1260 1896 e

681 1915 770 1934 more
781 1906 961 1946 priscorum
969 1905 1138 1938 hominum
1148 1932 1157 1947 ‚
1173 1911 1260 1942 altis-

682 1952 796 1989 simus‚
821 1950 912 1983 fieret
925 1976 934 1992 ‚
963 1964 1030 1984 non
1058 1962 1175 1987 temere
1212 1969 1260 2001 ag-

683 2005 805 2039 gestus,
833 2006 869 2029 ut
897 2010 928 2030 v.
960 2011 1013 2032 22.
1046 2002 1144 2032 Stant
1171 2015 1239 2035 ιιι-ιτ
1250 2029 1259 2043 ,

685 2044 809 2075 doctius
826 2055 919 2086 quam
930 2069 938 2085 ,
953 2057 1004 2077 ara
1018 2050 1179 2081 statuitur.
1193 2051 1260 2082 Cae-

686 2091 784 2122 ruleoe
798 2093 886 2123 vittae
907 2101 984 2124 sunt
1004 2095 1103 2136 nigrae
1118 2107 1150 2127 v.
1170 2099 1258 2129 Serv,

687 2139 796 2169 Burm.
824 2141 946 2171 Moestae
959 2141 1051 2172 vittis
1078 2145 1259 2175 moestitiam

688 2184 899 2224 declarantes,
926 2189 1100 2229 exquisite,
1120 2201 1193 2220 cum
1213 2203 1261 2221 or-

1051 2266 1094 2298 17
