1433 2460
581 123 703 154 LIBER
729 124 770 154 11.
1213 142 1223 161 1
1235 143 1245 161 1
1259 134 1272 160 ¹¹,

72 181 309 232 Praecipitarc
326 180 480 231 jubent,
501 180 728 231 subjectisve
745 194 857 219 urere
879 184 1062 223 flammis:

69 246 145 279 Aut
164 241 356 278 terebrare
372 253 482 278 cavas
504 241 602 277 uteri
623 250 660 277 et
680 249 825 278 tentare
835 243 1020 282 latebras.

71 302 264 339 Scinditur
283 302 467 338 incertum
488 301 613 338 studia
631 300 668 337 in
690 303 881 339 contraria
897 305 1042 354 volgus.

122 363 268 399 Primus
284 362 338 399 ibi
356 370 442 399 ante
459 362 600 407 omnis,
619 375 755 413 magua
772 364 975 402 comitante
992 375 1162 414 caterva,
1239 381 1270 406 40

69 427 246 460 Laocoon
264 423 399 460 ardens
417 436 562 460 summa
579 423 747 460 decurrit
763 424 810 461 ab
829 438 933 472 arce3

69 487 115 521 Et
132 484 265 534 procul
283 496 290 518 :
309 501 324 516 «
344 486 377 520 O
397 483 543 530 miseri,
561 497 644 532 quae
664 493 765 521 tanta
782 485 946 532 insania,
964 487 1089 526 cives?

69 542 229 580 Creditis
248 552 398 580 avectos
414 543 559 579 hostis?
578 552 642 579 aut
663 544 738 581 ulla
755 546 896 594 putatis

68 606 178 640 Dona
193 616 323 640 carere
343 603 438 639 dolis
456 606 652 640 Danaum?
673 604 725 640 sic
752 614 864 641 notus
883 606 1031 644 Ulixes!

68 667 147 701 Aut
163 663 236 700 hoc
256 664 390 700 inclusi
409 663 510 712 ligno
532 664 772 700 occultantur
791 665 948 711 Achivi,
1242 680 1273 707 45

69 726 145 760 Aut
163 724 243 760 haec
262 724 300 758 in
318 731 464 759 nostros
483 722 666 759 fabricata
685 731 740 759 est
755 723 931 760 machina
950 737 1098 771 muros,

68 786 289 833 Inspectum
305 783 455 826 domos,
475 790 713 830 venturaque
730 781 893 831 desuper
914 782 1024 829 urbi;

68 847 145 880 Aut
165 843 299 892 aliquis
316 842 406 878 latet
424 854 550 888 crr0r3
569 855 667 892 equo
684 855 731 878 nc
751 841 913 888 credite,
933 843 1084 880 Teucri.

69 902 265 953 Quidquid
285 902 323 938 id
343 910 416 948 cst,
435 902 548 939 timeo
565 905 716 939 Danaos
733 911 770 939 et
791 901 890 939 dona
908 903 1073 941 ferentis.
1098 924 1112 937 υ

121 962 183 1000 Sic
204 962 319 1007 fatus,
334 961 468 998 validis
489 961 680 1012 ingentem
699 961 846 999 viribus
867 962 1012 1000 hastam
1241 976 1271 1000 50

65 1106 125 1137 gns
143 1095 299 1125 scinditur
320 1095 352 1124 in
382 1095 486 1124 studia
511 1103 638 1125 contra-

67 1143 134 1178 ria,
158 1143 193 1171 in
211 1142 348 1171 diversas
365 1148 484 1181 partes;
514 1142 642 1171 additur

69 1189 108 1218 ad
121 1195 286 1224 ornatum,
301 1187 465 1217 incertum.
483 1188 638 1228 Capysvi-

69 1234 161 1264 detur
183 1245 248 1264 esse
269 1235 294 1263 is
313 1235 367 1274 qui
392 1245 470 1264 mox
486 1235 570 1264 inter
588 1237 641 1264 AE-

68 1291 136 1310 neoe
153 1281 283 1310 comites
302 1279 362 1310 suit
379 1290 386 1310 :
409 1291 479 1320 sup.
498 1283 532 1317 I,
553 1281 614 1310 183
630 1292 638 1317 3

68 1329 119 1362 X,
151 1327 224 1362 145.
244 1343 290 1349 —
317 1328 369 1364 37.
404 1326 523 1356 Jubene
545 1327 641 1357 habet

69 1371 161 1402 codd.
181 1379 212 1402 et
237 1373 513 1412 grammaticorum
532 1380 640 1403 aucto·

68 1420 208 1455 ritatem;
222 1429 288 1448 non
315 1420 421 1448 minus
444 1426 548 1449 tamen
570 1430 639 1460 gra-

71 1467 118 1494 vis
137 1472 183 1495 est
199 1463 279 1494 fides
294 1467 337 1506 τῷ
348 1465 450 1505 jubet.
472 1477 503 1495 v.
528 1467 637 1496 Heius.

68 1513 149 1541 Mox
160 1511 339 1552 legebatur:
349 1511 558 1551 subjectisque
574 1511 638 1552 u.f

117 1564 170 1593 40.
190 1559 238 1587 De
250 1559 428 1587 Laocoonte
444 1568 474 1586 V.
491 1557 548 1587 inf.
570 1567 633 1586 201

69 1614 136 1643 sqq.
165 1603 288 1633 Primus
318 1610 394 1632 ante
414 1613 541 1640 omnes,
564 1604 638 1643 quia

68 1649 228 1688 sequitur,
250 1659 372 1689 magna
392 1648 565 1679 comitante
585 1660 639 1678 ca-

69 1703 171 1729 terva,
194 1704 288 1734 quam
310 1694 434 1724 turbam
454 1695 507 1724 ille
527 1695 639 1725 decur-

70 1747 190 1769 santem
212 1739 328 1769 ardens
345 1739 393 1769 ira
415 1741 639 1771 antevertebat.

71 1786 110 1816 cf.
127 1787 234 1816 Burm.
250 1788 337 1821 Arx,
360 1784 525 1829 Πέργκμος
544 1784 639 1828 ἄκρα.

71 1832 165 1863 Unde
178 1839 364 1872 prospectus
375 1842 484 1861 versus
498 1832 585 1863 litus.
597 1849 641 1855 -—-

71 1880 161 1908 Ante
185 1878 266 1908 alios
287 1878 408 1918 aliquot
427 1878 573 1908 Pieriani.
598 1879 644 1910 At

72 1924 170 1954 Goth.
181 1924 259 1954 alter
271 1934 278 1954 1
287 1924 412 1964 primus
426 1924 639 1965 ibijuvenmn,

71 1970 220 2000 notabilis
231 1971 336 2000 lectio.
360 1972 411 2001 Sic
425 1971 509 2001 enim
525 1970 642 2000 durum

71 2012 171 2053 illud,
185 2017 275 2056 quod
299 2015 342 2058 τῷ
367 2024 444 2046 ante
464 2028 573 2046 omnes
597 2018 642 2047 in-

72 2061 190 2093 haerere
209 2063 394 2100 videbatur,
417 2062 578 2093 sublatum
594 2074 640 2093 es-

74 2114 140 2146 set3
156 2116 187 2138 et
200 2110 298 2149 possit
311 2109 373 2139 hoc
389 2119 430 2139 ex
448 2109 550 2150 glossa
565 2110 641 2139 irre-

72 2155 169 2194 psisse
191 2155 311 2193 videri3
327 2155 526 2197 jungendum
541 2155 618 2186 adeo
632 2166 640 2187 ;

71 2199 220 2240 juvenum
234 2212 355 2243 magna
368 2213 396 2233 c.
409 2209 548 2233 caterva.

123 2247 176 2282 46.
192 2249 236 2278 Ut
252 2249 293 2278 sit
304 2258 364 2289 pro
383 2249 464 2279 turri
481 2250 558 2279 rotis
573 2248 644 2279 suh-

691 1096 782 1134 jectis
805 1105 898 1125 muro
918 1095 1079 1126 admoveri
1104 1097 1214 1135 solita,
1233 1105 1269 1128 ut

693 1141 827 1172 demisso
857 1149 955 1182 ponte
981 1153 1123 1173 escensus
1156 1142 1211 1173 fiat
1233 1145 1269 1173 in

693 1199 831 1218 murum.
849 1206 895 1210 —
916 1194 969 1225 47.
991 1189 1054 1225 Ut,
1075 1190 1130 1229 qui
1153 1190 1270 1220 inclusi

693 1241 785 1271 sunt,
803 1246 843 1264 ex
863 1245 916 1270 ea,
936 1242 1084 1275 tanquam
1107 1246 1147 1264 ex
1167 1236 1268 1273 turri,

694 1281 847 1321 speculari
870 1280 982 1310 urbem
994 1304 1002 1317 ‚
1022 1288 1051 1310 et
1075 1281 1210 1322 desuper
1228 1292 1268 1312 ex

693 1327 803 1356 altiore
828 1327 900 1356 loco
935 1328 968 1356 iu
1003 1338 1110 1357 muros
1143 1327 1268 1358 desilire

692 1374 824 1414 possint.
841 1391 889 1396 --
914 1374 967 1408 48.
984 1375 1083 1403 Error
1105 1384 1164 1414 pro
1186 1374 1268 1404 frau-

693 1419 752 1456 de,
789 1421 956 1460 exquisite.
980 1437 1026 1442 —-
1053 1421 1123 1449 „Vec
1149 1420 1267 1450 credite

691 1466 822 1505 aliquot.
837 1468 955 1496 Donati
965 1468 1150 1496 auctoritate
1163 1477 1180 1496 a
1190 1477 1269 1497 non-

692 1512 788 1540 nullis
797 1512 876 1541 male
890 1512 1116 1553 distinguitur:
1128 1513 1209 1542 latet
1222 1524 1268 1542 ez·-

692 1567 744 1586 ror
760 1567 840 1597 equo
849 1569 861 1593 ,·
879 1568 928 1588 ne.
946 1569 975 1587 τ’.
1002 1559 1110 1588 Heius.
1134 1565 1165 1588 et
1186 1560 1267 1590 Pier.

691 1621 737 1626 —-
757 1609 810 1643 49.
833 1605 874 1634 H.
899 1614 926 1634 e.
949 1603 1051 1634 habeo
1068 1605 1194 1634 Danaos
1217 1616 1269 1635 su·

692 1657 816 1689 spectos
842 1650 936 1679 etiam
968 1660 1042 1679 cum
1075 1650 1160 1680 ultro
1190 1651 1268 1681 offe-

693 1703 770 1725 runt
783 1696 877 1726 dona.
968 1696 971 1698 ’

743 1742 796 1772 50.
822 1742 945 1771 Validis
972 1749 1161 1782 contorquet
1187 1741 1270 1772 ‘vin'-

695 1787 750 1816 bus
765 1798 826 1817 sec.
853 1789 971 1818 Moret.
982 1806 1028 1811 —
1040 1787 1164 1817 Validis
1185 1787 1268 1817 viri-

695 1832 750 1862 bus
769 1844 828 1873 pro
844 1835 975 1874 magnis.
1003 1836 1085 1864 Mox
1107 1834 1268 1863 ornatissi-

696 1889 747 1908 me
770 1881 885 1909 iterum
913 1890 1031 1920 equum
1055 1879 1198 1919 ligneum
1215 1878 1269 1910 de-

697 1925 803 1955 clarat.
832 1927 870 1954 In
895 1925 979 1954 latus
1009 1933 1040 1955 et
1063 1926 1169 1962 alvus,
1195 1936 1267 1966 quae

695 1972 729 2000 iu
752 1982 853 2001 unum
878 1972 1007 2010 juncta,
1025 1981 1092 2002 non
1111 1978 1156 2001 est
1178 1981 1268 2012 argu-

696 2016 835 2048 tandum.
862 2019 882 2048 J
886 2025 1051 2060 unguntur
1065 2028 1081 2047 a
1096 2019 1199 2058 poetis
1212 2028 1268 2058 sy-

695 2073 836 2104 nonyma
864 2065 931 2093 sine
965 2065 1053 2094 o'mni
1083 2063 1266 2093 subtilitate.

695 2110 980 2151 EtiamTryphiod.
995 2111 1035 2141 61
1048 2108 1133 2141 Ποίει
1147 2106 1178 2139 δ’
1189 2108 1270 2152 εὐρυ-

694 2154 788 2190 roim
807 2154 862 2198 μὲν
889 2154 939 2187 ἐπὶ
959 2158 1090 2200 πλευρῆς
1114 2154 1265 2199 ἀραρυῖαν

696 2201 850 2245 Γαστέρα.
879 2202 964 2233 Infra
990 2214 1022 2234 v.
1051 2204 1114 2234 231
1144 2209 1268 2245 tergum

696 2250 838 2289 ponitur.
849 2251 887 2279 In
896 2250 1034 2290 partium
1049 2260 1085 2279 ac
1094 2249 1268 2280 formarum

1047 2312 1111 2349 10*
