1433 2460
94 142 136 170 «μ
597 132 789 163 sext-:mos

93 191 278 224 Fra-‚terea
300 194 508 234 sceptrum,
525 186 643 224 Ilione
664 189 766 238 quod
785 199 947 239 gesserat
965 190 1073 236 olim,

92 251 272 285 Maxuma
290 257 462 284 natarum
482 249 638 294 Priami,
657 250 829 300 colloque
846 251 983 287 monile.

93 310 312 350 Bam-atum,
330 314 366 341 et
382 305 569 356 duplicem
588 309 743 357 gemmis
761 322 931 359 auroque
946 322 1135 346 coronam.
1246 317 1294 341 655

95 370 182 404 lIa‘e
200 366 385 412 celerans,
403 367 475 404 iter
495 367 542 404 ad
561 369 669 407 navis
691 369 868 408 tendebat
885 370 1058 408 Achates.

94 495 233 534 (branca
270 493 404 534 ursina)
435 494 486 524 vel
517 494 669 535 capitulo-

94 552 165 570 rum
187 542 220 570 iu
245 541 402 570 columnis
425 548 540 570 ornatu
568 542 670 572 nobili

93 588 209 624 herba,
228 599 258 617 v.
289 587 327 616 ad
353 587 418 618 Ecl.
448 589 515 625 111,
534 588 575 623 45
588 611 596 625 ,
613 588 670 618 ubi

94 636 128 664 in
144 633 268 675 poculis
287 645 369 664 ansae
386 635 519 665 acantho
534 636 669 664 circum-

93 682 177 719 litae,
195 687 231 710 ut
245 681 329 721 apud
354 682 450 712 ovid.
472 683 551 712 Met.
570 684 648 712 xm
661 705 669 720 ‚

97 738 156 765 701
175 729 303 757 crateris
314 739 359 758 os.
375 728 525 758 Crocenm
541 729 670 768 quidem

94 775 162 813 ejus
178 785 277 815 genus
302 781 366 811 est;
389 785 461 804 nam
480 775 609 815 xnlgare
626 782 672 804 est

94 821 172 851 ssore
185 821 268 851 albo.
287 821 401 851 Saltem
417 832 434 851 a
450 822 568 850 semine
584 822 671 851 luteo

94 869 150 897 vix
169 868 319 908 appellari
330 879 403 898 euin
413 879 556 897 croceum
570 876 649 908 puto
661 880 669 905 3

94 924 285 954 quamquam
304 914 365 944 hoc
386 922 486 944 restes
500 915 577 955 tingi
594 915 670 944 olim

94 967 245 1000 potuere,
271 961 360 1001 quod
377 972 393 991 e
415 961 520 991 Sehol.
539 967 609 990 inst.
628 963 667 992 N.

95 1008 203 1037 Heius.
221 1008 262 1036 ad
273 1008 439 1037 Claudian.
450 1019 481 1047 p.
499 1018 509 1036 1
519 1007 600 1037 801).
613 1018 670 1037 no-

95 1054 183 1084 tavit.
200 1054 390 1094 Calpurnius
399 1054 465 1083 Ecl.
484 1055 540 1091 IV,
559 1054 600 1082 68
619 1065 669 1082 rn-

95 1099 186 1129 tt'lum
215 1099 314 1137 dixit,
346 1101 403 1130 ubi
425 1101 575 1141 Tityrum
598 1111 672 1129 can-

95 1153 215 1175 tantem
231 1146 326 1176 rutilo
342 1147 516 1188 spargebat
529 1145 670 1176 acantho

95 1192 190 1223 Nais.
213 1194 252 1222 Et
273 1194 436 1230 similiter,
453 1200 552 1233 puto,
576 1193 669 1222 Sido—

97 1239 184 1268 nium
215 1240 331 1270 Statius
353 1242 387 1269 in
409 1240 480 1269 Ioco
499 1250 537 1269 ex
558 1247 668 1269 nostro

95 1295 244 1326 expresso
275 1287 341 1321 III,
373 1285 448 1316 Silv.
479 1287 510 1322 Ι,
539 1287 578 1324 37
593 1309 601 1323 ,
626 1287 666 1316 38

95 1332 157 1362 Hic
172 1331 229 1361 ct'bi
243 1330 438 1373 (Hercules)
459 1332 591 1362 Sidonio
610 1333 670 1362 cel-

94 1377 325 1418 sumpulvinar
341 1377 482 1408 acantho
501 1378 551 1419 (h.
571 1390 597 1409 e.
616 1381 669 1409 cui

93 1427 235 1456 intextus
243 1426 283 1454 sit
293 1436 332 1455 ex
344 1436 487 1465 purpura
497 1425 669 1467 acanthus)

97 1471 245 1507 Texitur,
267 1478 300 1501 et
321 1471 422 1513 signis
452 1472 563 1502 crescit
585 1481 670 1502 torus

93 1529 190 1559 asper
208 1519 342 1550 eburnis.
361 1521 472 1550 Vestes
494 1519 580 1560 apud
603 1522 670 1551 Ser-

93 1566 183 1595 vium
204 1575 246 1594 ex
264 1566 394 1596 acantha
424 1567 475 1596 vel
502 1566 668 1603 acanthio,

93 1613 192 1652 spinae
216 1622 347 1652 genere,
368 1614 476 1650 factae,
500 1613 668 1653 bombyci-

95 1659 144 1688 nis
159 1659 297 1701 similes(
310 1671 342 1690 v.
358 1659 428 1690 Plin
440 1661 551 1690 XXIV
563 1682 571 1696 ‚
591 1660 633 1689 66
645 1658 669 1699 )‚

95 1704 204 1735 alienae
217 1711 292 1735 sunt
310 1706 349 1736 ab
362 1705 394 1735 h.
417 1706 438 1736 l.
459 1706 614 1735 Velamen
631 1705 669 1735 de

94 1751 190 1792 peplo
220 1753 399 1793 accipiunt3
417 1753 544 1783 Servius
565 1753 670 1791 cycla-

95 1797 167 1827 dem
181 1797 402 1837 reddit3forte
426 1798 515 1838 quod
538 1799 601 1829 hoc
621 1800 670 1828 in-

95 1850 143 1873 ter
158 1845 293 1875 feminea
313 1846 499 1875 vestimenta
525 1846 671 1886 inprimis

95 1898 141 1920 est
169 1891 303 1922 lautum.
328 1894 403 1923 Non
424 1891 596 1929 satisfacit3
625 1898 672 1921 est

96 1933 284 1979 κρήδεμνον,
315 1939 366 1968 vel
388 1937 575 1981 καλύπτρα,
608 1949 670 1978 qua

97 1990 192 2022 caput
205 1990 236 2013 et
250 1984 348 2014 velari
366 1992 412 2023 et,
426 1986 452 2015 si
465 1985 670 2026 complicare-

96 2034 168 2064 tur,
186 2040 275 2060 coma
296 2032 421 2073 religari
447 2038 582 2072 poterat.
603 2032 670 2061 Ho-

98 2076 217 2105 merico
228 2087 302 2107 vero
320 2089 407 2108 more
421 2089 453 2109 v.
473 2079 539 2108 650
550 2077 669 2107 ——652

98 2123 339 2153 commendatur
359 2125 515 2155 velamen
530 2124 611 2155 illud
628 2123 669 2153 ab

98 2168 233 2206 Helena,
250 2170 286 2198 in
301 2172 391 2209 cujus
412 2172 535 2202 mundo
556 2171 668 2201 fuerat.

99 2213 284 2262 Abstulerat
312 2224 415 2247 autem
448 2228 521 2248 enm
550 2218 671 2248 Helena

98 2259 257 2305 (Αργείήν
286 2254 396 2296 Ἑλένην
424 2264 536 2295 latiore
557 2274 670 2301 sensa,

723 496 779 525 etsi
810 498 1011 536 Spartanam,
1044 498 1105 535 jam
1137 498 1296 526 Homerus

724 542 968 584 appellaverat.)
989 545 1073 574 Paris
1097 544 1210 573 multas
1235 553 1298 573 vcs-

725 595 770 619 tes
784 596 813 618 et
827 597 1030 626 ornamenta,
1049 587 1194 632 κειμήλιοι
1205 612 1213 625 ,
1229 600 1299 630 quae

725 637 791 676 ipsa
816 646 890 665 cum
917 637 1035 666 IIelena
1059 636 1242 677 repetebant
1258 636 1299 665 A-

726 682 821 712 chivi.
840 694 869 712 v.
885 683 975 713 Iliad.
994 694 1035 726 γ,
1055 694 1096 720 70
1116 690 1146 713 et
1164 682 1203 712 al.

773 730 850 759 053.
872 730 1005 767 Πίθων,
1020 737 1055 758 ut
1076 730 1116 758 sit
1144 735 1299 769 sceptrum

726 775 860 810 Iliona’,
878 776 996 805 liabent
1019 776 1150 806 Mentel.
1167 785 1214 816 pr.
1235 774 1300 804 duo

726 822 878 851 Rottend.
896 829 926 851 et
946 822 1032 852 Leid.
1046 845 1054 858 ‚
1071 833 1129 851 nec
1143 822 1182 851 ab
1202 832 1239 851 eo
1258 832 1302 850 re-

724 868 805 907 fugit
816 869 924 898 nefins.
934 870 1104 898 Enimvero
1112 869 1206 897 nimis
1214 868 1300 897 nude

725 922 921 954 ponerentur
938 922 1005 944 tum
1020 915 1090 944 illa:
1105 914 1300 955 quodgesse-

724 967 775 990 rac
795 961 882 991 olim.
901 979 949 984 —
963 961 1069 991 Habes
1087 968 1248 1001 sceptrum
1265 960 1297 991 h.

724 1019 750 1037 e.
763 1006 882 1037 hastam
900 1008 950 1037 vel
965 1009 1138 1048 scipionem
1154 1030 1162 1044 ‚
1178 1008 1300 1048 insigne

724 1054 839 1094 puellae
864 1055 973 1094 regiae,
993 1061 1028 1083 ut
1046 1055 1179 1084 omniuo
1200 1053 1298 1084 homi-

725 1110 803 1129 num
836 1110 950 1140 genere
972 1100 1022 1130 vel
1049 1100 1172 1130 honore
1206 1101 1301 1142 insig—

725 1147 825 1176 nium.
853 1157 882 1176 v.
909 1148 987 1176 Stat.
1021 1146 1122 1177 Theb.
1147 1148 1217 1183 VI,
1245 1147 1297 1177 81.

724 1194 775 1222 Sic
791 1203 839 1233 ap.
854 1194 964 1234 Eurip.
982 1192 1097 1223 Troad.
1119 1194 1181 1223 150
1198 1194 1300 1223 Hecu-

722 1238 762 1268 ba
785 1236 937 1283 Σκήπτρῳ
977 1237 1116 1282 Πριάμον
1155 1236 1301 1282 διερειδο-

722 1284 800 1328 μένα.
821 1286 935 1316 choros
960 1296 992 1315 se
1015 1286 1187 1316 celebrasse
1210 1286 1297 1317 dicit.

722 1332 826 1362 Ilione
845 1344 862 1363 e
883 1333 997 1364 Priami
1014 1333 1142 1363 filiabus
1165 1333 1236 1363 suit.

770 1380 847 1411 655.
885 1380 1042 1410 Coronam
1075 1379 1219 1420 intelligo
1241 1378 1300 1410 du-

723 1426 800 1468 plici
831 1427 976 1463 materia‚
1011 1426 1043 1456 h.
1080 1437 1106 1457 e.
1139 1426 1299 1463 diadema,

724 1484 797 1503 nam
811 1473 850 1503 (le
864 1484 901 1503 eo
916 1474 1034 1514 agitur,
1050 1483 1180 1503 aureum
1191 1494 1200 1511 ‚
1220 1484 1301 1515 gem-

724 1521 783 1549 mis
803 1520 1010 1557 distinctum,
1037 1530 1102 1560 quo
1128 1520 1162 1548 in
1190 1530 1302 1549 monu-

724 1567 837 1596 mentis
848 1589 856 1603 ‚
872 1567 1017 1606 inprimis
1031 1566 1186 1595 Italorum
1197 1588 1205 1604 ,
1219 1576 1301 1606 saepe

724 1613 795 1642 deas
815 1618 940 1642 ornatas
960 1612 1077 1643 videas.
1100 1612 1196 1643 Ovid.
1219 1613 1297 1643 Met.

724 1660 805 1690 XIII
816 1682 825 1696 ,
854 1664 919 1697 704
945 1660 1039 1688 Dant
1047 1666 1197 1698 pateram
1208 1680 1217 1696 ‚
1233 1659 1300 1689 cla-

724 1717 856 1745 ramque
885 1715 962 1734 auro
989 1704 1190 1747 gemmisque
1213 1715 1300 1735 coro-

725 1763 814 1782 nam.
826 1753 938 1792 Neque
951 1752 1041 1782 aliter
1051 1751 1172 1781 dictum
1181 1775 1190 1789 ‚
1204 1762 1299 1792 quam

724 1799 765 1828 ad
778 1799 906 1839 Virgilii
922 1799 1134 1828 imitationem
1152 1797 1164 1839 (
1178 1805 1300 1828 senten-

724 1846 767 1874 tia
784 1852 889 1875 tamen
915 1856 956 1875 ex
983 1847 1125 1876 Homero
1153 1856 1299 1885 expressa

725 1892 815 1922 Iliad.
836 1902 858 1932 χ
872 1914 880 1928 ,
907 1899 973 1930 470
988 1914 996 1929 ‚
1026 1890 1064 1932 1)
1089 1891 1175 1932 apud
1190 1892 1296 1921 Valer.

724 1938 770 1969 Fl.
788 1940 884 1976 VIII,
913 1939 1000 1976 235,
1022 1938 1080 1967 ubi
1103 1940 1214 1967 Venus
1230 1939 1297 1968 Me-

725 1985 815 2015 deam
843 1992 959 2015 ornat:
979 1985 1048 2025 tjosa
1075 1994 1166 2013 suam
1193 1983 1298 2024 dupli-

725 2042 793 2062 cem
819 2029 974 2069 Cytherea
997 2041 1149 2060 coronam
1169 2031 1298 2067 Donat;

724 2088 797 2108 nam
813 2078 880 2117 ipse
901 2078 1031 2107 Flaccus
1055 2088 1120 2107 sese
1143 2078 1299 2118 interpre-

723 2131 794 2154 tans
824 2123 953 2162 subjicit
977 2132 985 2154 ε
1015 2131 1046 2153 et
1069 2134 1198 2153 arsuras
1230 2123 1298 2153 alia

724 2181 794 2201 cum
813 2168 944 2212 virgine
959 2181 1107 2211 gemmas
1117 2182 1130 2207 ;
1144 2177 1175 2200 et
1188 2171 1298 2211 paullo

724 2224 930 2247 antecesserat
957 2217 1067 2247 similis
1082 2217 1205 2248 forma:
1227 2216 1298 2257 ipsa

724 2274 797 2294 suas
814 2263 868 2295 illi
877 2274 987 2294 croceo
1000 2263 1175 2295 subtemine
1193 2270 1299 2294 vestes
