1433 2460
113 97 150 122 ’γι
615 84 808 114 AENEIDOS

114 144 243 181 Infelix
265 156 376 193 puer,
399 150 511 191 atque
532 141 654 192 impar
673 156 896 192 congressus
912 143 1068 180 Achilli!
1261 154 1310 186 ⁴75

112 209 245 242 Fertur
263 203 389 252 equis,
408 216 600 253 curruque
617 202 735 241 haeret
752 204 951 253 resupinus
970 204 1091 250 inani,

110 269 207 302 Lora
230 275 357 301 tenens
377 273 501 301 tamen
526 278 534 300 :
561 264 650 301 huic
671 265 876 314 cervixque
897 278 1090 316 comaeque
1109 265 1312 303 trahuntur

110 328 180 361 Per
198 333 356 370 terrain,
377 332 413 360 et
432 336 541 361 versa
558 325 682 374 pulvis
704 324 924 362 inscribitur
940 325 1057 363 hasta.

111 390 258 423 Interea
277 384 322 421 ad
341 385 521 434 templum
537 399 612 422 non
630 398 747 435 aequae
765 386 924 423 Palladis
943 386 1049 424 ibant

111 444 288 482 (Iriuibus
306 444 441 481 Iliades
459 445 595 494 passis,
612 445 843 493 peplumque
861 446 1033 483 ferebant

1262 455 1311 482 480

111 505 342 555 Suppliciter
363 505 506 550 tristes,
523 512 560 540 et
577 513 696 541 tunsae
713 513 868 554 pectora
888 506 1032 554 palmis.

111 566 206 601 Diva
223 565 302 602 solo
324 565 418 602 fixos
439 564 569 601 oculos
589 577 720 601 aversa
742 563 905 601 tenebat.

108 628 182 661 Ter
201 625 344 662 circuni
364 625 497 662 Iliacos
515 633 731 675 raptaverat
752 627 917 661 Hectora
935 637 1082 669 muros,

109 686 410 735 Exanimumque
430 698 524 722 auro
544 699 683 735 corpus
700 684 889 722 vendebat
905 685 1081 722 Achilles.

107 748 204 782 Tum
220 758 311 781 vero
328 746 515 795 ingentem
533 745 713 794 gemitum
730 744 793 782 dat
809 754 962 794 pectore
983 744 1031 782 ab
1052 745 1127 782 imo
1143 760 1150 781 :
1262 757 1293 783 4⁸

108 919 203 948 alium
213 920 269 959 qui
281 927 364 961 regat
377 930 493 960 equos3
507 930 579 950 nam
590 920 680 950 Troi-

107 965 156 994 lus
180 966 266 995 solus
293 974 323 995 et
351 977 493 1006 pugnare
518 974 547 996 et
574 976 680 1006 regere

107 1022 204 1051 equos
229 1011 350 1043 debuit.
371 1012 536 1043 Notandus
553 1022 680 1053 quoque

1298 755 1311 779 υτ

735 928 780 957 ta,
791 930 877 957 ecce,
891 921 1031 951 occurrit
1045 920 1123 957 hoc,
1144 920 1232 961 quod
1250 928 1309 951 ete.

735 985 779 990 —
790 967 861 995 Nou
881 977 974 1008 (equa
985 990 993 1004 ‚
1018 968 1146 1007 iniqua,
1161 968 1312 1010 [l'rojanis

736 1014 876 1049 infensa,
905 1015 983 1043 irata
1008 1013 1116 1044 Pallas.
1138 1013 1221 1043 Diva
1244 1014 1311 1044 solo

107 1058 196 1087 locus
222 1066 354 1099 propter
378 1067 583 1089 monumenta
609 1060 683 1088 artis
725 1059 820 1102 siros
832 1060 937 1089 oculos
947 1070 1057 1090 aversa
1068 1060 1204 1090 tenebat.
1214 1061 1312 1101 Quip-

107 1105 218 1144 prisca>
229 1127 236 1141 ‚
268 1106 303 1134 in
332 1105 450 1145 quibus
482 1106 576 1135 heros
603 1105 683 1146 bigis

107 1150 206 1180 fertur
226 1151 364 1181 habenas
393 1158 423 1181 et
450 1152 607 1192 elipeum,
633 1151 684 1180 vel

106 1196 245 1227 habenas
255 1204 286 1227 et
299 1198 417 1227 hastam
432 1204 643 1235 tenens—47
652 1198 681 1227 5.

108 1245 213 1273 Potest
231 1255 288 1284 per
310 1244 513 1284 parenthesin
539 1246 681 1285 interpo-

107 1291 185 1319 situs
212 1291 323 1330 accipi.
354 1291 440 1321 Olim
467 1301 516 1331 ap.
535 1292 682 1321 Servium

106 1337 334 1376 interpunxere
369 1348 496 1378 quoque
530 1337 653 1379 Infelix
668 1340 681 1367 Ι

100 1393 184 1421 puer
221 1391 319 1423 atque
359 1383 465 1424 impar
485 1394 682 1425 congressus

107 1428 238 1459 Achilli.
251 1448 296 1452 —
312 1436 388 1468 477.
414 1432 538 1460 Tenens
554 1438 681 1461 tantum

106 1475 263 1507 Montalb.
287 1477 523 1517 Quintilianum
545 1479 629 1514 VII,
648 1489 679 1518 9,

109 1532 124 1558 ’,-
142 1522 263 1552 mireris
289 1522 424 1553 dubium
451 1524 572 1561 facere,
598 1526 680 1555 sitne

107 1575 216 1598 tamen
228 1569 267 1598 ad
282 1576 402 1605 tenens,
416 1581 455 1600 an
469 1570 507 1600 ad
523 1582 609 1612 seqq.
622 1578 679 1601 tra-

105 1614 256 1645 hendum.
278 1617 378 1646 Tenet
391 1618 512 1658 aliquot
530 1628 578 1658 ap.
597 1619 676 1649 I‘ier.

106 1660 196 1692 male.

155 1709 364 1749 479—482.
384 1712 434 1743 Ex
450 1709 540 1741 Iliad.
559 1709 590 1748 ζ,
613 1711 678 1751 269

106 1771 152 1776 --
169 1756 233 1785 312
247 1778 255 1793 ‚
272 1756 328 1786 ubi
340 1779 348 1794 ‚
366 1756 490 1787 Heleno
509 1765 658 1787 monente
669 1781 677 1794 ,

108 1802 226 1832 Hector
245 1803 286 1832 ad
310 1803 423 1833 urbem
449 1814 608 1844 regressus
620 1805 680 1834 He-

108 1848 222 1878 cubam
245 1849 285 1879 ad
303 1851 458 1880 Minervae
475 1850 630 1890 templum
645 1852 679 1881 in

107 1895 248 1934 acropoli
282 1897 491 1934 Trojanarum
525 1904 680 1927 matrona-

107 1941 199 1981 rum(
211 1942 370 1983 Iliadum)
389 1954 539 1984 pompam
553 1943 677 1982 ducere,

107 1985 293 2028 donariique
332 1990 404 2020 loco
448 1990 514 2020 deae
548 1991 680 2031 peplum

108 2034 230 2073 egregie
239 2035 435 2066 elaboratum
443 2047 627 2067 consecrare
632 2038 680 2076 ju-

108 2077 171 2115 bet,
186 2086 221 2108 ut
235 2077 561 2124 Diemedisimpetum
572 2083 626 2113 illa
635 2094 680 2113 re-

108 2125 266 2163 primeret.
282 2129 411 2159 Interea
427 2140 493 2160 non
503 2129 542 2159 ad
552 2136 676 2170 tempus

108 2181 199 2209 posse
219 2174 329 2203 referri
355 2176 388 2204 in
408 2183 515 2216 aperto
534 2183 600 2214 est3
622 2175 676 2206 sed

64 2227 66 2229 >
107 2217 190 2247 inter
199 2225 300 2250 cetera
319 2221 496 2252 tabularum
511 2233 676 2265 argumen-

736 1116 775 1146 pe
786 1107 821 1137 iu
836 1107 961 1147 pictura
974 1117 1140 1146 expressa:
1153 1114 1183 1137 at
1196 1108 1228 1137 in
1242 1117 1310 1137 nar-

737 1153 858 1182 ratione
876 1160 977 1193 poetae
993 1154 1087 1183 Hom.
1106 1153 1128 1183 l.
1146 1163 1174 1184 c.
1192 1165 1223 1184 v,
1243 1155 1281 1185 31
1294 1165 1306 1184 1

737 1200 776 1233 Ως
807 1197 898 1246 {ears
924 1197 1091 1241 εὐχεμένη,
1118 1197 1238 1230 ἀνένευε
1273 1197 1309 1230 δὲ

737 1244 863 1280 Πάλλας
878 1243 988 1278 Ast-riva.
1000 1245 1059 1276 Sed
1070 1247 1193 1289 iuVirg.
1205 1249 1310 1288 utpic-

736 1299 814 1322 turae
825 1291 1092 1323 accommodatior
1104 1315 1112 1329 ,
1127 1294 1169 1323 ita
1183 1296 1309 1325 suavior

735 1340 781 1368 rei
808 1341 912 1380 imago
940 1349 1004 1368 esse
1025 1338 1150 1369 videtur
1160 1362 1169 1378 ,
1197 1350 1310 1371 aversa

735 1385 792 1415 dea
808 1386 884 1416 facie
895 1408 903 1423 ‚
919 1385 1018 1415 oculis
1035 1385 1067 1415 in
1084 1392 1202 1416 terram
1210 1386 1306 1429 fixis,

735 1443 830 1472 quam
845 1434 880 1462 in
895 1434 1036 1462 Homero
1050 1442 1186 1463 renuens
1201 1441 1308 1474 caput.

734 1479 867 1520 Peplum
901 1485 1005 1509 autem
1036 1478 1117 1508 illud
1149 1480 1309 1511 interdum

734 1525 800 1555 deae
813 1528 904 1568 signo
914 1525 1129 1563 inficiebatur,
1143 1537 1203 1567 pro
1219 1528 1310 1557 amie-

733 1578 788 1608 tu,
807 1583 837 1603 v,
859 1584 885 1602 c.
904 1583 954 1613 ap.
980 1572 1116 1602 Statium
1138 1573 1240 1605 Theb.
1257 1575 1307 1610 X,

733 1619 778 1648 65
794 1641 801 1655 ‚
835 1619 888 1650 66.
918 1617 1085 1648 Interdum
1119 1624 1242 1650 tantum
1270 1620 1308 1650 ad

732 1676 835 1706 genua
847 1664 1066 1706 apponebatur
1075 1675 1084 1701 3
1094 1671 1130 1694 ut
1145 1667 1231 1706 apud
1243 1668 1308 1698 Ho-

733 1723 811 1742 mer.
826 1713 848 1743 l.
864 1723 892 1743 c.
910 1719 941 1742 et
956 1712 1000 1741 sic
1014 1710 1148 1741 Athenis
1171 1714 1207 1743 in
1228 1716 1308 1745 Pan-

730 1759 884 1789 athenaeis
909 1759 1084 1794 Minervae3
1111 1758 1152 1789 cf.
1185 1760 1245 1791 inf.
1268 1760 1307 1790 ad

734 1807 822 1839 Cirin
837 1817 866 1837 v.
885 1816 924 1836 21
943 1815 990 1845 sq.
1004 1804 1025 1835 J
1028 1807 1130 1836 unoni
1148 1807 1307 1848 Olympiae

733 1853 822 1884 etsie
844 1863 952 1894 porro.

781 1900 821 1935 48
829 1901 845 1930 3
854 1917 901 1923 —
909 1899 950 1935 48
957 1910 972 1938 7
979 1925 986 1932 .
999 1902 1130 1932 Novum
1139 1909 1305 1940 argumen-

732 1954 800 1978 tum
821 1947 855 1976 in
875 1947 995 1986 pariete
1009 1955 1215 1988 expressum:
1235 1945 1306 1974 red-

732 1993 812 2024 ditio
827 1991 967 2033 corporis
982 1993 1146 2027 Hectorei,
1160 2001 1200 2021 ex
1213 1990 1304 2023 Iliad.

733 2051 769 2070 ω.
796 2041 881 2070 Beue
905 2040 956 2070 vel
973 2039 1011 2069 ad
1030 2041 1104 2070 artis
1124 2039 1279 2069 rationem
1295 2047 1304 2069 t

732 2091 936 2126 raptaverat:
952 2096 1025 2116 nam
1047 2086 1109 2116 hoc
1132 2091 1303 2116 antecesse-

729 2139 795 2169 rat,
813 2138 845 2162 et
867 2141 983 2173 eorpus
1003 2132 1144 2163 lacerum
1161 2137 1191 2161 et
1208 2130 1304 2162 foeda-

729 2185 797 2209 tum
810 2179 980 2209 immanem
995 2190 1064 2210 eam
1077 2177 1304 2210 contumeliam

730 2225 779 2256 ve]
796 2226 831 2256 in
842 2224 896 2255 tali
909 2236 1004 2267 opere
1020 2236 1153 2267 arguere
1166 2231 1302 2268 poterat.
