1433 2460
163 134 223 162 ῐῖι»

663 128 858 158 AENEIDOS

164 188 341 231 Lumina,
359 198 445 222 nam
465 193 612 221 teneras
630 185 809 222 arcebant
827 185 976 222 vincula
999 186 1152 235 palmas.

163 250 248 286 Non
272 247 351 282 tulit
375 245 470 281 lianc
486 245 649 294 speciem
669 245 806 282 furiata
827 254 951 282 mont(-
970 245 1175 291 Coroebus,

168 309 212 344 Et
229 318 307 341 seso
327 305 491 341 medium
511 305 638 354 injecit
657 305 851 355 periturus
872 306 907 343 in
927 319 1071 356 agmon.

168 366 444 415 Consequimur
461 365 606 411 cuncti,
623 374 659 402 et
678 366 801 403 densis
819 367 1048 404 incurrimus·
1070 367 1195 404 armis.

170 428 240 465 llic
258 427 422 476 priunum
439 441 485 463 vx
507 427 582 463 alto
601 426 749 463 delubri
768 428 930 465 culmine
948 429 1030 465 telis

170 491 397 526 Nostrorum
416 487 635 533 obruimur,
653 486 852 536 oriturque
870 489 1081 525 miserrima
1099 487 1238 532 caedvs,

171 552 375 586 Armorum
393 549 486 585 faeie
505 557 541 585 ct
560 547 763 586 Graiarum
783 560 916 584 (errore
929 548 1121 598 jubarum.

170 612 267 646 Tum
283 610 402 646 Danai
431 609 572 659 gemitu
589 618 702 658 atque
721 616 861 659 creptae
880 609 1038 659 virginis
1059 609 1134 653 ira,

173 669 351 719 Undique
368 670 528 706 conlecti
550 667 756 715 invadunt,
775 669 980 706 acerrimus
998 669 1114 718 Ajax,

172 732 219 766 Et
241 730 378 779 gemini
398 729 557 776 Atridae,
578 730 846 779 Dolopumque
864 729 1053 765 exercitus
1073 727 1207 765 omnis.

1323 736 1371 765 Δἧι5

170 789 331 826 Advcrsi
353 798 464 839 rupto
483 803 552 826 ceu
571 789 761 839 quondam
782 789 934 826 turbine
954 789 1057 826 venti

171 851 404 900 Confligunt,
424 850 714 901 Zephyrusque,
732 852 950 900 Notusque,
968 858 1006 886 ct
1025 850 1129 886 laetus
1150 848 1238 886 Eois

173 1009 260 1043 bant,
275 1009 415 1047 antique,
428 1007 646 1044 continebant,
664 1017 750 1036 coer-

174 1055 303 1090 cebant,
323 1048 435 1096 εἷργον.
456 1071 500 1075 —-
513 1054 589 1089 406.
612 1053 749 1082 Lumina

175 1112 251 1130 nam
268 1107 289 1129 t.
301 1111 359 1140 pro
377 1099 500 1139 Virgilii
513 1101 602 1140 opica
615 1100 749 1139 gravita-

174 1154 205 1177 te
227 1146 335 1187 paullo
360 1146 462 1175 lenior
487 1147 645 1186 nimisque
662 1147 749 1187 inge-

173 1194 283 1223 niosus
300 1192 399 1222 videri
412 1199 524 1233 potest.
541 1195 613 1223 Jac.
625 1194 752 1232 Bryant

174 1241 216 1270 V.
242 1239 277 1270 C.
296 1250 369 1269 eum
396 1239 555 1268 sublatum
579 1250 644 1270 esse
665 1240 750 1269 vole-

173 1286 247 1323 bat3
264 1293 431 1315 revocatus
448 1292 551 1315 tamen
566 1297 641 1316 mox
656 1296 690 1315 ea
704 1297 749 1316 ra-

174 1334 260 1363 tione
271 1355 279 1369 ,
311 1332 399 1372 quod
435 1339 546 1362 auctor
572 1334 653 1363 Ciris
675 1343 748 1362 eum

172 1389 299 1409 versum
318 1379 381 1416 jam
403 1378 505 1418 legere
521 1378 650 1416 debuit,
674 1380 748 1419 quia

172 1425 264 1455 illum
280 1435 320 1454 ex
333 1425 470 1465 Virgilio
486 1426 655 1455 transtulit.
671 1427 746 1455 lam

172 1479 194 1502 t.
206 1473 307 1512 Bigot.
328 1471 482 1501 Geminas
495 1473 612 1502 Moret.
628 1483 689 1502 sec.
701 1490 747 1495 -—

174 1525 251 1559 409.
271 1517 387 1547 Densis
403 1518 504 1547 armis
515 1541 522 1555 ,
534 1518 584 1547 vel
600 1520 659 1559 ipsi
674 1518 748 1548 den-

171 1566 212 1594 sis
226 1563 404 1601 ordinibus,
416 1564 514 1593 denso
527 1566 667 1604 agmine;
683 1565 745 1602 vel,

171 1612 323 1641 irruimus
336 1612 369 1640 in
386 1611 527 1641 hostium
544 1610 678 1640 densum
695 1621 746 1652 ag-

172 1668 255 1688 men.
274 1657 314 1687 cf.
336 1669 365 1687 v.
386 1658 463 1687 383.

219 1711 295 1740 410.
317 1704 491 1732 Delubrmn
506 1703 565 1733 int.
577 1703 743 1740 Minervae,

170 1761 210 1780 ex
234 1760 298 1791 quo
324 1749 495 1780 Cassandra
514 1756 579 1778 erat
595 1748 742 1779 abducta.

169 1797 209 1827 ef.
230 1808 261 1827 v.
288 1797 365 1831 425.
389 1798 464 1826 Erat
487 1802 592 1825 autem
613 1795 694 1825 illud
709 1796 743 1825 in

169 1843 311 1884 acropoli
322 1854 330 1880 ς
343 1841 382 1871 ad
392 1843 473 1872 hanc
487 1843 585 1883 igitur
597 1842 662 1880 jam
675 1853 743 1883 per-

168 1896 297 1920 venerat
312 1891 442 1926 AEneas,
463 1888 598 1918 mediam
615 1899 672 1929 per
690 1899 742 1918 ur-

168 1937 241 1967 bem
256 1947 286 1966 v.
298 1936 374 1975 359.
386 1941 479 1971 —41
489 1946 518 1966 2.
530 1934 626 1976 Quod
637 1945 720 1964 arma
732 1957 740 1972 ,

168 1994 238 2023 qnae
253 1982 441 2018 induerant,
461 1982 569 2012 Graeca
589 1988 694 2019 erant,
711 1989 743 2012 et

169 2031 270 2059 c‘ristae
294 2030 423 2059 Graecae.
437 2046 483 2050 —
499 2030 576 2065 413.
593 2027 739 2066 Gemitu,

165 2076 198 2105 h.
229 2086 255 2104 e.
282 2075 408 2111 dolore,
426 2083 523 2116 atque
551 2074 600 2104 ira
624 2082 740 2114 ereptae

166 2121 302 2162 ‘virginis
315 2144 323 2157 ,
358 2129 489 2162 propter
536 2120 740 2152 Cassandram

164 2167 225 2197 sibi
251 2178 268 2196 a
290 2168 427 2197 Coroebo
454 2169 628 2209 ceterisque
650 2177 738 2208 erep-

164 2222 226 2244 tam
238 2237 246 2252 ‚
262 2213 419 2244 invadant
426 2214 582 2255 undique,
599 2213 734 2244 collecti,

162 2262 246 2301 Ajax
264 2267 309 2291 est
333 2259 417 2290 idem
439 2261 510 2298 ille,
535 2262 589 2302 qui
609 2262 735 2292 Cassan-

803 1006 892 1036 dram
916 1005 1113 1042 abduxerat,
1138 1005 1222 1035 Oilei
1244 1005 1267 1036 f.
1293 1006 1374 1036 Mox

799 1052 924 1093 gemini
948 1052 1089 1089 Atridoe,
1106 1048 1204 1082 δισσοὶ
1227 1043 1374 1095 Ᾰτρεῖὸαι

802 1109 852 1138 ap.
877 1100 987 1138 Eurip.
1012 1099 1150 1138 Dolopes
1177 1110 1207 1129 v.
1229 1109 1300 1139 sup.
1324 1100 1375 1135 11,

806 1155 834 1182 7.
847 1163 892 1167 —
908 1145 984 1180 416.
1014 1144 1138 1174 Diversi
1160 1155 1280 1185 magno
1308 1146 1376 1175 Ma-

803 1192 892 1222 crob.
908 1192 955 1220 VI
967 1214 975 1228 ‚
994 1201 1011 1220 2
1023 1214 1031 1228 ‚
1048 1191 1102 1221 sed
1118 1191 1276 1232 vulgatam
1292 1190 1377 1221 idem

803 1238 879 1268 alibi
896 1245 926 1268 et
942 1239 1044 1268 Lutat.
1065 1238 1103 1267 ad
1118 1239 1252 1267 Statium
1267 1248 1378 1279 agnos-

802 1292 892 1315 cunt.
917 1284 981 1314 vid.
1007 1286 1115 1315 Burm.
1141 1285 1283 1314 Adverso
1307 1295 1376 1324 rup-

801 1330 828 1360 ti
839 1332 930 1362 Witt.
945 1331 1115 1371 Quondam
1126 1337 1217 1371 rupto
1231 1342 1287 1361 cen
1301 1331 1378 1361 alter

802 1377 977 1418 Hamburg.

849 1430 1042 1464 [μς-419.
1071 1423 1123 1454 Ad
1147 1424 1278 1454 Homeri
1297 1423 1375 1453 duc-

801 1476 869 1500 tum
894 1470 982 1501 Iliad.
1004 1482 1032 1507 ι,
1052 1476 1137 1508 4-7
1165 1476 1196 1499 et
1217 1471 1314 1500 Ennii
1336 1481 1374 1500 ex

800 1517 916 1547 Annal.
934 1519 1027 1547 XVII
1044 1528 1092 1557 ap.
1109 1516 1254 1547 Macrob.
1266 1519 1329 1553 VI,
1347 1528 1378 1554 2,

799 1563 854 1592 sed
882 1562 985 1592 multo
1013 1564 1155 1592 ornatius
1179 1569 1211 1592 et
1238 1564 1376 1601 variate;

799 1620 896 1649 porro
927 1610 1096 1638 Homerica
1128 1619 1202 1639 cum
1228 1615 1313 1647 arte,
1342 1611 1376 1639 in

800 1655 1092 1695 comparationibus
1108 1656 1137 1684 ei
1155 1655 1308 1694 sollenni,
1332 1657 1377 1686 ef-

799 1702 916 1731 fectum
931 1704 976 1731 rei
989 1702 1125 1731 attexuit
1143 1711 1150 1732 :
1166 1701 1314 1732 Sm'dunc
1325 1703 1374 1733 sil-

798 1759 843 1776 ναι
857 1755 916 1778 etc.
936 1750 1038 1777 Eurus
1054 1747 1144 1777 laetus
1163 1747 1241 1778 Eois
1262 1749 1370 1789 equis,

798 1793 836 1823 ad
850 1801 999 1825 ornatum
1008 1801 1138 1834 spectat.
1155 1793 1259 1835 Equi,
1275 1801 1312 1825 ut
1322 1793 1372 1826 ἴπ-

795 1851 850 1870 ποι
861 1865 870 1879 ,
886 1842 1059 1871 Homerico
1081 1852 1141 1871 usu
1152 1863 1161 1878 ,
1178 1851 1238 1881 pro
1260 1850 1370 1873 curru.

795 1888 878 1929 Bigis
895 1889 978 1918 vecti
997 1889 1095 1917 Venti
1116 1887 1202 1928 apud
1215 1894 1324 1929 poetas
1341 1897 1371 1918 et

794 1935 982 1975 sculptores,
1008 1935 1074 1964 Nec
1097 1933 1229 1976 Ζέφυρον
1260 1931 1371 1964 ἱππεύ-

795 1991 894 2011 σαντα
921 1981 1031 2020 Eurip.
1050 1979 1202 2010 Phoeniss.
1223 1989 1290 2010 220
1306 2003 1314 2018 ,
1338 1989 1369 2011 et

795 2029 917 2057 Eurum
947 2026 1141 2067 equitantem
1170 2026 1294 2056 Siculas
1311 2038 1374 2068 per

793 2074 898 2103 undas
928 2075 1039 2103 Horat.
1065 2074 1112 2102 IV
1127 2074 1231 2104 Carm.
1260 2078 1299 2111 4,
1325 2080 1367 2110 44

792 2119 883 2149 aliter
899 2120 1041 2160 accipere
1068 2118 1246 2157 debebant,
1270 2129 1366 2160 quam

792 2165 831 2196 de
869 2176 968 2196 curru
1001 2167 1145 2197 invectis.
1187 2167 1366 2198 Commune

789 2213 875 2243 enim
902 2212 964 2242 hoc
996 2212 1146 2243 omnibus
1179 2212 1260 2250 diis,
1283 2223 1363 2255 quo·

787 2260 873 2290 niam
903 2260 1009 2300 prisco
1043 2259 1099 2290 illo
1125 2266 1269 2302 tempore
1299 2269 1364 2302 quo
