1402 2460
586 35 707 66 LIBER
732 35 792 64 111.

1228 36 1290 63 203

86 94 177 127 Jura
197 91 405 142 domosque
426 92 564 129 dabam
579 122 589 139 ,
610 92 737 129 subito
754 105 873 142 quum
895 91 1023 130 tabida
1040 91 1237 136 membris,

86 153 278 201 Conrepto
298 152 381 188 coeli
402 160 544 198 tractu,
565 152 854 203 miserandaque
874 148 977 190 venit

86 210 376 261 Arboribusque
398 212 563 262 satisque
579 213 678 259 lues,
696 222 732 250 et
753 214 877 260 letifer
897 227 1027 251 annus.

86 271 324 321 Linquebant
342 272 462 310 dulcis
478 273 638 319 animas,
655 282 720 310 aut
737 287 837 324 aegra
859 274 1061 312 trahebant
1244 285 1290 311 ψ

84 334 265 382 Corpora.
282 335 380 370 Tum
402 333 539 370 sterilis
555 347 716 371 exurere
735 335 856 372 Sirius
873 348 1000 386 agr053

86 392 255 430 Arebant
270 392 417 440 herbae,
434 403 471 431 et
490 395 632 432 victum
652 409 758 446 seges
775 408 874 445 aegra
890 395 1062 446 negabat.

84 454 228 490 Rursus
243 453 291 489 ad
306 454 475 491 oraclum
491 455 661 505 Ortygiae
682 454 943 505 Phoebumque
962 468 1133 493 remenso

83 514 271 550 Hortatur
289 522 396 563 pater
414 514 470 551 ire
487 514 602 559 mari,
619 515 846 564 veniamque
867 515 1014 564 precari
1032 530 1040 550 :

84 575 208 619 Quam
226 574 329 610 fessis
345 574 457 611 finem
476 574 589 611 rebus
611 574 724 621 ferat3
746 574 847 611 unde
866 574 1043 611 laborum
1246 582 1290 611 145

82 635 245 670 Tentare
262 635 446 671 auxilium
463 634 616 685 jubeat3
635 647 712 684 quo
732 644 882 671 vertere
902 648 1047 672 cursus.

136 695 221 729 Nox
237 702 336 739 erat,
354 703 391 731 ct
410 695 520 732 terris
537 694 712 731 animalia
729 707 882 732 somnus
903 693 1080 731 habebat.

85 822 229 859 tuendis,
257 832 410 864 agrosque
436 824 632 865 assignabam
651 836 659 861 ;

81 875 112 897 et
128 868 242 898 dabam
255 870 340 910 jura,
360 870 393 901 h.
416 871 499 912 leges
520 878 551 900 et
571 872 661 901 insti-

83 921 150 944 tuta
161 937 170 952 ‚
196 922 308 956 utpote
338 917 373 946 in
398 904 638 951 novffdvitate
650 941 658 955 ,

81 961 267 993 condebam.
279 965 440 1004 Argutum
454 965 548 994 nimis
563 971 658 1001 esset,

82 1006 121 1036 ad
131 1008 182 1046 jus
195 1008 363 1049 publicum
377 1011 601 1051 privatumque
614 1022 660 1041 re-

84 1054 176 1085 ferre.
195 1055 298 1086 Aliter
310 1056 385 1096 jura
400 1058 414 1086 1
426 1080 434 1093 ‚
455 1058 532 1093 426.

136 1111 147 1130 1
157 1102 327 1139 37—-142,
342 1104 456 1133 Ornati
471 1114 580 1133 versus
591 1126 599 1140 ,
615 1104 660 1133 in-

84 1148 193 1186 primis
207 1159 237 1178 v,
260 1160 271 1178 1
281 1155 321 1184 40
334 1172 342 1185 ,
358 1151 414 1189 qui
428 1157 533 1180 tamen
547 1161 586 1180 ex
600 1152 660 1180 Lu-

85 1195 183 1224 cretio
203 1196 244 1231 V,
262 1196 326 1235 987
352 1203 383 1225 et
396 1198 501 1226 Ennio
519 1196 530 1236 (
547 1208 577 1226 v.
597 1197 658 1227 Co-

84 1239 185 1270 lumn.
203 1241 241 1271 ad
254 1243 322 1280 ejus
338 1242 448 1284 fragm.
462 1254 495 1284 p.
516 1244 556 1273 53
576 1243 588 1284 )
613 1251 661 1273 est

84 1286 299 1318 adumbratus.
318 1290 417 1319 Porro
431 1296 534 1319 totum
552 1290 660 1319 locum

84 1340 155 1363 ante
174 1335 286 1364 oculos
299 1334 413 1365 habuit
427 1337 543 1367 Statius
556 1336 658 1367 Theb.

84 1380 99 1409 1
110 1402 118 1416 ‚
137 1380 202 1411 632
218 1391 286 1422 sqq.
305 1381 401 1411 Venit
413 1382 425 1423 (
435 1382 525 1423 quod
540 1382 605 1412 fere
620 1383 660 1412 de

84 1426 172 1456 malis
193 1428 487 1470 calamitatibusque
507 1430 659 1470 ingruen-

86 1471 170 1502 tibus
190 1473 345 1515 ponitur)
372 1475 519 1505 membris
539 1475 661 1505 arbori-

84 1518 202 1560 busque
217 1521 358 1562 satisque
381 1521 449 1552 lues
472 1521 583 1564 (quod
598 1522 660 1551 ele-

85 1572 194 1606 ganter
205 1590 214 1604 ,
242 1574 278 1597 ut
293 1577 370 1598 mox
390 1579 480 1610 seges
493 1579 598 1609 ιτς-να,
622 1568 661 1597 ab

86 1612 165 1641 aeris
178 1614 357 1651 miasmate,
377 1614 416 1644 ad
431 1615 559 1644 arbores
575 1625 662 1656 sege-

88 1666 195 1698 tesque
221 1666 303 1689 tetro
328 1660 403 1690 solis
426 1669 504 1691 aestu
535 1667 661 1691 exustas

88 1705 255 1747 tractum).
277 1704 427 1746 Corrupto
449 1707 523 1736 coeli
537 1715 658 1743 tractu,

87 1751 165 1780 aeris
187 1751 277 1793 plaga
290 1774 298 1789 ‚
322 1754 470 1794 regione,
501 1760 537 1782 ut
560 1753 636 1783 alibi
654 1762 662 1783 ε

86 1796 118 1826 h.
135 1809 162 1828 e.
181 1809 261 1829 aere.
278 1798 350 1828 Alia
365 1800 539 1829 Burmanni
555 1807 601 1829 est
615 1800 663 1829 in-

88 1846 270 1886 terpretatio
287 1854 294 1875 :
317 1852 354 1875 ut
370 1853 505 1881 tractus,
526 1846 659 1883 ductus,

88 1890 219 1921 haustus
233 1892 312 1922 aeris
326 1893 376 1922 sit.
401 1892 522 1922 Laudat
541 1894 664 1934 egregie

89 1937 128 1967 ad
151 1948 219 1967 rem
234 1939 361 1970 Lucret.
381 1940 448 1976 VI,
473 1940 579 1976 11263
603 1940 665 1969 Lu-

79 1994 160 2020 ¹ean.
183 1986 248 2014 VII
260 2007 269 2021 ‚
293 1990 371 2020 412.
388 1986 492 2015 Docta
507 1992 538 2015 et
555 1992 664 2027 arguta

91 2031 327 2072 interpretati03
348 2031 404 2062 sed
420 2033 560 2073 priorem
578 2032 665 2062 illam

92 2076 251 2118 vulgarem
265 2077 362 2109 offert
380 2089 430 2109 res
449 2086 479 2108 et
493 2080 664 2118 junctura;

95 2122 317 2165 arboribusque
345 2125 485 2166 satisque
507 2125 574 2155 lues
597 2136 664 2156 non

96 2170 182 2199 uenit
201 2169 314 2200 haustu
331 2173 394 2202 aeri
405 2195 414 2210 ‚
437 2171 491 2203 sed
507 2174 585 2202 aen's
598 2183 664 2203 cor-

715 824 841 864 ruptela
852 846 861 861 ‚
878 835 908 855 V.
927 835 955 855 c.
972 835 1013 854 ex
1025 822 1160 854 humido
1176 823 1291 854 calore.

714 889 761 894 —-
779 877 853 907 ¹40·
869 871 990 901 Anima
1004 870 1122 900 dicitur
1135 871 1294 912 relinque-

715 929 749 948 re
765 928 839 953 nos,
859 925 890 948 et
904 929 962 948 nos
980 928 1127 946 ammam
1139 930 1151 953 ;
1168 925 1292 947 utrum-

714 975 775 1004 que
790 971 885 995 recte.
901 976 930 995 v,
947 965 1057 995 Burm.
1075 963 1136 994 Sed
1153 965 1292 1004 exquisi-

716 1012 777 1040 tius
799 1010 878 1048 hoc,
912 1011 1054 1050 adeoque
1074 1011 1207 1051 poeticae
1227 1010 1292 1040 dic-

714 1058 795 1087 tioni
821 1057 1104 1087 adcommodatius.
1142 1057 1292 1088 Canicula

714 1111 818 1134 autem
834 1111 864 1134 et
877 1104 909 1134 h.
924 1105 945 1135 l.
962 1114 1021 1145 pro
1035 1110 1113 1133 aestu
1127 1103 1200 1133 coeli
1211 1127 1219 1141 ‚
1237 1105 1294 1144 qui

715 1161 789 1180 cum
805 1151 873 1190 ejus
889 1158 964 1181 ortu
985 1151 1107 1191 ingruit
1122 1150 1135 1191 <
1145 1149 1184 1181 cf.
1203 1152 1292 1181 SerV.

714 1204 788 1228 etv.
806 1208 877 1238 sup.
896 1197 936 1227 ad
957 1198 1074 1238 Georg.
1097 1198 1154 1233 IV,
1176 1197 1242 1232 425
1257 1196 1270 1237 )
1284 1220 1292 1234 ,

714 1251 745 1274 et
770 1243 822 1273 hic
851 1255 911 1284 pro
948 1243 1135 1284 pestilentiae
1165 1253 1293 1279 canssa;

714 1290 803 1331 quod
823 1291 915 1320 toties
929 1289 1016 1331 apud
1036 1296 1158 1319 veteres
1179 1300 1293 1319 occur-

714 1338 767 1367 rit.
790 1336 875 1367 conf.
899 1337 1054 1378 Apollon.
1072 1337 1123 1373 ΙΙ,
1154 1336 1232 1376 519.
1247 1353 1294 1358 —

719 1390 793 1419 142.
818 1383 988 1413 Ardebant
1009 1390 1071 1413 tres
1090 1383 1200 1413 Burm.
1219 1393 1294 1412 cum

714 1428 825 1471 fragm.
856 1431 961 1460 Vatic.
988 1431 1085 1470 Seges
1118 1429 1188 1469 ipsa
1215 1429 1294 1458 alter

715 1476 834 1512 Goth.,
860 1487 901 1506 ex
921 1477 1012 1517 lapsu
1034 1475 1165 1506 librarii.
1186 1477 1294 1516 Nega-

715 1523 794 1552 bant
813 1522 899 1552 Gud.
923 1530 954 1552 et
976 1522 1110 1553 Mentel.
1127 1532 1144 1551 a
1157 1532 1205 1562 pr.
1229 1532 1271 1551 m.
1284 1544 1292 1558 ‚

716 1568 804 1610 quod
827 1569 973 1610 placebat
996 1569 1140 1599 Heinsio.
1162 1569 1293 1610 Negare

718 1616 828 1657 fragm.
843 1616 945 1646 Vatic.
964 1626 979 1645 a
994 1626 1043 1656 pr.
1062 1625 1106 1645 m.

766 1662 886 1697 143-
900 1667 974 1700 147.
989 1663 1102 1691 Forma
1119 1667 1165 1690 est
1183 1660 1295 1690 similis

715 1707 804 1738 Iliad.
821 1717 841 1737 α
852 1729 861 1744 ,
881 1708 924 1737 62
941 1718 988 1747 sq.
1004 1706 1142 1737 Veniam
1153 1707 1294 1746 precari,

715 1753 840 1794 placare
856 1753 952 1783 deum
963 1776 971 1790 ‚
989 1752 1029 1783 cf.
1047 1753 1085 1782 ad
1105 1754 1120 1782 Ι
1131 1775 1140 1789 ,
1156 1753 1239 1793 519,
1259 1760 1295 1782 ut

717 1800 770 1829 ille
781 1810 854 1830 vere
867 1799 980 1835 edicat,
991 1810 1088 1840 quam
1087 1799 1194 1842 finem
1196 1799 1296 1841 sessis

717 1846 825 1883 rebus,
847 1845 1091 1883 calamitatibus,
1099 1845 1206 1887 serae,
1226 1855 1296 1876 ora-

719 1893 793 1923 culo
807 1899 982 1930 monstret3
1004 1892 1087 1922 unde
1096 1891 1212 1933 jubeat
1226 1899 1295 1922 cen-

720 1946 788 1969 tare
811 1939 971 1969 auxilium
991 1938 1152 1976 laborum,
1169 1949 1230 1979 qua
1254 1949 1295 1969 ex

719 1996 754 2015 re
779 1992 887 2026 petere
913 1985 1089 2016 remedium
1118 1985 1275 2016 malorum
1284 2007 1293 2022 ‚

719 2032 839 2062 scilieet
853 2032 1051 2073 pestilenfiae.

771 2085 888 2117 147—
900 2089 975 2116 ¹71-
995 2079 1075 2109 Viso
1094 2085 1256 2109 nocturno
1278 2089 1295 2108 a

719 2125 889 2156 Penatibus
909 2124 1062 2155 edocetur
1077 2128 1189 2156 AEneas
1200 2147 1208 2161 ‚
1228 2135 1294 2154 nou

719 2173 855 2209 Cretam⁷
870 2171 925 2203 sed
941 2171 1061 2202 Italiam
1077 2172 1147 2202 fatis
1159 2171 1218 2212 ipsi
1230 2182 1295 2201 esse
