1433 2460
140 76 206 105 226

643 83 835 114 AExssmos

136 135 324 183 AEquora,
343 143 379 171 et
399 136 569 173 Ausonio
589 140 708 188 possis
726 141 921 178 considere
941 152 1073 192 portu,

135 194 342 243 Expediam
365 195 491 242 ‹lictis;
510 198 712 246 prohibent
733 215 818 238 nani
839 212 963 239 cett-ra
982 207 1105 240 Parcae

134 255 240 292 Scire
258 256 460 302 Helenum,
482 258 627 308 farique
649 269 749 297 vetat
767 265 943 300 Saturnia
960 268 1071 301 Juno.

1286 274 1333 298 32²0

134 316 325 365 Principio
343 318 508 364 Italiam,
528 332 639 368 quam
663 329 701 357 tu
718 322 795 371 jam
817 336 898 359 rere
916 325 1186 374 propinquam,

132 376 379 426 Vicinosque,
401 379 548 428 ignaro,
566 393 675 429 paras
696 381 874 418 invadere
893 392 1044 432 portus,

131 438 261 487 Longa
280 439 412 487 procul
434 439 554 489 longis
577 440 636 476 via
654 440 789 478 dividit
809 443 910 479 invia
931 445 1053 482 terris.

131 499 228 534 Ante
248 507 285 536 ct
300 500 496 537 Trinacria
512 501 708 539 lentandus
728 515 853 540 remus
869 504 907 540 iu
926 505 1043 551 unda,

128 637 232 667 minus
245 637 379 679 hospita.
395 641 426 671 Si
444 650 536 670 usum
552 640 707 681 loquendi

128 685 215 714 vocis
245 684 339 724 hujus
370 694 454 716 recte
487 695 580 720 teneo
595 711 602 724 ‚
641 699 706 718 esse

128 729 247 760 debent
271 733 368 762 maria
387 735 609 775 navigantibus
632 741 706 769 arni-

127 788 162 807 ca
175 800 182 814 ‚
202 788 274 817 quae
290 780 472 820 navigantes
489 789 573 812 tutos
591 795 625 813 ac
641 788 700 818 sal-

127 835 184 855 vos
211 826 435 857 transmittant.
467 829 640 862 Prohibent
672 841 701 864 te

126 870 205 900 scire
218 877 278 901 etc.
294 872 385 909 Nam,
397 881 432 903 ut
446 876 563 908 Lucan.
578 881 618 915 V,
639 891 649 909 1
659 882 700 918 76

127 919 198 947 Nec
215 924 338 948 tantum
348 920 487 959 prodere
505 925 578 961 vati,
589 927 700 966 Quan-

125 972 192 995 tum
204 965 295 1001 scire,
313 965 397 997 licet.
412 977 442 997 v.
456 967 488 998 h.
506 969 527 1000 l.
543 973 699 1013 Servium,

125 1013 180 1053 qui
196 1011 277 1041 bene
299 1012 387 1042 addit
405 1023 413 1043 ε
430 1015 579 1054 prohibet
593 1028 701 1051 autem

122 1068 204 1088 serre
221 1066 355 1088 mortem
363 1061 469 1100 patris
477 1080 523 1085 —
531 1070 702 1106 tempesta-

123 1113 187 1137 tem
207 1107 249 1136 ab
274 1108 372 1137 AEolo
393 1108 569 1140 immissam
586 1123 596 1141 .·
609 1124 700 1144 amo-

124 1163 192 1183 rem
208 1153 346 1184 Didonis
360 1153 372 1195 (
381 1155 438 1195 qui
450 1166 524 1186 sane
541 1158 597 1189 vix
615 1169 701 1190 com-

123 1199 218 1231 mode
235 1202 404 1231 memorari
426 1204 583 1246 poterat).
602 1206 700 1236 Novi-

124 1258 194 1277 mus
202 1253 312 1277 antem
327 1250 488 1278 Iunonem
507 1249 567 1281 hoe
581 1263 696 1293 agere,

123 1301 176 1330 uc,
195 1293 224 1323 si
229 1294 334 1334 possit
333 1293 432 1337 fieri,
447 1306 580 1337 regnum
592 1299 700 1330 lealioe

123 1339 258 1378 Libycas
273 1347 429 1371 averteret
446 1352 528 1373 oras.
546 1344 699 1384 Inopina-

123 1394 189 1417 cum
207 1398 286 1417 ‘vero
300 1387 441 1418 dolorem
461 1389 559 1420 etiam
574 1392 699 1422 AEneas

122 1433 340 1475 conqueritur,
362 1441 399 1464 ut
422 1435 480 1466 inf.
498 1448 529 1467 v.
552 1448 616 1475 712
642 1449 699 1468 nee

121 1490 217 1512 vates
231 1481 374 1512 Helenus
386 1499 432 1504 -—
445 1483 512 1513 Hos
524 1483 605 1514 mihi
613 1496 699 1525 prce-

122 1528 210 1559 dixit
221 1529 332 1559 luctus.
341 1546 386 1551 —
396 1529 473 1559 380.
488 1531 700 1572 Distinguunt

121 1575 216 1606 oodd.
239 1576 355 1615 partim
367 1573 446 1616 'post
461 1576 548 1606 Scire
558 1599 566 1613 ‚
583 1579 699 1617 partim

121 1628 195 1663 post
204 1622 362 1652 Helenum
367 1633 379 1658 ,·
390 1622 430 1653 cf.
443 1623 523 1654 Pier.
536 1629 567 1653 et
575 1625 697 1662 Burni„

122 1668 177 1699 sed
202 1669 237 1698 in
250 1669 512 1709 interpunctione
523 1693 531 1707 ‚
549 1670 699 1700 codicum

122 1715 229 1752 nulla,
252 1725 323 1746 meo
333 1715 457 1754 judicio
468 1738 476 1752 ‚
500 1723 547 1747 est
563 1718 700 1747 auctori-

121 1768 178 1793 tas.
209 1764 301 1791 Vetec
331 1772 381 1802 pr.
410 1762 526 1793 Hamb.
557 1763 698 1794 Brunck.

123 1810 208 1847 conj.
235 1808 338 1846 Scire,
364 1816 519 1849 vetatque
541 1810 700 1840 Helenum

113 1855 188 1897 sari
205 1857 237 1885 S.
256 1856 287 1884 J.
307 1865 318 1883 .·
337 1855 508 1886 rotundior
529 1857 640 1897 utique
656 1857 700 1886 sic

123 1908 202 1932 esset
217 1911 326 1931 versus
336 1923 344 1938 ‚
363 1901 418 1931 sed
431 1902 584 1944 Virgilius
596 1903 700 1944 gravi-

123 1955 217 1978 tatem
234 1958 444 1978 numerorum
460 1949 598 1989 praefert.
615 1949 702 1979 Alio-

124 1995 179 2035 qui
193 1995 232 2023 ad
246 2005 374 2025 manum
384 2000 464 2024 esset
477 1995 701 2036 Helenumque

123 2040 296 2081 vecaefari
310 2042 344 2070 in
363 2041 413 2070 ed.
431 2043 532 2072 Parm.
550 2043 700 2072 Hemisti-

125 2087 233 2118 chium
246 2086 351 2116 abesse
364 2087 452 2117 malit
466 2089 487 2118 J
489 2098 533 2119 ac.
546 2089 677 2129 Bryant.

174 2133 215 2163 38
224 2133 368 2164 1—383.
382 2135 507 2164 Poterat
521 2137 632 2165 AEneas
641 2141 702 2164 sta-

126 2181 182 2210 tim
204 2181 240 2210 in
261 2179 408 2209 orientali
429 2181 528 2210 Italiae
551 2188 701 2211 extremae

125 2227 218 2257 litore
254 2225 419 2257 considere
437 2249 444 2263 ‚
490 2238 530 2257 ex
567 2227 700 2258 adverso

760 642 857 682 Epiri.
870 643 911 672 At
932 649 1031 673 totum
1045 643 1122 673 illud
1134 644 1209 674 litus
1223 655 1239 675 a
1251 646 1335 677 Grae-

760 699 870 719 corum
890 690 1023 720 coloniis
1042 691 1217 722 tenebatur.
1245 695 1333 724 conf.

759 737 816 766 ins.
842 737 906 776 398
927 748 995 778 sqq.
1015 740 1127 777 Longa
1142 737 1202 767 via
1223 739 1334 771 dividit

756 782 889 812 ltaliam
920 783 952 814 h.
979 796 1005 814 e.
1045 785 1142 814 Italiae
1176 785 1228 814 illa
1260 797 1330 826 pars

755 840 827 869 quse
848 833 952 860 AEneae
968 831 1103 871 petenda
1121 838 1184 867 est,
1210 831 1327 870 divisa,

755 883 874 906 remota
890 884 946 914 est,
961 877 1068 919 longis
1085 878 1184 915 terris,
1201 889 1245 909 sc.
1260 879 1331 909 lon-

755 933 794 963 go
822 923 879 953 illo
908 931 1010 954 tractu
1032 925 1193 954 inferioris
1215 925 1333 963 Italiae;

754 967 842 998 invia
866 970 916 999 vel
935 970 1108 1001 difficulter
1130 972 1329 1002 ementienda

756 1013 824 1054 (sic
840 1017 967 1047 Servius
981 1024 1140 1058 acceperat
1152 1027 1159 1047 τ
1170 1017 1257 1058 signi
1278 1026 1333 1049 cae

754 1069 862 1090 autem
892 1061 1056 1105 difficilem
1087 1063 1273 1100 circuitmn;
1301 1071 1334 1094 et

754 1117 827 1137 sane
851 1111 1025 1149 composita
1042 1109 1225 1148 hujusmodi
1249 1120 1332 1151 saepe

753 1155 799 1182 sic
816 1156 1036 1194 accipiuntur,
1055 1163 1091 1185 ut
1116 1155 1328 1192 insanabilis,

755 1198 948 1236 intentatus,
975 1200 1009 1230 h.
1036 1211 1063 1231 e.
1092 1211 1225 1242 parum,
1243 1201 1330 1232 haud

754 1246 909 1283 multum,
937 1246 1118 1288 tentatus);
1146 1247 1214 1284 vel,
1241 1249 1330 1288 quod

753 1299 880 1333 praestat
890 1315 899 1330 ,
916 1293 1010 1334 plane
1023 1304 1090 1324 non
1103 1295 1212 1334 pervia
1225 1317 1234 1331 ,
1262 1305 1330 1325 non

753 1338 898 1370 adeunda
928 1342 1035 1370 AEueae
1067 1341 1206 1370 terrestri
1237 1341 1330 1372 itine-

751 1397 804 1421 re,
825 1388 851 1416 si
872 1396 939 1417 cam
965 1394 1086 1426 partem
1110 1386 1235 1417 adiisset
1259 1398 1330 1428 quae

753 1433 851 1473 Epiro
879 1435 1024 1474 opposita
1051 1440 1114 1469 est,
1145 1433 1234 1473 quod
1268 1434 1331 1464 fata

754 1479 911 1510 vetabant.
933 1482 1003 1510 Hoc
1026 1486 1180 1520 spectasse
1202 1479 1330 1510 videtur

753 1528 910 1567 Pompon.
925 1526 1032 1557 Sabin.
1047 1525 1134 1555 ιἠνία
1146 1526 1330 1556 volentibus

747 1572 839 1614 satis.
866 1573 1057 1614 Comparant
1084 1572 1138 1602 illa
1165 1573 1256 1603 Iliad.
1288 1583 1327 1610 α,

757 1619 820 1649 156
848 1617 935 1652 ἐπειὴ
961 1618 1051 1663 μάλα
1078 1616 1182 1650 πολλὰ
1210 1617 1329 1662 μεταξὺ

753 1663 856 1708 Οὕρεοί
882 1675 916 1696 τε
949 1664 1092 1696 σκιόεντα
1119 1663 1261 1696 θάλασσά
1294 1676 1328 1697 τε

752 1709 904 1753 izimo-ot.
917 1712 1066 1743 Ceterum
1079 1714 1113 1742 in
1123 1713 1251 1754 Virgilii
1260 1723 1329 1743 ver-

753 1760 802 1789 bis
812 1759 901 1789 lusus
911 1759 1012 1790 inesse
1022 1758 1123 1789 videri
1132 1766 1236 1799 potest
1245 1771 1254 1797 ;
1267 1759 1328 1790 ‘via

754 1805 984 1848 invia—longa
999 1806 1115 1848 longis.
1131 1806 1327 1836 Alliteratio-

753 1854 787 1883 ni
807 1853 884 1884 huic
904 1860 994 1884 vetus
1013 1862 1116 1883 sermo
1132 1863 1199 1883 non
1223 1859 1328 1883 tanto-

752 1910 827 1940 pere
855 1899 1097 1936 adversabatur,
1128 1906 1165 1929 ut
1193 1905 1327 1935 noster;

739 1948 833 1988 =quin
854 1947 889 1977 in
910 1953 1025 1977 ornatu
1045 1945 1099 1975 illa
1122 1944 1299 1975 habebatur
1318 1954 1325 1974 :

753 1993 904 2023 amabam
923 1999 1086 2023 amantem
1105 2002 1116 2020 .·
1141 1990 1253 2032 φιλέων
1280 2001 1327 2033 φι-

753 2038 861 2076 λέοντ’,
877 2037 965 2083 ἅγων
982 2035 1103 2082 ἄγονται
1118 2039 1152 2068 in
1167 2039 1236 2078 ipso
1250 2038 1327 2079 lyri-

757 2097 794 2116 co
809 2086 947 2116 carmine
962 2092 1009 2114 est
1022 2084 1113 2115 Pind.
1126 2087 1160 2115 P.
1177 2095 1227 2123 10,
1247 2085 1322 2116 103.

803 2132 880 2168 384.
902 2131 1060 2162 Trenacia
1075 2131 1158 2163 Wal.
1183 2142 1199 2161 a
1218 2143 1260 2162 m.
1276 2142 1327 2172 pr.

754 2185 786 2208 et
804 2189 821 2208 a
836 2189 879 2209 m.
906 2189 967 2209 sec.
998 2177 1148 2208 Trinacia
1156 2189 1170 2214 ;
1194 2185 1226 2208 et
1251 2183 1327 2208 sunt

753 2235 827 2256 sane
850 2226 1127 2267 grammaticorum
1149 2225 1277 2267 argutiae
1292 2224 1326 2254 in
