1402 2460
543 102 666 133 LIBER
691 102 750 131 IV.

1187 103 1249 132 281

50 159 246 197 Incedunt.
268 161 354 209 Ipse
374 166 459 195 ante
480 158 572 195 alios
591 157 868 208 pulcherrimus
889 159 1009 196 omnis

52 221 170 258 Infert
189 232 229 257 se
248 220 391 256 socium
409 221 544 256 AEncas
557 248 566 265 ,
587 227 701 268 atque
722 219 869 268 agmina
885 220 1020 270 jungit.

55 281 204 328 Qualis,
225 279 292 316 ubi
312 279 511 316 hibernam
531 280 685 328 Lyciam
706 279 928 329 Xanthique
948 281 1089 317 fluenta

53 340 221 386 Deserit,
240 353 282 376 ac
298 340 435 376 Delum
455 348 662 376 maternam
682 339 810 376 invisit
829 341 986 389 Apollo,

54 404 320 450 Instauratque
339 400 495 446 choros,
514 400 698 449 mixtique
719 399 851 436 altaria
871 401 1013 438 circum
1209 410 1255 438 145

54 463 260 511 Cretesque
278 463 529 510 Dryopesque
550 461 734 506 fremunt,
752 461 921 510 pictique
940 461 1162 511 Agathyrsi3

56 524 140 571 Ipse
156 522 256 572 jugis
276 522 414 571 Cynthi
434 521 620 572 graditur,
643 521 821 571 mollique
841 522 1020 558 fluentem

56 583 205 620 Fronde
224 582 362 632 premit
381 583 524 620 crinem
543 583 702 632 fingens,
720 590 833 632 atque
852 582 1020 632 implicat
1038 596 1149 630 auro3

108 764 167 794 141
183 779 191 794 ,
213 763 288 793 142.
303 753 552 794 Pulcher-rimus,
570 755 631 787 Ve-

57 805 142 834 neris
164 814 295 834 munere
310 811 406 844 puta,
426 804 482 834 lib.
506 805 539 839 I,
564 804 629 842 589

57 860 125 890 sqq.
158 850 304 890 Agmina
321 849 430 891 jungit
441 872 449 886 ‚
476 850 631 887 Trojano-

58 906 130 926 rum
146 906 219 925 cum
233 896 338 937 Tyriis
349 918 357 932 ‚
383 897 427 925 ait
442 896 550 925 Burin.
565 896 630 925 Sci-

57 942 132 972 licet
149 942 321 972 dicendum
343 948 408 979 est,
431 952 496 971 esse
520 942 632 982 exqui-

57 989 196 1019 sitiorem
210 995 312 1030 poetae
327 988 460 1018 formam
471 1011 479 1025 ,
490 987 630 1030 jungere

57 1045 174 1076 agmen
188 1036 239 1065 vel
246 1035 391 1076 agmina,
405 1046 463 1076 pro
480 1034 632 1075 adjunge-

59 1092 93 1111 re
111 1092 144 1111 se
168 1092 241 1111 cum
261 1082 385 1123 agmine
402 1092 472 1112 suo.
489 1081 545 1111 inf.
563 1083 630 1120 XI,

67 1129 130 1164 145
155 1128 273 1157 Contra
291 1128 381 1157 turba
397 1128 559 1168 Phrygum
576 1138 634 1156 ve-

63 1174 155 1204 niens
158 1174 355 1216 plangentia
368 1174 510 1215 jungunt
521 1174 635 1215 Agmi-

63 1231 124 1256 na,
152 1221 339 1262 adjungunt.
366 1222 566 1261 Comparatio
581 1231 635 1251 au-

63 1274 126 1297 tem
145 1268 187 1297 ita
209 1266 268 1297 fit:
287 1267 352 1307 ipse
377 1266 474 1308 infi’rc
495 1278 528 1297 se
548 1268 633 1304 talis,

62 1313 168 1354 qualis
184 1312 281 1355 insere
295 1324 328 1343 se
342 1313 460 1354 Apollo
475 1325 541 1351 —3
563 1316 635 1354 Ipse

60 1359 211 1402 graditur
219 1378 266 1383 —-
278 1360 378 1390 Haud
388 1360 494 1391 aliter.

113 1408 175 1443 143
192 1424 239 1430 —-—
255 1413 330 1447 149.
352 1409 453 1437 Locus
479 1407 636 1447 exquisita

63 1452 208 1483 doctrina
223 1454 384 1494 expolitus
398 1463 406 1484 :
422 1456 534 1483 AEneas
549 1464 634 1484 com-

62 1506 191 1540 paratur
206 1511 278 1530 cum
294 1500 445 1540 Apolline
456 1522 464 1536 ‚
489 1500 568 1529 festo
585 1500 636 1530 die

63 1545 241 1586 prodeunte
254 1546 294 1576 ad
312 1546 426 1576 choros
446 1546 610 1577 ducendos
627 1556 635 1577 ε

64 1602 115 1629 re,
137 1592 178 1622 ad
195 1600 358 1629 veterum,
383 1594 529 1633 inprimis
551 1593 637 1622 Grae-

64 1648 187 1676 corum,
200 1650 327 1670 sensum
342 1641 486 1670 omnium
501 1640 638 1669 maxime

65 1692 215 1726 augusta;
243 1693 280 1715 ut
304 1696 374 1726 sup.
398 1687 413 1715 1
424 1708 432 1722 ‚
463 1685 527 1725 498
552 1685 638 1715 Dido

66 1731 308 1772 comparabatur
332 1742 405 1761 cum
433 1732 543 1761 Diana.
563 1732 638 1761 Hie-

66 1788 116 1808 me
131 1779 249 1808 Pataris
264 1779 369 1819 Lyciae
384 1785 493 1808 exacta
504 1800 512 1814 ‚
533 1788 640 1808 narra-

67 1831 119 1854 tur
131 1824 210 1855 deus
222 1824 307 1854 adire
319 1824 447 1861 Delum,
458 1835 557 1854 verno
566 1831 642 1854 tem-

66 1881 164 1911 pore,
195 1871 346 1901 festorum
374 1871 567 1901 sollennium
590 1871 641 1900 die

67 1918 213 1949 instante.
246 1919 464 1948 Instituuntur
491 1917 581 1947 chori
607 1918 641 1947 in

69 1962 119 1993 dei
135 1963 290 1994 honorem
306 1976 314 2002 ;
332 1964 386 1994 sed
400 1965 564 2004 augustius
575 1970 639 2001 est,

68 2009 156 2050 quod
171 2012 238 2051 ipse
254 2011 330 2041 deus
350 2011 465 2040 choros
480 2017 578 2051 parat.
594 2028 640 2033 -

74 2061 149 2092 144.
178 2057 284 2087 Delon
308 2058 380 2093 alii,
408 2057 461 2087 sed
488 2057 642 2098 Virgilius

71 2103 306 2134 enuntiationes
316 2104 428 2134 latinas
440 2104 475 2133 in
488 2103 537 2133 his
551 2110 642 2141 amat,

71 2154 109 2178 ut
134 2151 245 2182 Heius.
274 2150 395 2181 docuit.
420 2168 465 2173 —
490 2150 565 2186 145.
590 2151 643 2180 In-

72 2202 280 2237 staurantque
303 2197 387 2228 Leid.
414 2207 470 2228 un.
491 2206 499 2227 z
523 2198 566 2227 ita
595 2207 644 2227 res

75 2242 295 2274 transferretur
321 2242 361 2273 ad
392 2243 496 2274 Cretes
526 2251 558 2274 et
586 2245 643 2274 Dr.

686 751 906 796 Instruxitque
921 756 1049 797 Hugen.
1066 774 1112 780 -—
1131 757 1261 788 Inscau-'

684 813 756 831 rare
773 813 846 831 cum
865 802 1004 839 dilectu;
1022 810 1067 833 est
1085 805 1169 833 enim
1186 816 1257 834 voc.

684 848 866 889 religiosum
894 855 925 878 et
953 859 1088 880 sacrum.
1121 851 1261 880 Ducitur

686 894 803 924 chorus
820 894 859 923 ab
874 895 912 924 iis
924 917 932 931 ,
959 896 1015 934 qui
1036 896 1086 925 vel
1102 906 1187 926 saera
1205 907 1261 926 cu-

685 947 776 977 rant,
799 941 851 969 vel
872 940 1001 982 frugum
1026 943 1181 982 primitias
1197 944 1261 973 De-

684 986 752 1016 lum
769 994 959 1027 apportant:
979 994 1054 1017 sunt
1079 988 1261 1027 Cretenses,

685 1034 833 1073 Dryopes
846 1040 877 1063 et
892 1033 1064 1075 Agathyrsi
1073 1044 1128 1064 seu
1139 1036 1263 1076 Hyper-

686 1079 794 1116 borei;
811 1078 989 1121 iifiemunc
1002 1081 1085 1110 circa
1095 1091 1191 1118 aram,
1208 1083 1264 1111 sal-

687 1132 753 1155 tant
773 1136 808 1155 ae
823 1133 962 1156 cantant.
981 1126 1066 1156 Picti
1085 1127 1265 1168 Agathyrsi

689 1178 725 1201 ut
751 1172 834 1212 picti
860 1172 980 1202 Geloni
1009 1173 1068 1204 Ge.
1092 1175 1124 1203 11
1135 1197 1144 1211 ,
1179 1185 1190 1204 1
1202 1181 1240 1211 14
1252 1199 1261 1212 ‚

688 1218 745 1248 ubi
774 1218 812 1248 de
840 1219 1040 1259 stigmatibus
1079 1228 1265 1261 acceperant

688 1266 816 1296 Servius
839 1272 870 1295 et
895 1266 1089 1296 Claudianus
1121 1268 1155 1297 in
1178 1267 1265 1299 Rufi-

689 1322 732 1341 no
750 1313 784 1347 I,
820 1313 895 1347 314.
921 1313 966 1341 At
984 1312 1069 1342 Mela
1087 1314 1135 1350 11,
1167 1324 1204 1351 1,
1224 1324 1263 1351 2,

690 1358 732 1388 86
745 1367 753 1388 τ
773 1357 953 1400 Agathyrsi
963 1368 1019 1388 ora
1027 1367 1175 1401 arcusque
1185 1360 1263 1400 pin-

685 1411 788 1446 gunt;
815 1413 850 1435 uc
863 1404 982 1446 quique
1001 1405 1174 1446 majoribus
1180 1418 1266 1447 prce-

689 1458 794 1487 stunt,
815 1451 860 1481 ita
877 1452 982 1494 magis
999 1452 1058 1483 vel
1073 1452 1178 1483 minus
1191 1463 1202 1482 .-
1218 1464 1266 1483 ce-

689 1505 790 1527 terum
809 1497 921 1528 iisdem
938 1510 1050 1529 omnes
1064 1500 1158 1537 notis,
1178 1499 1266 1529 etsie

691 1551 726 1574 uc
754 1544 842 1576 ablui
870 1554 1044 1586 nequeant.
1076 1548 1144 1577 Nec
1176 1546 1266 1576 aliter

690 1601 786 1630 quam
801 1593 930 1631 proprie
951 1594 1054 1632 pictos
1077 1604 1118 1622 ex
1136 1604 1174 1623 eo
1194 1593 1269 1623 loco

691 1647 744 1667 eos
768 1638 912 1679 produnt
935 1639 1034 1670 Solin.
1059 1645 1089 1668 et
1104 1639 1266 1669 Ammian.

693 1683 732 1714 cf.
750 1685 875 1716 Sahnas.
891 1683 929 1713 ad
942 1685 1040 1715 Solin.
1057 1696 1088 1725 p.
1109 1687 1185 1716 133.
1203 1685 1269 1714 Ad-

693 1732 824 1760 veniens
845 1730 924 1759 deus
941 1731 1106 1760 descendit
1123 1731 1163 1761 de
1182 1732 1266 1772 Cyn-

695 1776 769 1814 tho,
792 1779 847 1817 qui
868 1777 987 1817 templo
1001 1778 1162 1813 imminet,
1186 1777 1269 1808 redi-

694 1824 789 1853 mitus
799 1823 906 1853 laurea
920 1824 1008 1853 vittae
1021 1834 1123 1854 aureae
1138 1825 1268 1862 innexa,

694 1877 724 1900 et
732 1870 879 1910 pharetra
892 1881 932 1900 ex
944 1870 1086 1899 humeris
1097 1870 1270 1911 pendente.

694 1916 754 1948 Sed
769 1917 870 1954 majus
881 1916 1064 1957 phantasma
1075 1939 1084 1954 ‚
1101 1916 1190 1957 quod
1204 1917 1270 1946 tela

694 1970 814 1992 sonant
824 1973 866 1992 ex
880 1962 1034 1999 humeris,
1050 1963 1110 1993 deo
1124 1962 1269 1993 inceden—

694 2016 741 2046 te,
770 2009 921 2050 quodque
948 2011 1068 2039 crinem
1082 2009 1265 2052 fluentem,

695 2056 846 2093 effusum,
861 2055 962 2096 qualis
974 2055 1135 2097 Apollinis
1147 2063 1193 2087 est
1202 2078 1210 2093 ‚
1225 2057 1269 2098 ip-

695 2113 727 2133 se
740 2101 861 2143 premit
865 2102 999 2145 fingens
1022 2102 1135 2133 fronde
1158 2110 1190 2133 et
1211 2114 1269 2132 αιι-

696 2160 731 2179 νο
747 2149 908 2190 implicat,
933 2150 1011 2179 vitta
1026 2159 1118 2179 aurea
1129 2173 1138 2187 ‚
1164 2149 1270 2179 diade-

697 2203 790 2226 mate.
803 2213 850 2219 -—-
867 2196 942 2232 148.
966 2197 1083 2226 Fronte
1103 2195 1222 2227 Medic.
1239 2203 1271 2226 et

697 2245 823 2286 Menag.
845 2254 894 2284 pr.
911 2243 1059 2274 fluentes
1079 2242 1182 2273 crines
1198 2245 1270 2274 Par-

1013 2306 1082 2350 24*
