1433 2460
126 25 135 55 Ι

138 105 202 123 ”)1υ

637 89 830 119 AENEHms

136 148 347 193 proluvies,
369 157 550 194 uucaeque
570 157 720 192 manus,
740 155 775 182 ct
797 144 933 195 pallida
951 157 1098 193 semswr

138 214 215 248 Ora
238 210 344 244 same.

188 271 270 305 Huc
292 266 355 302 ubi
377 265 490 302 delati
510 274 642 315 portus
663 264 905 310 intravimus,
926 276 1012 300 ecce

143 332 243 365 Laeta
262 326 378 363 boum
398 325 536 375 passim
555 325 697 373 campis
717 332 886 359 armenta
907 323 1097 368 videmus,

1292 337 1342 353 ²20

142 387 470 436 Caprigcnumque
490 397 623 434 pecus,
644 382 747 418 nullo
765 381 940 427 custode,
960 395 1028 431 per
1048 381 1195 418 herbas.

143 447 335 484 Inruimus
356 447 474 490 serm,
495 453 531 480 et
547 443 656 479 divos
672 442 872 492 ipsumque
892 454 1072 478 vocamus

146 512 188 545 Iu
208 516 353 557 partem
372 504 616 555 praedamque
636 507 781 540 Jovem.
801 504 898 538 Tum
916 502 1026 539 litore
1046 516 1163 539 curvo

149 565 463 612 Exstruiniusque
481 571 602 608 toros,
624 561 863 611 dapibusque
883 561 1081 610 epulamur
1101 562 1247 611 opimis.

148 627 198 661 At
217 623 351 661 subitae
369 622 550 659 horrifico
570 622 677 671 lapsu
698 621 744 657 de
765 619 956 658 montibus
977 620 1111 657 adsunt

151 684 348 734 Hamyiae,
368 691 405 720 et
424 682 568 732 magnis
587 682 763 732 quatiunt
781 680 1023 731 clangoribus
1044 681 1136 726 alas,

152 743 423 792 Diripiuntque
443 743 575 792 dapes,
596 751 848 791 contactuque
869 741 995 778 omnia
1016 740 1155 778 foedant

154 802 375 847 1mmundo;
396 811 475 838 tum
496 813 571 838 vox
593 810 731 838 tetrum
751 801 833 837 dira
850 801 948 837 inter
967 800 1135 836 odorem.

155 863 321 897 Rursum
342 860 379 896 in
399 873 547 897 secessu
567 861 678 909 longo
695 859 766 896 sul)
786 872 880 908 rupe
900 867 1051 904 cavata,

158 919 372 957 Arboribus
392 920 508 956 clausi
526 920 670 956 circum
690 929 802 969 atque
822 918 1067 956 horrentibus
1088 918 1254 966 umbris,

1312 927 1358 951 230

159 980 384 1018 Instruiinus
403 992 566 1026 mensas,
583 979 733 1029 arisque
754 979 970 1028 reponimus
990 978 1124 1028 ignem.

164 1141 258 1171 dibus
273 1140 380 1171 effusis
395 1150 402 1171 :
422 1151 513 1171 uncte
529 1150 644 1170 manus
655 1163 663 1178 ,
679 1151 738 1171 un-

165 1198 242 1229 gues
253 1210 262 1225 ‚
295 1194 330 1217 ut
355 1188 497 1224 Servius;
530 1184 740 1231 γαμψώνυχες

167 1235 253 1264 enim
282 1234 434 1274 Harpyiae
461 1244 469 1264 ;
489 1234 547 1264 inf.
564 1234 628 1264 233
650 1234 742 1275 pedi-

168 1280 221 1309 bus
235 1279 332 1309 uncis.

216 1337 281 1367 219
314 1336 361 1366 sq.
397 1325 519 1356 Habuit
547 1332 640 1366 poeta
672 1333 743 1356 ante

169 1372 280 1402 oculos
295 1371 472 1411 episodjum
485 1371 600 1412 Odyss.
614 1383 638 1414 μ
649 1396 658 1410 ,
677 1374 741 1402 262

170 1429 238 1458 sqq.
250 1440 258 1454 ‚
275 1419 329 1457 qui
346 1417 433 1446 locus
458 1418 668 1449 conferendus
680 1443 688 1456 ‚
706 1419 744 1448 de

172 1464 322 1493 armentis
346 1464 380 1492 in
409 1464 510 1493 insula
534 1465 614 1495 Solis
635 1475 642 1496 ξ
672 1466 748 1495 laeta

175 1516 342 1545 armenta,
365 1509 494 1550 pinguia
507 1511 570 1548 jam
587 1513 674 1542 Serv.
695 1523 748 1542 ex-

176 1556 305 1597 posuit;
334 1562 413 1595 puto
425 1577 433 1592 ‚
468 1555 617 1596 adspectu
657 1558 745 1593 laeta,

178 1598 264 1631 καλὰ
276 1612 284 1638 ;
296 1608 332 1630 ut
350 1611 439 1641 seges
451 1608 481 1630 et
496 1602 556 1632 alia
573 1611 581 1632 ε
604 1604 749 1645 caprige-

180 1658 320 1688 nuquee
331 1657 430 1687 pecus
443 1658 483 1676 ex
501 1649 638 1678 Pacuvio
654 1657 685 1679 et
698 1651 752 1679 At-

180 1695 225 1724 tio
241 1693 376 1723 ductum
390 1692 442 1734 (v.
462 1694 568 1724 Ursin.
590 1694 628 1723 ad
640 1695 672 1726 h.
686 1695 731 1736 1.)
744 1719 751 1733 ‚

181 1750 241 1781 pro
257 1740 360 1780 capris
375 1749 382 1769 :
404 1739 492 1769 nullo
518 1740 664 1777 custode,
686 1743 753 1772 scil.

182 1793 272 1816 erant
294 1792 433 1815 armenta
457 1793 638 1816 consecrata
662 1787 757 1817 alicui

184 1833 311 1862 numini
321 1855 330 1869 ,
348 1830 493 1874 ἀνειμένοι
504 1855 512 1869 ,
536 1830 736 1875 ἀφιερωμένα
748 1857 756 1870 ,

184 1878 216 1908 h.
237 1879 258 1909 l.
279 1880 452 1919 Harpyiis:
475 1885 513 1908 nt
534 1879 620 1920 apud
646 1881 760 1910 Home-

187 1935 259 1954 rum
272 1925 347 1955 Soli.
370 1924 464 1955 Unde
483 1926 698 1966 Harpyiarum
716 1927 762 1955 ira

188 1970 245 2000 inf.
268 1977 345 2009 247.
361 1989 407 1994 —-
427 1981 504 2001 220.
535 1973 634 2001 Lecta
663 1972 761 2003 Goth.

190 2022 262 2045 tert.
292 2017 399 2047 Passis
436 2017 531 2048 idem.
563 2020 600 2047 In
642 2018 762 2059 campis

192 2062 290 2092 Goth.
306 2074 367 2094 sec.
378 2082 424 2088 —
435 2074 476 2094 22
488 2075 512 2095 t.
532 2064 763 2107 Caprigemtm-

192 2116 253 2148 qne
279 2120 381 2149 genus
408 2111 485 2140 alter
515 2111 630 2142 Hamb.
657 2119 689 2142 et
720 2112 763 2141 sic

194 2153 274 2185 cod.
285 2155 410 2185 Thuan.
425 2157 582 2187 Macrobii
595 2160 657 2189 Sat.
667 2160 714 2189 VI
730 2157 761 2189 5.

196 2201 259 2230 Per
272 2199 385 2231 herbas
406 2213 446 2232 ex
463 2204 591 2244 optimis
609 2211 640 2235 et
657 2204 758 2246 pluri-

793 1139 852 1168 mis
861 1139 1021 1168 revocavit
1036 1139 1195 1168 Heinsius.
1210 1137 1290 1168 adde
1305 1139 1368 1168 Pie-

794 1186 887 1216 rium.
902 1185 998 1226 Vulg.
1009 1195 1071 1225 per
1082 1184 1276 1215 herbam.—
1287 1185 1365 1214 223.

796 1233 836 1261 In
857 1238 982 1272 partem
1023 1242 1179 1261 vocamus
1205 1231 1369 1261 honestius

796 1288 908 1318 quam,
930 1277 1122 1318 participem
1143 1276 1298 1319 facimus.
1330 1278 1368 1306 In

791 1324 939 1365 prceclam
949 1335 1114 1361 vocamus,
1127 1331 1215 1364 parte
1226 1325 1370 1354 carnium

798 1377 951 1400 testarum
975 1371 1119 1413 religiose
1146 1371 1207 1400 diis
1232 1370 1371 1411 apposita

798 1416 864 1458 (cf.
890 1416 1023 1458 Cerda.)
1041 1427 1048 1448 :
1069 1424 1105 1447 ut
1129 1418 1163 1446 in
1185 1417 1286 1458 epulis
1305 1426 1373 1445 mos

801 1470 867 1493 erat
883 1465 1027 1493 carnium
1046 1471 1195 1504 tanquam
1224 1460 1373 1505 ἀπαρχὰς

801 1509 860 1539 diis
892 1520 1086 1540 consecrare.
1128 1511 1242 1547 Toros,
1260 1543 1265 1552 .
1281 1515 1373 1539 ornat

803 1567 867 1585 rem
893 1563 1018 1586 tenuem
1029 1579 1038 1594 ‚
1056 1557 1216 1597 cespitem.
1233 1574 1280 1579 —-
1295 1556 1371 1585 225.

804 1603 908 1642 Lapsa
920 1625 928 1638 ‚
947 1603 1076 1640 volam,
1089 1610 1124 1632 nt
1133 1613 1216 1644 saepe
1225 1626 1233 1641 ,
1245 1602 1373 1635 adsunt,

805 1647 962 1678 advolant.
974 1651 1055 1679 Mox
1070 1659 1139 1679 vox
1154 1649 1240 1687 dira,
1254 1647 1376 1679 stridor.

855 1705 932 1735 229.
961 1697 1000 1724 In
1025 1696 1098 1726 loco
1128 1695 1223 1736 longe
1244 1701 1377 1726 remoto.

807 1757 854 1762 —-
865 1742 942 1771 230.
957 1741 1045 1772 Idem
1061 1742 1125 1772 fere
1139 1752 1248 1772 versus
1261 1753 1330 1782 sup.
1347 1742 1379 1776 1,

813 1787 829 1815 3
839 1797 851 1815 1
862 1797 874 1815 1
889 1809 897 1823 ‚
914 1787 972 1817 ubi
992 1799 1023 1818 v.
1040 1788 1080 1818 de
1096 1788 1236 1829 epitheto
1259 1787 1382 1817 horren-

812 1831 890 1861 tibus
923 1833 1050 1864 umbris.
1083 1835 1234 1864 Clausam
1263 1833 1380 1864 Medic.

813 1877 900 1908 Gud.
916 1884 947 1908 et
958 1880 1090 1910 Mentel.
1108 1891 1156 1920 pr.
1167 1902 1176 1915 ‚
1193 1880 1248 1910 sed
1262 1881 1384 1920 priores

813 1925 860 1954 illi
875 1923 941 1954 duo
957 1933 1116 1965 expuncta
1131 1937 1174 1956 m.
1193 1926 1312 1956 Clausa
1331 1936 1385 1955 sex

815 1970 898 2011 apud
923 1971 1031 2001 Heius.
1049 1978 1081 2001 et
1099 1973 1207 2002 But-m.
1232 1979 1264 2001 et
1288 1971 1386 2002 Goth.

815 2023 900 2054 tert„
910 2016 997 2056 quod
1007 2027 1080 2047 sane
1090 2017 1165 2048 ferri
1174 2019 1282 2058 possit.
1297 2018 1389 2058 Clazf-

815 2073 883 2092 sum
899 2064 1010 2093 Franc.
1030 2063 1164 2094 Clausus
1178 2065 1262 2104 conj.
1278 2066 1387 2096 Heius.

816 2110 906 2139 etsie
929 2109 1059 2140 Vratisl.
1078 2112 1193 2142 Omnia
1212 2121 1388 2152 perperam.

815 2172 862 2178 —-
872 2157 913 2186 23
923 2167 949 2186 1.
961 2156 1036 2185 Aris
1051 2157 1153 2198 simpl.
1168 2157 1263 2195 focis;
1278 2157 1332 2188 sed
1345 2158 1389 2188 al-

812 2210 913 2234 terum
926 2213 994 2235 voc.
1003 2205 1316 2246 graviuS.Argutat11r
1325 2206 1391 2236 Ser-
