1433 2460
567 106 688 136 LIm-:R
715 107 756 135 11.

1207 109 1266 135 123

61 162 271 199 Adsensere
288 175 436 209 omnes;
461 172 516 209 ot,
535 176 619 213 quae
636 162 708 200 sibi
730 162 892 212 quisquc
911 161 1088 208 timebat,
1225 173 1270 194 1⁵⁸

62 223 183 260 Unius
203 222 240 258 in
260 222 387 258 misci-i
407 222 565 259 exitium
587 235 771 259 conversa
791 223 924 259 tulere.

116 286 300 333 «Jamque
320 283 400 320 dies
420 283 574 320 infanda
593 284 724 320 aderat
743 297 750 318 :
773 283 865 319 mihi
883 296 987 320 sacra
1003 282 1151 334 parari,

60 346 107 382 Et
123 344 227 381 salsae
244 345 388 394 fruges,
411 352 448 380 ct
467 344 612 381 circum
628 353 802 393 tempora
822 344 936 381 vittae.

60 405 213 455 Eripui,
235 405 374 450 fateor,
395 405 471 441 leto
491 418 569 450 me,
589 414 625 442 et
645 405 799 441 vincula
815 405 923 454 rupi;

60 464 289 514 Limosoque
305 465 389 500 lacu
406 478 474 514 per
490 473 640 501 noctem
657 463 843 501 obscurus
859 464 897 499 in
915 463 1002 500 ulva

1218 472 1265 497 135

59 524 221 570 Dolitui,
242 525 331 561 dum
351 525 456 570 vcia,
477 524 611 561 darent
628 525 657 561 si
676 525 793 571 sorte,
811 523 1014 560 dedissent.

59 588 140 623 Nec
155 585 248 621 mihi
260 586 337 635 jam
353 586 513 635 patriam
533 586 727 635 antiquam
747 598 832 635 spes
850 585 924 621 ulla
943 584 1117 629 videndi,

59 648 140 683 Ncc
158 646 277 683 dulcis
297 655 405 682 natos
421 654 719 695 exoptatumque
738 654 933 694 parentem
952 658 960 679 :

62 708 168 750 Quos
184 705 237 742 illi
258 705 335 745 sors
355 704 402 741 ad
423 719 551 755 poenas
571 705 621 741 ob
642 714 771 741 nostra
792 712 994 753 reposcent

60 764 230 814 Effugia,
247 773 283 801 ct
305 765 453 814 culpam
474 765 570 801 hanc
585 764 811 801 miscrorum
832 772 954 801 morte
975 763 1146 813 piabunt.
1218 778 1263 803 140

61 889 193 931 rumpit,
222 898 258 921 ut
282 888 402 934 ῥῆσσει,
429 892 555 923 emittit.
583 893 633 923 Sic

60 947 142 978 saepe
165 938 269 967 Graeci
287 945 318 967 et
341 939 453 968 Latini.
474 950 503 968 ν.
522 940 630 970 Burm.

59 990 91 1013 et
107 984 206 1014 Cerda
215 1006 224 1021 ‚
238 985 295 1024 qui
307 991 338 1014 et
350 984 510 1014 illustrant
521 983 555 1015 τὶ
567 986 634 1015 des-

59 1029 184 1065 tinam,
203 1041 273 1060 voc.
295 1031 463 1071 proprium
486 1030 524 1060 de
547 1031 633 1061 dam-

58 1077 149 1107 natis.
173 1078 336 1117 Exquisite
351 1078 443 1106 etiam
461 1079 633 1117 composito

59 1132 118 1162 pro
144 1133 186 1152 ex
205 1123 255 1152 vel
275 1123 316 1152 de
340 1123 525 1162 composito.
544 1125 633 1154 Cete-

60 1178 131 1197 rum
147 1169 326 1199 Calchantis
345 1170 633 1210 tergiversationem

61 1214 262 1244 adumbrasse
277 1214 403 1244 videtur
426 1226 466 1244 ex
483 1216 573 1246 Iliad.
594 1227 629 1255 α,

61 1261 104 1301 69
118 1271 185 1301 sqq.

110 1320 121 1338 1
132 1309 184 1339 30.
201 1307 370 1338 Timebanc
383 1309 521 1339 Gudinn.
537 1319 553 1339 a
566 1320 631 1339 ma-

55 1364 125 1386 nus.
144 1356 238 1395 prim.
251 1378 260 1393 ‚
278 1366 345 1385 non
365 1356 464 1393 male,
485 1362 521 1385 ut
537 1358 630 1386 etiam

55 1402 92 1430 in
117 1402 273 1432 Servianis
296 1403 463 1432 monitum.
489 1419 535 1424 —
556 1404 629 1433 131.

59 1447 215 1477 Conversa
237 1448 335 1478 tulere
351 1470 359 1483 ‚
391 1449 547 1488 exquisite
571 1460 630 1489 pro

56 1501 286 1524 converterunt.
301 1511 347 1516 —
367 1495 442 1524 132.
458 1496 546 1535 Ergo
563 1495 630 1524 dies

56 1550 106 1580 ap.
130 1541 272 1571 Nonium
298 1541 334 1569 in
357 1540 447 1577 dies,
479 1541 535 1570 sed
561 1541 628 1572 vid.

56 1586 166 1616 Heius.
189 1586 229 1615 ad
253 1586 348 1617 Ovid.
373 1588 421 1616 ΙΙΙ
449 1588 527 1617 Met.
550 1588 626 1627 519.

56 1631 135 1661 Dies
148 1631 372 1674 infesta-Goth.
384 1639 456 1662 tert.
467 1635 631 1662 Paratum

58 1677 156 1707 Goth.
172 1678 265 1717 prim.
279 1694 326 1700 —
345 1679 419 1708 133.
447 1679 629 1720 Salsoestu-

53 1734 127 1764 ges,
145 1722 227 1752 mola
239 1723 335 1759 salsa,
350 1723 383 1753 h.
401 1735 427 1754 e.
445 1724 491 1753 far
511 1732 629 1754 tostum

57 1776 228 1799 contusum
243 1769 305 1799 sale
318 1769 476 1809 adsperso.
488 1768 629 1806 Σπενδοίς

57 1818 85 1845 τ’
111 1814 280 1854 οὐλῦχῦτας
305 1825 338 1845 τε
361 1813 434 1857 μάλ’
461 1815 629 1859 ἐσσυμένως

56 1859 217 1898 ὑπαλύξας
227 1863 368 1902 Quintus
379 1862 444 1892 Cal.
454 1864 519 1893 xn
527 1885 535 1899 ‚
553 1864 568 1893 3
576 1874 590 1901 7
599 1864 628 1894 5.

56 1925 103 1931 —
138 1909 201 1943 134
226 1919 272 1948 sq.
298 1908 435 1938 Vincula
462 1919 528 1939 non
555 1917 631 1940 sunt

55 1956 159 1993 vittae,
176 1954 247 1992 sed,
267 1955 383 1994 quibus
398 1955 512 1995 ligatus
527 1966 630 1985 serva-

57 2000 170 2039 hatur,
186 2008 218 2031 et
231 2001 272 2031 ad
287 2011 371 2031 aram
393 2001 628 2039 adducebatur,

57 2048 115 2077 etsi
135 2048 198 2086 jam
220 2048 361 2078 vittatus.
386 2058 417 2078 v.
443 2048 526 2077 infra
555 2049 627 2078 156.

57 2094 144 2124 Ante
175 2104 259 2124 aram
285 2105 364 2124 vero
397 2094 498 2124 soluta
529 2094 630 2124 stabat

57 2138 170 2171 hostia.
200 2141 303 2171 Multa
330 2140 363 2172 h.
391 2141 414 2171 1.
443 2147 630 2182 argutantur

57 2187 145 2216 Serv·
161 2193 193 2217 et
214 2187 325 2218 Cerda.
339 2205 386 2210 -—-
406 2188 480 2218 136.
498 2190 630 2217 Sensum

58 2232 262 2264 commodum
274 2235 380 2264 versui
401 2234 520 2273 subjeci
535 2235 631 2265 inter-

685 893 862 934 punctione
885 899 1027 922 mutata:
1048 899 1084 922 ut
1105 892 1161 928 sit,
1187 891 1262 921 dum

686 940 765 969 ‘vela
797 939 976 974 dedissent,
993 938 1116 979 siforte
1135 937 1261 968 darent.

686 986 793 1026 Vulgo
806 986 970 1026 legebatur
980 986 1087 1023 jejune
1100 992 1131 1014 et
1144 985 1264 1014 incom-

686 1032 799 1069 mode;
815 1032 891 1061 dum
904 1031 983 1060 vela
998 1031 1125 1067 darent,
1142 1030 1264 1072 sisorte

686 1078 858 1108 dedissent.
866 1078 970 1108 Multa
981 1084 1164 1118 argutantur
1174 1079 1262 1107 Serv.

687 1131 718 1153 et
742 1126 901 1161 Donatus;
920 1123 1018 1160 nihil,
1034 1123 1123 1163 quod
1140 1122 1178 1152 ad
1198 1134 1264 1153 rem

688 1172 788 1201 faciat.
805 1171 914 1210 Itaque
929 1169 1083 1199 malebam
1098 1170 1263 1209 suspicari,

686 1228 815 1246 versum
847 1217 1093 1257 imperfectum:
1120 1215 1262 1252 Delitui‚

685 1263 761 1292 dum
777 1263 857 1292 vela
872 1263 1002 1297 darent,
1025 1262 1064 1291 ab
1081 1261 1182 1291 aliena
1200 1272 1263 1291 ma-

685 1320 731 1339 nu
750 1309 830 1338 male
846 1320 910 1338 esse
926 1308 1120 1348 suppletum.

736 1357 811 1393 137.
828 1356 997 1395 Sequentia
1011 1355 1135 1394 egregie
1152 1354 1192 1383 ad
1208 1356 1263 1383 rni-

684 1403 874 1432 serationem
895 1401 981 1430 ficta.
1010 1402 1049 1430 In
1071 1400 1187 1441 quibus
1213 1411 1263 1429 re-

686 1449 825 1488 spexisse
850 1447 954 1477 videri
977 1453 1082 1487 potest
1108 1446 1199 1477 Iliad.
1229 1457 1260 1478 ε.

685 1495 770 1531 408,
797 1500 875 1534 [409.
900 1493 1047 1523 Patriam
1072 1493 1257 1533 antiquam,

682 1541 848 1580 pristinam
860 1563 869 1578 ,
885 1540 966 1570 nihil
988 1539 1131 1579 amplius.
1151 1541 1262 1570 Omni-

684 1586 745 1617 hus
763 1587 902 1623 colonis,
923 1585 1108 1624 exsulibus,
1126 1586 1261 1616 transfu-

683 1634 730 1672 gis
746 1635 835 1673 prior
856 1633 956 1673 patria
974 1639 1021 1661 est
1042 1632 1179 1672 antiqua
1196 1643 1259 1672 pa-

683 1679 757 1710 tria.
777 1680 818 1710 cf.
840 1679 950 1709 Cerda.
976 1678 1023 1707 Ob
1044 1686 1153 1708 nostra
1178 1678 1259 1720 ‘'ff‘'

680 1725 758 1766 gia,
789 1726 932 1766 plenius,
957 1735 1052 1765 quam
1085 1724 1168 1754 exile
1183 1747 1191 1760 ,
1214 1724 1260 1754 ob

684 1771 791 1811 fugam
813 1781 914 1800 meam
930 1769 1143 1810 ——piabztnc‚
1172 1771 1204 1799 h.
1230 1782 1257 1800 e.

684 1817 876 1857 expiabunt,
899 1827 960 1857 pro
984 1817 1138 1856 punient,
1166 1816 1260 1845 uicis-

686 1870 818 1899 centur,
834 1863 1001 1902 exquisite.
1023 1879 1070 1884 -
1093 1864 1167 1901 139.
1185 1864 1261 1892 Fors

685 1917 716 1938 et
732 1920 768 1949 p.
794 1908 913 1938 Medic.
940 1907 1025 1938 Gud.
1051 1915 1082 1937 et
1103 1910 1257 1939 Rottend.

685 1962 768 1992 tert.‚
788 1955 906 1995 quibus
929 1953 1008 1984 adde
1033 1955 1176 1985 Servium
1192 1978 1201 1992 ,
1225 1963 1260 1984 ut

684 2002 748 2031 sit:
766 2012 844 2042 quos
861 2000 979 2042 forsan
1004 2000 1101 2030 etiam
1124 2000 1175 2030 illi
1188 2012 1258 2041 11oe-

685 2058 745 2077 nas
757 2055 931 2088 reposcent.
946 2049 1080 2077 Poscere
1094 2058 1168 2077 cum
1182 2047 1259 2077 duo-

684 2094 745 2123 bus
768 2095 955 2123 accusativis
978 2093 1115 2123 illustrat
1135 2095 1259 2127 Heius..

684 2140 739 2182 sed
755 2148 840 2170 recte
854 2147 963 2170 monet
985 2141 1204 2177 Burmannus,
1221 2141 1258 2170 iis

685 2187 792 2217 locum
815 2198 899 2224 esse,
924 2187 981 2217 ubi
1009 2186 1128 2227 aliquid
1158 2190 1260 2226 posci·

686 2244 771 2271 mus,
788 2233 877 2274 quod
898 2233 952 2264 ille
973 2234 1056 2275 ipse,
1073 2243 1091 2263 a
1106 2243 1170 2274 quo
1186 2243 1258 2274 pos—
