1433 2460
126 120 190 151 332

627 126 818 157 AENEIDOS

125 180 169 216 Et
188 180 289 217 Dirae
307 180 476 227 ultrices,
494 190 530 219 et
548 182 585 219 di
603 183 796 220 morientis
815 181 957 227 Elissae,

1271 188 1325 212 616

125 240 301 290 Adcipite
323 241 420 287 haec,
439 242 689 293 meritumque
706 243 810 280 malis
828 241 1013 280 advertite
1033 253 1189 287 numen,

125 302 170 337 Et
188 310 333 338 nostras
352 301 480 338 audite
497 315 626 352 preces
645 305 651 337 !
673 302 714 339 Si
731 311 882 352 tangere
900 310 1032 351 portus

125 358 325 396 Infandum
341 369 472 410 caput,
490 374 532 398 ac
549 361 658 398 terris
678 361 818 398 adnare
835 373 984 397 necesse
1002 369 1076 405 est,

124 418 170 454 Et
187 417 239 453 sic
259 419 332 455 sata
351 420 455 457 Jovis
473 429 652 469 poscunt,
667 419 730 456 hic
750 419 932 456 terminus
949 418 1067 456 haeret
1084 432 1091 453 :

124 479 173 513 At
190 476 289 514 bello
309 478 461 516 audacis
480 480 612 530 populi
630 488 788 518 vexatus
808 486 846 516 et
864 477 998 523 armis,
1272 485 1320 509 61⁵

123 623 259 653 maxime
278 633 351 653 cum
371 625 476 655 animo
491 631 651 655 commoto
666 632 697 656 et

122 671 157 699 in
169 669 309 699 furorem
326 677 406 701 acto.
423 672 545 702 Hecate
559 672 696 710 ululata,

122 722 159 745 ut
177 715 333 746 bacchata
353 718 468 747 Naxos
484 729 554 758 sup.
571 720 602 748 11
621 719 695 749 125.

124 761 213 792 Dira·
229 763 260 793 h.
286 761 307 792 l.
324 764 445 800 Furiae,
467 772 502 794 ut
521 766 604 802 ΧΠ,
630 765 696 801 845

123 818 169 848 sq.
197 810 283 838 Deos
309 809 470 839 morientis
488 811 620 848 Elissa»,
638 812 698 841 Ge-

122 855 193 885 nios
214 855 368 892 Didonis,
389 866 465 886 mox
481 858 592 887 Manes
609 858 695 887 futu-

123 911 175 930 ros
186 924 194 939 ‚
211 902 449 932 intellexeram:
466 904 506 933 cf.
523 905 605 942 xn,
617 904 695 941 646,

122 953 155 976 et
175 949 220 977 sic
244 948 308 978 fere
336 950 461 979 Servius
482 951 587 990 primo
612 950 695 980 loco.

122 994 166 1023 At
180 996 335 1034 Pompon.
359 995 431 1026 Sah.
450 997 565 1025 Manes
583 996 699 1026 Siclaaei

120 1048 230 1070 vocat.
241 1042 308 1071 Nec
324 1047 429 1071 tamen
442 1041 547 1079 video,
558 1043 636 1083 quid
650 1053 699 1073 ve-

122 1092 167 1116 tet
180 1108 188 1124 ,
205 1086 281 1116 deos
310 1087 427 1117 ultores
443 1088 560 1118 Elissoe
578 1090 698 1130 accipe-

121 1142 165 1163 re.
183 1151 229 1156 -—
246 1133 285 1162 61
297 1144 324 1164 1.
350 1134 492 1164 Auertite
517 1135 609 1164 multi
621 1147 629 1172 ς
643 1135 697 1165 sed

120 1179 259 1210 alienum
272 1190 289 1208 a
298 1179 360 1210 loci
373 1181 538 1211 sententia.
552 1181 698 1221 Accipite

120 1225 188 1255 lzaec
203 1237 214 1255 :
234 1226 442 1267 animumque
466 1227 561 1256 malis
590 1228 698 1257 exclu—

120 1272 186 1302 dite
205 1272 301 1302 tantis
325 1273 376 1304 ed.
400 1275 483 1303 Ven.
501 1273 541 1302 ab
556 1274 698 1314 interpo-

120 1318 230 1349 latore.
255 1336 302 1342 ·-
325 1318 493 1359 Adcipite,
521 1319 694 1357 advertite,

120 1365 229 1394 audite
244 1364 282 1394 de
293 1364 402 1394 eadem
415 1376 459 1396 re.
479 1366 608 1395 Numen
627 1377 696 1396 ves—

120 1417 221 1447 trum,
237 1411 269 1442 h.
295 1422 321 1441 e.
356 1413 421 1441 vim
448 1422 484 1441 ac
510 1418 697 1452 potestatem

118 1457 252 1488 deorum
262 1457 438 1488 inferorum
446 1457 623 1488 ulciscendi
635 1469 698 1488 ma-

118 1504 187 1541 los,
203 1503 356 1534 adverctce
372 1504 486 1540 malms
506 1512 616 1535 contra
635 1505 695 1534 im-

119 1551 238 1590 probos
255 1558 286 1581 et
306 1551 421 1591 impios
435 1552 610 1590 Trojanos,
628 1562 693 1581 me-

119 1596 232 1633 ritum,
266 1598 385 1639 quippe
421 1598 479 1638 qui
509 1603 695 1628 meruerunt

118 1650 260 1673 vestrum
272 1654 411 1680 numen,
425 1644 457 1673 h.
479 1654 506 1674 e..
520 1654 663 1688 poenam,
678 1655 695 1674 a

119 1688 180 1719 diis
198 1690 354 1720 malorum
378 1666 538 1721 ultoribus
553 1685 694 1731 affligen-

121 1735 203 1766 dam.
222 1737 420 1777 Exquisitior
432 1737 512 1766 ratio
527 1747 621 1777 quam
630 1737 694 1774 illa,

122 1783 284 1813 advertere
313 1784 442 1819 vultus,
479 1794 587 1820 aures,
625 1783 695 1813 ani-

122 1839 206 1865 mos,
235 1836 272 1859 ut
294 1829 391 1861 Ovid.
416 1831 496 1859 VIII
518 1831 597 1860 Met.
616 1830 693 1866 482.

169 1876 235 1906 612
259 1887 327 1917 sqq.
348 1877 506 1907 Eximiam
526 1883 629 1917 poetae
646 1887 694 1906 ar-

121 1929 185 1951 tem
206 1924 241 1952 in
264 1923 495 1964 subjungendis
519 1923 597 1952 diris
626 1922 692 1961 his,

121 1969 238 2008 quibus
256 1972 363 1999 AEueae
383 1970 463 2007 fata,
490 1977 563 2010 post
579 1969 695 2000 adven-

122 2020 190 2043 tum
206 2016 240 2045 in
254 2016 392 2054 Italiam,
421 2027 499 2046 mox
513 2023 696 2057 temporum

122 2062 278 2091 seriorum
293 2070 425 2093 eventus
443 2063 588 2103 bellaque
611 2064 695 2092 inter

123 2108 238 2137 Poeuos
253 2115 283 2137 et
300 2111 461 2140 Romanos
480 2116 564 2151 gesta
575 2131 584 2147 ‚
607 2110 695 2149 inge-

124 2154 213 2183 niose
238 2154 396 2192 intexuit,
426 2163 463 2186 ut
490 2163 578 2186 tanto
599 2156 697 2196 magis

125 2199 328 2240 popularium
352 2212 483 2232 suorum
504 2203 626 2232 animos
647 2200 698 2231 ad-

126 2253 263 2276 verteret
286 2253 317 2277 et
345 2247 531 2286 delectaret3
556 2249 620 2288 jam
645 2248 698 2278 alii

750 622 910 654 viderunt.
939 623 1089 653 Dirarum
1111 631 1188 652 vero
1213 628 1243 651 et
1264 622 1321 651 im-

750 671 968 711 precationum
999 668 1131 699 omnino
1156 669 1323 698 inventum

751 724 782 746 et
794 727 887 746 usum
903 727 919 746 a
936 716 1038 757 poetis
1054 714 1172 744 Graecis
1185 714 1322 754 accepit,

749 764 784 793 in
808 762 925 803 quibus
952 762 1098 802 frequens
1119 767 1184 798 est,
1212 766 1323 801 utpote

750 808 992 839 vehementibus
1006 807 1169 838 affectibus
1183 806 1264 836 hene
1278 807 1324 836 in-

750 857 900 886 serviens.
911 854 1065 894 Exempla
1081 853 1144 884 vid.
1161 864 1211 893 ap.
1229 851 1327 884 Cerd.

797 902 817 931 6
827 913 836 931 ι
846 902 932 930 2—(3
941 912 951 930 1
961 907 991 936 4.
1013 903 1098 930 Ante
1113 899 1223 930 oculos
1235 898 1324 928 fuere

751 958 791 978 ex
808 948 922 988 Oclyss.
945 958 971 985 ι,
994 947 1058 976 532
1079 956 1147 986 sqq.
1166 944 1242 974 dirae
1267 947 1324 975 1³0-

750 993 893 1035 lyphemi
917 995 951 1023 in
974 992 1145 1033 Ulyssem:
1164 983 1239 1022 Ᾰλλ’
1255 989 1282 1020 εἴ
1296 989 1324 1020 οἱ

751 1040 832 1082 μοῖρ’
849 1037 911 1070 ἐστὶ
925 1046 984 1070 etc.
999 1039 1193 1068 Gravitatem
1209 1038 1324 1067 oratio-

751 1087 800 1115 nis
824 1093 899 1116 nota
920 1087 954 1116 in
975 1084 1081 1115 verbis
1096 1084 1246 1125 singulis,
1267 1090 1322 1120 ut,

751 1131 930 1173 Infandum
945 1137 1042 1171 caput
1055 1140 1114 1170 pro
1128 1140 1202 1159 eum
1212 1151 1221 1167 ‚
1235 1128 1325 1159 terris

751 1178 894 1214 adnare,
925 1187 984 1218 pro
1009 1176 1175 1217 pervenire
1199 1175 1238 1205 ad
1263 1178 1325 1206 Ita-

750 1224 844 1254 liam:
860 1234 931 1264 sup.
943 1225 969 1261 Ι,
987 1223 1051 1253 538
1065 1221 1234 1262 hucpauci
1249 1232 1323 1252 ves-

750 1270 805 1300 tris
823 1269 1014 1300 adnavimus
1037 1268 1111 1299 oris.
1134 1267 1195 1298 Hic
1218 1268 1324 1298 termi-

752 1327 809 1346 nus
823 1316 922 1346 hceret
932 1339 940 1353 ‚
951 1322 1008 1347 est.
1023 1317 1110 1347 Serv.
1130 1329 1146 1340 α
1157 1314 1193 1344 Si
1204 1313 1264 1344 hoc
1277 1321 1324 1344 est

751 1362 970 1398 immutabile;
997 1362 1151 1402 quoniam
1174 1370 1323 1401 agrorum

749 1410 877 1439 termini
892 1409 1014 1439 moveri
1032 1413 1207 1449 nequeunt.
1224 1422 1240 1434 υ
1256 1409 1323 1438 Me-

749 1456 811 1486 lius
831 1457 876 1485 sic
895 1456 1068 1485 constitues
1084 1463 1093 1484 ε
1112 1461 1143 1484 et
1166 1454 1192 1483 si
1207 1463 1263 1491 eo,
1288 1454 1322 1484 h.

746 1513 773 1533 e.
795 1504 830 1532 in
847 1502 986 1538 Italiam,
1017 1501 1155 1530 fatorum
1178 1506 1209 1530 et
1234 1510 1324 1531 erro·

747 1559 820 1578 rum
833 1551 939 1579 AEneae
958 1547 1130 1577 terminum
1153 1557 1187 1576 ae
1203 1544 1301 1577 finem
1311 1569 1321 1584 ‚

747 1596 913 1636 pervenire
930 1597 1059 1624 AEneam
1072 1592 1164 1623 fatale
1177 1599 1241 1630 est;
1257 1592 1322 1624 hce-

747 1649 814 1679 ret‚
830 1640 933 1671 fixum
945 1647 976 1670 et
989 1640 1179 1670 destinatum
1191 1645 1247 1670 est.
1261 1639 1324 1670 Sal-

748 1695 812 1718 tem
825 1688 887 1718 hoc
900 1687 940 1717 ab
953 1697 1102 1729 agrorum
1119 1686 1261 1716 terminis
1272 1696 1323 1726 pe-

749 1735 858 1771 titum3
874 1734 974 1764 verbo
988 1733 1177 1764 Lucretiano
1189 1732 1246 1762 lib.
1257 1733 1305 1762 VI
1312 1755 1321 1770 ,

750 1781 793 1811 65
809 1791 817 1811 :
831 1780 933 1824 finita
943 1787 1089 1821 potestas
1108 1778 1246 1820 denique
1261 1778 1324 1809 cui-

748 1838 810 1869 que
840 1829 992 1868 Quanam
1016 1826 1057 1857 sic
1076 1826 1202 1856 ratione
1225 1831 1322 1866 acque

749 1874 815 1904 alte
836 1873 989 1903 terminus
1011 1871 1144 1903 haerens.
1168 1889 1215 1896 --
1241 1871 1320 1908 614.

749 1922 794 1950 Ec
806 1920 850 1950 sic
866 1920 947 1950 bene
962 1920 1072 1951 Heins.
1085 1919 1246 1959 reposuit,
1265 1928 1322 1958 op-

749 1968 833 1997 timis
855 1966 947 1997 codd.
970 1966 1062 1997 etiam
1082 1965 1232 1996 Pien‘anis
1247 1974 1320 1994 auc—

748 2013 891 2050 toribus,
914 2014 1007 2043 ctiam
1027 2011 1134 2043 Nonio
1152 2017 1184 2041 et
1200 2011 1322 2040 Macro-

748 2060 803 2090 bio
824 2070 831 2091 ε
856 2060 952 2101 vulgo
975 2060 1019 2089 Ec
1039 2057 1076 2087 si.
1099 2058 1210 2087 Heius.
1234 2057 1320 2095 conj.

748 2107 793 2136 Id
813 2106 849 2136 si.
873 2107 910 2135 In
934 2116 982 2146 pr.
1008 2102 1158 2135 Rottend.
1177 2113 1237 2144 pro
1252 2113 1319 2134 var.

751 2153 823 2183 lect.
845 2158 921 2182 erat.
937 2160 945 2182 :
960 2152 1005 2181 Ec
1018 2149 1047 2180 si
1047 2148 1128 2192 saca
1137 2156 1256 2190 petunt
1267 2151 1320 2179 Jo-

749 2199 803 2237 vis,
822 2206 853 2228 cc
867 2205 887 2229 t.

797 2246 991 2276 615-621.
1008 2246 1167 2276 Revocata
1185 2248 1261 2274 sum
1281 2241 1321 2272 ad
