1433 2460
172 101 236 133 326

674 95 866 132 AExamo's

167 163 307 196 'ramos
329 159 388 196 illa
407 171 475 195 sno
496 158 697 209 rumpebat
716 168 869 209 pectore
886 169 1050 209 questus.

221 222 356 255 xliiicas
373 219 469 255 celsa
488 219 524 254 in
544 219 680 269 puppi,
697 220 773 269 jain
791 230 915 257 cvi-tus
934 220 1066 268 cundi,

167 279 355 328 (lai-poliat
372 291 541 324 somnos,
560 279 674 316 rebus
687 279 764 328 jain
785 279 855 316 rite
876 281 1027 329 paratis.
1318 288 1366 314 ⁵⁵⁵

169 340 266 376 lluic
284 352 322 375 se.
341 339 460 375 forma
478 338 539 376 dei
558 338 664 375 voltu
682 338 873 375 redeuntis
892 339 1026 375 codem

167 399 317 435 Obtulit
334 399 372 435 in
388 398 545 446 somnis,
569 411 774 448 rursusque
796 399 847 434 ita
863 398 942 435 visa
961 411 1114 436 monere
1131 410 1185 438 cst
1197 429 1207 448 ‚

166 459 302 495 Omnia
319 459 513 496 Mercurio
530 459 679 505 similis,
697 471 926 508 vocemque,
946 459 1208 510 coloremque,

164 522 210 556 lit
227 520 341 557 crinis
359 520 494 565 ssavos,
515 528 552 556 ct
568 519 738 556 membra
758 519 897 555 decora
914 519 1080 568 juvcntae
1095 535 1102 556 :

165 598 177 612 (ι
197 583 293 617 Nate
311 579 397 626 dea,
416 589 522 630 potes
542 579 616 616 hoc
633 579 704 617 sub
725 592 813 616 casn
834 578 973 616 ducere
989 581 1164 617 somnos?
1318 591 1366 616 5⁶0

164 642 243 678 Nec
255 671 264 688 ‚
285 654 368 691 quae
386 650 421 678 tc
438 641 582 678 circum
599 649 697 678 stent
715 640 851 678 deinde
868 640 1055 690 pericula,
1078 640 1223 678 cernis?

161 786 247 826 qnod
267 788 422 827 Pompon.
442 787 515 818 Sab.
533 787 628 817 habet
653 798 661 819 :
686 787 736 818 Sic

162 832 241 873 legit
254 833 475 875 Apronianus)
486 845 557 863 cnm
574 834 641 863 aliis
654 835 736 865 Picr.

161 879 326 910 Heinsian.
343 887 373 910 et
399 891 465 909 uno
486 882 658 910 Burmann.
675 880 735 911 Sed

161 925 294 964 Srclza’o
316 933 362 955 est
389 937 448 967 pro
473 926 632 965 ᾣέΙιιειό,
657 934 735 956 noto

159 982 247 1001 inore
263 979 430 1012 poetarum
442 994 449 1008 ‚
463 973 663 1012 primitivum
677 983 736 1013 pro

159 1017 323 1048 deducto:
341 1024 377 1047 ut
402 1018 540 1048 Romula
568 1018 681 1054 tellus;
705 1025 736 1049 et

158 1063 243 1105 apud
267 1065 416 1105 Tragicos
441 1065 570 1094 Graecos
599 1063 735 1095 infinita.

159 1112 210 1140 Sic
227 1110 357 1140 laticem
378 1113 508 1150 Lyceum
525 1112 554 1147 1,
572 1110 639 1141 686
655 1110 736 1141 vidi-

159 1167 249 1194 mus3
269 1158 313 1187 sic
335 1159 483 1187 Lenoeum
498 1156 650 1187 honorem
663 1168 734 1198 sup.

160 1215 190 1233 v.
207 1214 285 1242 207.
302 1221 347 1227 —-—-
361 1204 436 1233 Non
453 1211 578 1233 servata
594 1210 652 1241 est,
669 1214 736 1234 non

159 1260 284 1280 servare
309 1250 402 1280 licuit
431 1249 527 1279 fidem
552 1256 612 1280 etc.
636 1249 738 1279 cineri

160 1295 293 1334 Sychaeo
313 1296 345 1326 h.
369 1307 397 1326 e.
416 1296 582 1337 Sychaei03
602 1302 639 1325 ut
654 1297 736 1326 Dar-

158 1342 247 1372 dana
266 1353 371 1373 arma.

208 1390 249 1419 55
255 1395 273 1424 4
305 1400 373 1430 sqq.
402 1389 478 1420 Non
507 1395 570 1419 tam
604 1390 736 1420 Homeri

159 1435 335 1465 imitatione
347 1458 355 1473 ,
376 1434 462 1475 apud
477 1446 572 1475 quem
583 1458 591 1471 ‚
606 1436 736 1475 rhapso-

155 1481 273 1511 dorum
302 1482 383 1511 forte
402 1480 526 1520 studio,
549 1482 597 1511 bis
615 1493 632 1511 a
655 1484 736 1512 Jove

157 1528 339 1558 Mercurius
363 1527 509 1557 mandata
535 1529 670 1568 accipit,
699 1534 736 1557 ut

156 1574 295 1615 Calypso
315 1574 460 1614 Ulyssem
477 1573 635 1603 dimittere
647 1573 735 1611 jube-

157 1627 264 1657 retur3
281 1631 339 1650 nec
354 1631 389 1650 ea
403 1619 441 1650 de
457 1631 564 1650 caussa
577 1643 584 1657 ,
600 1627 638 1650 ut
655 1621 734 1649 invi-

156 1673 226 1695 tum
252 1666 411 1696 discedere
427 1669 556 1696 AEneam
578 1665 734 1707 significa-

156 1719 227 1750 ret,
257 1712 364 1743 denuo
398 1713 555 1743 Mercurii
583 1713 734 1742 nuntium

157 1759 322 1789 induxisse
347 1759 475 1789 videtur
499 1766 611 1800 poeta,
638 1770 733 1799 qnam

156 1812 194 1834 ut
225 1816 265 1835 ex
290 1807 441 1847 propiore
470 1805 529 1835 hac
564 1816 671 1835 caussa
703 1812 735 1836 et

157 1862 238 1881 nova
262 1852 322 1882 hac
355 1852 503 1883 Numinis
532 1852 708 1882 monitione
724 1875 733 1890 ‚

156 1899 222 1937 ipse
249 1898 405 1929 discessus
432 1899 569 1939 aliquam
598 1898 732 1940 dignita-

156 1951 219 1973 tem
239 1952 501 1985 momentumque
520 1956 554 1974 ac
574 1944 733 1975 diversita-

156 1996 218 2019 tem
243 2001 260 2020 a
286 1991 412 2032 vulgari
439 2002 567 2032 quoque
594 1991 733 2021 discessu

155 2035 295 2068 haberet.
336 2037 482 2079 Vulgaris
515 2038 653 2068 narratio
690 2038 732 2067 ita

156 2082 350 2113 instituenda
364 2084 486 2116 fuisset:
497 2086 537 2115 Et
548 2085 611 2123 jam
626 2086 732 2114 AEneae

158 2128 261 2158 classis
291 2132 362 2159 satis
394 2137 459 2160 erat
494 2132 666 2168 instructa,
695 2136 732 2160 ut

157 2181 253 2204 vento
276 2175 418 2207 secundo
446 2177 506 2207 sub
529 2184 656 2207 noctem
679 2186 732 2206 ex-

158 2227 230 2251 orto
242 2221 296 2252 illa
311 2222 404 2253 litore
413 2223 559 2255 solveret.
575 2225 620 2255 At
635 2233 730 2265 quam

791 794 887 817 tenue
916 786 978 817 hoc
997 789 1003 817 !
1031 788 1086 819 Sin
1116 797 1192 817 vero
1221 794 1323 818 metus
1350 799 1366 818 a

791 833 1099 875 Carthaginiensium
1135 834 1267 864 incursu
1302 841 1368 864 erat

790 880 1030 917 memorandus,
1060 880 1214 909 Mercurii
1241 882 1367 910 monitu

789 926 891 955 multo
925 927 1021 967 magis
1056 936 1104 955 res
1140 925 1250 967 egebat
1281 926 1366 967 apud

788 978 924 1013 poetam.

838 1018 1032 1058 556—559,
1057 1018 1250 1058 Comparant
1274 1018 1364 1050 Iliad.

791 1062 822 1102 β,
839 1074 881 1094 20
900 1075 968 1105 sqq.
988 1065 1027 1103 57
1044 1075 1091 1104 sq.
1106 1064 1222 1105 Odyss.
1239 1062 1270 1102 β,
1287 1065 1366 1103 268;

790 1109 880 1141 Iliad.
899 1108 937 1151 ψ,
956 1111 998 1150 69
1016 1120 1062 1151 sq.
1075 1133 1084 1147 ‚
1103 1109 1157 1139 sed
1173 1111 1277 1151 primo
1292 1111 1366 1142 loco

790 1163 857 1186 erat
870 1155 1184 1186 commemorandum
1203 1156 1316 1198 odyss.
1334 1168 1364 1195 κ,

793 1213 855 1241 277
872 1214 918 1244 sq.
933 1202 986 1234 Ad
1002 1203 1064 1233 558
1082 1202 1122 1232 cf.
1138 1202 1196 1233 inf.
1211 1204 1269 1240 lx,
1285 1203 1364 1234 650.

793 1250 939 1281 Colorem
956 1250 1030 1287 oris,
1046 1249 1147 1290 qualis
1164 1255 1210 1279 est
1223 1249 1366 1290 pulchrae

787 1297 928 1335 juventae
943 1307 983 1326 cx
997 1296 1149 1336 palaestrae
1164 1295 1230 1325 sole
1251 1302 1283 1325 et
1295 1296 1366 1336 pul-

789 1353 874 1373 vere.
894 1343 1093 1373 Mercurium
1109 1352 1126 1371 e
1141 1340 1373 1382 pulcherrimis·

791 1388 850 1418 diis
869 1399 949 1426 esse,
973 1394 1049 1418 nota
1073 1398 1139 1425 rcs,
1158 1389 1305 1428 inprimis
1324 1399 1365 1419 ex

790 1435 941 1475 operibus
956 1435 1239 1473 veterum.——559.
1255 1437 1365 1464 Juven—

791 1489 824 1510 τα
835 1481 982 1511 nonnulli
999 1481 1144 1517 Pieriani,
1159 1480 1276 1511 Medic.
1291 1491 1365 1511 cum

791 1527 920 1556 duobus
934 1527 1001 1556 aliis
1017 1527 1129 1557 Heius.
1146 1525 1239 1556 Adde
1253 1526 1364 1569 fragm.

788 1574 891 1603 Vatic.
912 1574 992 1604 Sane
1014 1572 1156 1602 membra
1178 1572 1294 1603 decora
1310 1573 1364 1614 ju-

788 1627 882 1649 venta
899 1619 1150 1649 communiorem
1165 1618 1298 1649 formam
1310 1619 1364 1650 ha-

787 1665 875 1696 bent.

836 1712 901 1743 560
920 1730 967 1736 -—
987 1712 1063 1753 569.
1092 1713 1162 1742 Hoc
1185 1712 1239 1742 sub
1260 1723 1336 1743 casu
1352 1738 1361 1749 ,

787 1759 945 1799 exquisite
962 1769 1022 1799 pro
1037 1759 1181 1800 periculo
1200 1769 1235 1789 ac
1246 1759 1362 1790 *discri-

788 1806 884 1835 mine.
903 1807 1028 1835 Ducere
1046 1815 1174 1835 somnos
1185 1827 1195 1841 ,
1213 1806 1361 1836 Burman.

788 1851 859 1881 vult
885 1862 950 1881 esse
981 1851 1014 1882 h.
1045 1851 1067 1882 l.
1098 1851 1275 1892 producere
1305 1862 1363 1893 per

788 1904 886 1928 totam
900 1904 1038 1928 noctem.
1055 1897 1115 1929 Sed
1128 1898 1164 1928 in
1179 1904 1267 1928 tanto
1280 1900 1362 1939 peri-

787 1944 860 1974 culo
888 1945 1019 1974 omnino
1041 1943 1180 1974 dormire
1205 1946 1334 1974 AEneam
1350 1966 1359 1981 ‚

786 1991 926 2021 insolens
947 1997 978 2020 et
999 1991 1116 2020 mirum
1135 1996 1212 2020 erat.
1233 1990 1360 2021 Deinde

787 2036 915 2066 videtur
928 2037 1067 2067 otiosum
1080 2046 1145 2066 esse
1157 2047 1165 2074 ;
1180 2035 1235 2066 sed
1244 2036 1358 2068 luben-

786 2089 833 2113 ter
857 2093 895 2112 eo
921 2084 1023 2112 utitur
1048 2088 1140 2122 poeta
1168 2082 1206 2112 ad
1236 2093 1357 2114 morem

785 2130 838 2159 τοῦ
857 2123 932 2158 εἶτα
954 2129 989 2158 in
1014 2129 1284 2170 argumentatione
1305 2130 1358 2160 vel

785 2176 1051 2216 consequufione,
1072 2182 1108 2205 ut
1127 2175 1281 2206 inferatur
1301 2176 1357 2207 ali-

784 2220 886 2263 quid:
911 2228 941 2251 et
964 2232 1036 2252 cum
1054 2221 1122 2252 haec
1148 2223 1191 2253 ita
1218 2223 1300 2261 sint,
1321 2222 1355 2253 in
