1402 2460
529 79 589 109 AD
614 77 777 108 LIBRUM
801 77 859 106 111.
1227 77 1290 106 383

100 147 204 171 torum
219 138 368 177 ultrices,
385 146 533 180 tanquam
558 140 650 169 Diras
668 148 702 168 ae
723 138 848 174 Furias,
865 134 1053 166 exhiberent
1064 158 1072 173 ‚
1088 141 1125 166 ut
1139 135 1170 166 h.
1187 135 1208 165 l.
1228 136 1293 165 255

98 195 224 232 —257.
239 196 278 225 Et
292 193 375 235 apud
388 193 540 233 Apollon.
553 194 629 234 Arg.
645 194 695 229 11,
712 191 867 222 Phineum
883 191 1099 227 ulciscuntur3
1114 188 1171 218 ubi
1181 200 1212 219 v.
1229 188 1294 227 289

99 255 172 278 suut
188 246 255 283 Διὸς
271 247 372 285 κύνες,
388 255 424 277 ut
437 249 534 290 Κῆρες
550 254 626 277 sunt
646 238 744 277 iwan)
759 244 844 280 κύνες
863 246 922 283 IV,
945 245 1030 274 1665
1044 256 1052 282 3
1068 254 1133 284 quo
1152 243 1270 273 factum
1285 264 1294 280 ,

100 311 135 332 ut
153 303 298 333 confusas
322 304 436 343 passim
462 313 535 332 cum
553 302 602 332 his
626 302 702 342 ipsis
715 300 844 330 xideas.
863 302 920 330 etsi
936 302 1092 330 Homerus
1114 298 1228 328 diserte
1247 307 1297 326 eas

100 357 304 395 distinxerat,
320 357 435 398 Odyss.
451 367 468 386 υ
480 379 488 394 ,
506 368 543 395 77
559 380 567 395 ,
586 356 639 394 78.
655 357 726 385 Hoc
742 366 843 385 uuum
853 362 934 384 reete
950 354 1117 384 traditum*
1109 364 1143 383 m
1156 359 1297 382 extrema

99 419 185 452 parte
201 419 286 443 notae
304 414 460 442 Servianae
487 419 517 441 et
539 413 573 441 iu
588 418 663 441 nota
680 409 830 441 Cerdana.
851 410 1017 440 Accessit
1009 420 1044 439 m
1061 416 1153 449 poeta
1170 414 1201 437 et
1215 407 1278 437 hoc
1289 429 1297 444 ‚

99 465 187 505 quod
199 466 279 495 mala
294 465 485 495 denuntiant
504 472 535 495 et
553 464 744 505 praedicunt.
763 465 842 494 Nam
859 464 903 492 sic
919 463 1044 493 Celaeno
1060 472 1067 492 :
1088 463 1166 501 Quoe
1182 459 1300 490 Phoebo

94 526 193 558 pater
209 519 427 559 omnipotens,
448 518 527 548 mihi
545 517 680 547 Phoebus
696 517 815 558 Apollo
832 516 1009 553 Proedixie,
1027 515 1119 546 vobis
1134 514 1301 545 Furiarum

101 584 160 614 ego
175 574 321 603 maxima
335 573 460 613 pando.
477 572 620 602 Tandem
647 573 740 602 etiam
756 574 925 601 Parcarum
943 578 974 601 et
988 572 1137 601 Fatorum
1157 570 1230 599 loco
1247 569 1302 598 ha-

101 627 177 656 bitae
194 634 279 657 suut.
309 627 360 657 Sic
382 625 524 656 Herodes
551 627 678 655 Atticus
702 626 736 655 in
762 626 909 665 Inscript.
928 626 963 654 in
981 624 1154 665 Reginam,
1174 633 1220 653 vs.
1242 629 1302 658 14:

103 678 215 710 οὕνεκα
232 677 259 709 οἱ
277 677 396 715 παῖδας
411 678 464 722 μὲν
483 677 642 721 ἀμύμονας
659 678 692 709 ἐκ
708 677 857 723 μεγάρειο
873 669 1009 721 Ἁρπυιαι
1022 677 1172 711 Κλωθῶες
1189 673 1306 718 ἀνηρεί-

104 732 341 775 ψαντο-ευηῑ
354 734 479 776 Μοῖραι.
499 734 546 765 Cf.
564 734 621 764 inf.
642 733 754 777 adpffl
765 756 773 771 ‚
792 734 869 769 845.
884 734 1025 764 Jecimus
1041 731 1245 761 fundamenta
1260 729 1305 759 fa-

103 789 189 819 bulae
205 799 220 818 a
240 789 315 818 viris
337 788 454 826 doctis,
474 789 529 829 qui
560 789 682 818 veriora
709 789 877 827 exquirere
898 787 1027 823 volent,
1048 786 1225 815 accuratius
1243 784 1306 814 dis-

107 841 272 883 pescendae
294 850 324 872 et
340 841 563 872 dilucidandae.
579 842 678 870 Vanis
693 839 894 880 etymologiis
915 839 1101 879 implicitam
1120 849 1186 868 rem
1205 849 1308 878 nuper

106 897 244 927 vidimus
258 907 274 926 a
290 896 476 927 Martorello
490 906 585 936 super
599 894 712 925 Colon.
722 894 858 924 Euboic.
880 893 1048 934 Neapolim
1065 893 1201 923 deducta
1216 903 1249 933 p.
1266 898 1308 932 49

107 963 174 993 sqq.
195 952 342 982 Ceterum
361 952 482 981 mireris
504 950 604 988 forte,
625 956 686 979 tam
705 956 790 979 casto
805 948 838 979 h.
862 959 889 979 e.
916 955 980 978 tam
998 949 1148 988 exquisiti
1173 949 1256 978 circa
1274 945 1309 976 τὸ

107 1005 202 1037 καλὸν
220 1004 274 1037 καί
292 1004 411 1049 πρέπον
431 1016 540 1036 sensus
556 1012 587 1035 et
604 1004 729 1034 subtilis
746 1003 859 1042 judicii
882 1010 1002 1044 poetae,
1021 1002 1161 1031 fabulam
1179 1008 1243 1031 tam
1255 1011 1310 1042 pa-

108 1072 181 1092 rum
191 1061 366 1100 jucundam
381 1061 522 1101 potuisse
535 1060 675 1100 probari.
695 1059 755 1089 Cui
769 1059 853 1089 euim
872 1068 940 1087 non
955 1064 1081 1087 moveat
1093 1066 1238 1086 nauseam
1244 1055 1310 1097 foe-

110 1115 240 1146 dissima
253 1115 377 1146 ventris
390 1114 549 1155 proluvies
568 1121 598 1144 et
614 1121 826 1154 contactuque
840 1112 949 1142 omnia
953 1111 1088 1154 foedant
1096 1111 1266 1141 Immundo
1282 1117 1313 1139 et

111 1179 191 1202 teter
203 1171 283 1201 odor
291 1175 307 1200 ,³
323 1171 494 1201 Enimvero
516 1169 627 1199 talium
650 1179 757 1198 rerum
769 1167 890 1206 judicia
909 1167 1040 1197 diversis
1054 1167 1089 1196 in
1103 1166 1233 1207 populis
1243 1189 1251 1204 ‚
1267 1165 1312 1195 di·

110 1237 202 1257 verso
216 1236 300 1264 aevo,
322 1225 493 1255 admodum
513 1224 636 1254 diversa
651 1234 716 1255 esse
731 1224 834 1254 solent
848 1234 856 1260 3
877 1222 964 1263 quod
978 1222 1114 1252 Homius
1136 1221 1314 1251 meminisse

111 1279 262 1317 debebat,
282 1287 313 1309 et
331 1290 347 1309 a
362 1280 520 1320 Lessingio
549 1278 626 1309 olim
654 1278 812 1308 monitum
833 1283 888 1307 est.
909 1277 1010 1312 Tum,
1031 1275 1119 1316 quod
1133 1275 1234 1313 majus
1250 1280 1315 1310 est,

111 1345 146 1364 ea
168 1344 239 1375 quae
262 1336 424 1364 vetustatis
447 1334 666 1363 auctoritatem
689 1331 824 1368 habent,
841 1332 876 1360 in
899 1330 992 1360 talem
1012 1340 1178 1360 censuram
1192 1330 1248 1359 vix
1261 1339 1315 1358 ve-

111 1390 216 1419 niunt.
235 1389 275 1418 Et
286 1387 399 1417 habuit
408 1387 575 1427 Virgilius,
585 1396 681 1427 quem
691 1391 888 1426 sequeretur,
899 1384 1109 1425 Apollonium
1118 1385 1161 1421 lI,
1175 1393 1188 1412 1
1196 1384 1236 1421 87
1247 1394 1315 1423 sqq.

157 1444 324 1482 Superest,
338 1448 374 1470 ut
392 1441 432 1470 de
442 1440 552 1480 forma
568 1440 791 1481 Harpyiarum
806 1439 1010 1480 dispiciamus
1023 1462 1031 1476 ‚
1047 1439 1154 1479 pauno
1167 1439 1318 1469 subtilius

112 1506 207 1536 quam
221 1505 238 1524 a
251 1495 431 1525 Montfauc.
447 1501 478 1523 et
493 1495 561 1523 aliis
579 1494 698 1524 factum
720 1493 870 1523 vidimus.
890 1495 930 1522 In
948 1494 1089 1522 Homero
1111 1500 1186 1522 sunt
1201 1492 1314 1528 Venti,

113 1548 161 1579 θῖν
151 1551 202 1579 :U
205 1558 256 1585 αι,
273 1547 434 1588 aquibus'
426 1558 461 1577 111
476 1547 573 1577 altum
589 1554 686 1588 raptae
699 1553 775 1576 sunt
790 1546 949 1578 Pandarei
965 1544 1058 1583 filiae3
1073 1546 1154 1576 nihil
1163 1545 1202 1576 de
1216 1547 1318 1576 forma

114 1601 252 1632 additur.
267 1602 311 1631 At
328 1601 385 1631 ubi
400 1610 498 1641 equos
515 1601 658 1641 Harpyia
677 1600 818 1640 Podarge
836 1599 985 1640 Zephyro
1003 1601 1126 1640 peperit
1147 1597 1318 1642 βοσκομένη

114 1659 240 1700 λειμῶνι
254 1652 343 1698 παρὰ
360 1653 426 1697 ῥόον
442 1646 591 1684 memmio
605 1677 613 1692 ,
631 1655 836 1684 manifestum
851 1660 914 1691 est,
928 1653 1017 1693 quod
1032 1659 1064 1682 et
1079 1654 1293 1694 Apollonius
1285 1666 1320 1684 ln

114 1711 232 1741 Lexico
242 1711 372 1740 Homer.
384 1709 511 1745 statuit,
517 1707 664 1749 formam
682 1707 833 1748 equinam
850 1707 879 1737 ei
894 1717 960 1736 esse
973 1706 1148 1737 tributam:
1164 1707 1254 1738 Iliad.
1273 1719 1315 1748 π,

121 1771 195 1804 149.
213 1763 267 1794 Ad
285 1773 381 1803 quem
394 1762 504 1792 locum
515 1762 608 1802 plura
620 1761 809 1791 videbimus.
826 1760 909 1791 Αἶας
923 1759 1044 1789 addidit
1059 1759 1188 1790 Hesiod.
1199 1733 1318 1802 Theog’

120 1820 197 1857 267.
215 1818 363 1848 «Electra
387 1816 577 1847 Thaumanti
600 1817 724 1857 peperit
747 1813 900 1857 ἧΰκόμους
918 1803 1057 1856 Ἁρπυίας
1075 1805 1216 1845 Ᾰελλώτ
1218 1817 1319 1845 Ὠκυ-

118 1872 282 1909 πέντῃντε,
299 1870 376 1913 At&
393 1868 512 1912 ἀνέμων
528 1872 650 1912 πνοιῇσι
667 1867 721 1900 καὶ
741 1867 855 1904 οἰωνοῖς
872 1867 927 1912 ἅμ’
942 1867 1069 1899 ἕπῡνται
1085 1861 1195 1910 Ωκείῃς
1210 1869 1321 1913 πτερύ-

121 1940 158 1971 γ
147 1937 218 1957 zm
239 1922 404 1967 μεταχθόν.
407 1934 439 1953 αι
458 1921 520 1968 γὰρ
543 1921 615 1954 ἴαλ)
618 1934 659 1955 ον.
678 1924 748 1954 »Si
770 1920 901 1966 τ’,ΰκομοι
926 1930 1021 1960 sunt,
1040 1921 1182 1962 pulchris
1200 1923 1318 1958 comis,

83 1981 86 1985 ”
120 1988 213 2022 putes
222 1978 352 2020 puellas
373 1978 487 2015 suisse;
507 1985 642 2018 possunt
662 1984 767 2007 tamen
786 1987 914 2018 quoque
931 1975 1072 2016 pulchris
1079 1975 1166 2016 jubis
1183 1977 1322 2017 insignes

122 2045 186 2065 esse
215 2044 316 2074 equae.
336 2032 434 2072 Apud
457 2032 611 2073 Apollon.
635 2033 671 2061 iu
693 2032 815 2072 Argon.
831 2030 854 2062 1.
874 2031 895 2060 l.
917 2032 970 2067 ΙΙ,
993 2030 1056 2060 188
1081 2031 1240 2071 appositos
1263 2031 1322 2061 Ar-

123 2089 267 2131 gonautis
280 2086 368 2117 cibos
384 2093 509 2127 raptant
522 2088 706 2130 γαμφηλῇσι
719 2108 727 2123 ,
743 2085 830 2126 quod
851 2084 936 2126 apud
954 2086 1131 2115 Homerum
1147 2084 1186 2115 de
1203 2086 1322 2116 maxil.

124 2143 179 2178 Iis,
201 2139 342 2184 σιαγόσι,
362 2139 481 2184 γένυσι,
498 2139 634 2176 dictum3
660 2139 697 2170 de
727 2140 835 2169 rostris
858 2139 955 2181 vulgo
980 2139 1143 2180 accipitur.
1161 2138 1323 2169 Advolant

125 2206 252 2238 quoque
269 2194 330 2225 illae
345 2201 376 2225 et
390 2194 489 2225 edunt
507 2194 687 2236 clangorem
698 2216 707 2234 ,
723 2191 868 2237 κλαγγὴν
880 2216 888 2232 ,
908 2204 953 2224 vs.
975 2193 1053 2234 269,
1071 2199 1218 2235 tanquam
1235 2193 1321 2223 alites
