1402 2460
628 87 750 117 LIBER
775 88 832 116 111.
1267 83 1330 120 25³¹)

123 144 218 180 Ecce
238 150 364 180 autem
384 145 522 180 Boreas
543 152 701 192 angusta
721 144 768 180 ab
788 143 877 181 sede
899 142 1023 180 Pelori

124 202 263 240 Missus
282 201 397 239 adest.
417 203 516 239 Vivo
534 203 798 253 praetervehor
817 203 912 239 ostia
931 215 1021 239 saxo

124 263 333 313 Pantagiae‚
353 265 606 314 Megarosque
626 264 728 301 sinus
740 292 750 310 ,
770 263 1040 313 Thapsumque
1057 262 1252 313 jacentem.

124 323 229 360 Talia
248 323 483 362 monstrabat
503 324 673 375 relegens
693 333 818 362 errata
840 334 1049 362 retrorsum

1279 331 1329 362 690

126 384 256 424 Litora
275 385 580 432 Achaemenides,
601 398 725 423 comes
744 385 903 423 infelicis
923 385 1038 422 Ulixi.

181 444 332 482 Sicanio
351 454 535 495 praetenta
554 446 637 483 sinu
653 446 752 496 jacet
772 446 894 483 insula
910 454 1042 483 contra

130 609 234 628 sursus
246 621 253 635 ‚
282 606 400 628 certum
427 607 473 629 esc
502 599 580 629 clare
604 599 705 629 lintea

130 653 212 675 retro
223 657 235 681 ;
249 652 321 676 aut:
341 645 460 675 Contra
467 646 559 687 jussa
576 655 708 676 monent

130 691 248 721 Heleni
258 692 398 730 Scyllam
409 700 505 732 atque
513 692 704 731 Charybdin.

132 740 221 767 Inter
238 744 268 767 et
281 738 401 777 reliqua
415 738 526 768 eodem
543 738 649 769 modo.
661 756 709 763 -—-

133 784 250 813 Heleni
261 783 361 823 jussa,
373 795 403 814 v.
418 794 487 824 sup.
504 790 569 819 410
580 796 626 824 sq.
640 791 705 824 429

132 841 177 870 sq.
191 829 246 867 Ni,
254 831 383 870 antique
390 840 450 870 pro
459 841 510 860 ne.
521 831 570 860 Sic
577 832 665 860 Serv.
677 838 707 860 et

132 877 240 916 plures
262 883 381 906 ueteres
398 876 605 906 Grammatici
621 876 706 917 apud

133 924 242 953 Heius.
257 930 287 952 et
300 922 386 952 alios.
400 934 430 952 V.
442 925 554 954 Horat.
566 924 580 952 I
599 923 703 954 Carm.

138 976 177 1006 ¹4
189 992 197 1006 ‚
220 970 271 999 15.
293 971 440 999 Teneant
461 970 529 1000 scil.
545 980 651 1000 naves.
668 971 706 1000 In

134 1016 230 1046 simili
252 1026 285 1045 re
311 1015 373 1047 Od.
388 1027 427 1060 γ,
452 1027 514 1055 172
527 1040 536 1053 ,
558 1016 615 1046 ubi
630 1027 708 1057 prae-

135 1070 267 1092 cesserat
281 1061 410 1104 ’ᾐτέομεν
434 1059 469 1093 δὲ
495 1061 561 1093 θεὸν
571 1061 707 1106 -ξφρσ,

135 1108 285 1153 φύγωμεν
298 1127 364 1147 —-‚
394 1111 538 1151 sequitur
561 1121 591 1140 v.
622 1111 685 1148 176
702 1121 708 1141 ι

135 1160 215 1199 Ωρτο
232 1153 261 1185 δ’
281 1154 333 1186 ἐπὶ
351 1154 438 1200 λιγὺς
457 1151 544 1199 εὗρες
564 1154 707 1199 diue-121·

137 1202 170 1233 αἱ
186 1200 220 1232 δὲ
236 1199 389 1245 μάλ’ὧκοι
404 1198 708 1243 Ῐχθυόεντοικέλευθα

137 1246 318 1292 διέδραμεν.
335 1251 375 1280 cf.
391 1250 453 1281 Od.
468 1262 506 1292 μ,
528 1262 602 1291 197,
621 1261 699 1281 221.

185 1297 263 1334 687.
282 1297 378 1326 Venti
391 1299 493 1338 poetis
508 1308 522 1326 a
533 1298 708 1335 montibus,

135 1352 284 1384 tauquam
308 1344 438 1374 sedibus
448 1367 456 1382 ‚
474 1351 630 1385 petuntur
645 1344 657 1386 (
670 1344 709 1375 cf.

135 1390 317 1421 Markland.
345 1392 444 1432 Epist.
473 1392 543 1421 crit.
566 1402 597 1432 p.
625 1389 689 1432 56)
701 1402 708 1428 ;

136 1439 241 1478 itaque
256 1437 288 1468 h.
305 1437 327 1468 1.
351 1438 473 1478 Aquilo
488 1449 504 1467 a
521 1445 710 1479 promonto-

135 1485 184 1514 rio
199 1484 312 1514 Peloro
322 1508 331 1521 ,
359 1484 397 1514 ad
414 1484 533 1514 fretum
547 1485 687 1516 Siculum
701 1495 709 1521 3

136 1531 211 1560 hinc
226 1539 366 1573 angusta
380 1531 420 1561 ab
433 1531 508 1561 sede
521 1549 567 1556 —
576 1531 690 1562 Dlissus
700 1541 711 1559 .-

137 1584 217 1618 puto
227 1579 363 1619 exprimi
370 1576 491 1621 ἴκμενες
502 1579 554 1609 vel
568 1577 683 1621 ἱέμενος
699 1589 707 1609 ;

137 1626 164 1652 is
199 1634 313 1654 navem
343 1625 404 1655 fert
425 1625 603 1655 secuudum
628 1626 707 1656 litus

139 1670 253 1700 Siciliae
268 1672 420 1701 orientale
430 1682 539 1702 versus
547 1679 701 1702 austrum.

185 1716 251 1745 688
265 1740 273 1754 ,
308 1717 386 1757 689.
415 1718 492 1747 Vivo
522 1718 604 1748 ostia
628 1729 710 1748 saxo

139 1763 321 1804 Pantagiae.
369 1763 553 1806 Pantagias
595 1764 607 1805 (
621 1775 710 1794 nune

138 1809 250 1839 Fiume
280 1809 316 1839 di
345 1810 494 1851 Porcari)
515 1821 634 1851 parvus
649 1810 710 1840 flu-

138 1856 211 1885 vius
225 1878 234 1892 ‚
248 1855 340 1885 brevi
353 1866 449 1886 cursu
459 1880 468 1895 ‚
484 1857 568 1886 infra
586 1858 712 1887 Leonti-

139 1912 198 1932 nos
209 1924 217 1939 ,
255 1903 346 1941 cujus
384 1905 502 1932 ostium
542 1904 712 1943 praeruptis

139 1950 292 1989 utrinque
306 1949 441 1989 rupibus
462 1948 657 1979 includitur:
674 1948 712 1979 de

139 2005 177 2025 eo
191 2006 221 2025 v.
235 1995 362 2026 Cluver.
379 1996 464 2027 Sicil.
479 1995 536 2026 h‘b.
555 1997 586 2033 Ι,
605 2006 632 2026 c.
654 2006 666 2025 1
678 2007 690 2025 1
703 2007 712 2033 ;

139 2041 276 2073 Dorvill.
308 2042 413 2073 Sicula
440 2053 472 2084 p.
511 2042 577 2072 206
588 2065 597 2080 ‚
634 2052 711 2081 207.

142 2087 218 2117 Vivo
240 2099 341 2124 saxo,
367 2096 405 2120 ut
426 2090 460 2126 Ι,
492 2089 552 2128 167
576 2088 714 2129 vivoque

141 2134 255 2164 sedilia
286 2146 382 2166 saxa.
423 2137 515 2166 Saxa
551 2143 712 2166 rotantem

143 2181 342 2223 Pantagiam
357 2181 440 2213 dixit
449 2182 613 2214 Claudian.
625 2181 663 2212 de
673 2184 713 2213 R.

144 2229 176 2258 P.
193 2228 242 2265 11,
260 2230 297 2266 57
315 2229 350 2258 in
371 2229 444 2260 loco
459 2229 536 2260 hinc
554 2240 714 2270 expresso,

760 602 896 641 Dlegara
905 606 980 629 sunt
989 599 1020 629 h.
1030 599 1051 629 l.
1061 598 1248 639 Hyblensia,
1260 597 1334 638 quia

761 647 838 677 olim
869 646 977 687 Hybla
1003 656 1099 686 parva
1132 644 1233 680 dicta,
1267 655 1334 674 non

760 693 855 734 longe
871 704 889 723 a
902 694 1066 733 Syracusis
1075 715 1083 729 ‚
1094 693 1129 721 in
1142 693 1215 721 sinu
1228 693 1335 732 Mega-

761 740 863 776 renffl',
880 738 976 779 Goffo
997 738 1032 768 di
1049 742 1213 779 Augusta,
1240 747 1337 778 quem

762 785 801 814 ab
821 785 949 814 australi
970 791 1059 824 parte
1082 784 1217 814 includit
1234 783 1337 824 Thap-

761 841 829 866 sus,
858 831 1028 871 peninsula
1047 831 1081 860 iu
1098 841 1185 861 mare
1201 841 1335 871 procur-

759 888 832 907 rens
841 900 850 913 ,
859 878 967 917 plana
978 877 1252 919 ‚paeneflactibus
1259 888 1334 918 par,

761 925 804 954 ait
833 925 978 962 Servius,
1002 925 1058 964 qui
1079 924 1216 954 insulam
1229 924 1336 965 appel-

760 971 821 1009 lat,
839 970 924 1000 unde
940 970 1107 1012 jacentem
1124 970 1207 1000 dixit
1224 978 1316 1011 poeta
1328 993 1335 1007 ,

760 1017 793 1047 h.
811 1029 838 1048 e.
855 1017 1009 1047 humilem
1021 1039 1029 1055 ,
1046 1027 1114 1047 non
1135 1018 1228 1047 altam
1247 1028 1338 1048 mon-

763 1064 860 1095 tibus.
879 1082 927 1087 —-
945 1064 1024 1104 689.
1050 1064 1239 1106 Pentagiae,
1255 1067 1341 1094 Pan-

763 1118 872 1152 tagyae
892 1111 976 1151 (hoc
1003 1118 1034 1140 et
1061 1111 1149 1141 Med.
1181 1119 1212 1141 et
1242 1113 1337 1142 Rom.

763 1169 837 1188 cum
866 1158 975 1199 fragm.
1002 1158 1124 1194 Vatia,
1145 1157 1199 1188 sed
1218 1161 1341 1188 Παντα-

763 1202 835 1249 γίας
847 1228 854 1242 ,
872 1203 886 1234 ὁ
903 1203 991 1249 ἄγων
1004 1204 1037 1235 h.
1052 1215 1078 1234 e.
1098 1201 1220 1248 ἀγνύων
1234 1202 1342 1235 πάντα.

762 1251 859 1281 undae
869 1250 1023 1292 impetu).
1036 1253 1237 1292 Tapsumque
1246 1274 1254 1288 ‚
1269 1253 1343 1281 Tas-

764 1309 895 1339 sumque
908 1322 917 1334 ‚
938 1300 1144 1338 Taxamque,
1171 1297 1343 1328 Thabsmn-

765 1356 843 1386 que,
889 1345 1105 1385 Capsuquze,
1136 1344 1342 1375 librariorum

763 1393 855 1449 lanan
880 1401 888 1422 ε
916 1391 1135 1432 Tkarsumque
1162 1393 1256 1422 Rom.
1288 1393 1344 1422 Est

765 1441 883 1480 Θαῳς.

813 1486 880 1526 690
892 1508 900 1523 ,
926 1485 1005 1526 691.
1041 1486 1199 1527 Relegens
1231 1493 1341 1516 retror-

765 1543 846 1564 sum.
876 1533 959 1563 Nam
988 1543 1062 1562 cum
1085 1532 1199 1573 Ulysse
1214 1543 1230 1561 a
1253 1534 1345 1562 Loto-

761 1580 942 1621 phagorum
980 1579 1057 1609 iude
1098 1579 1201 1608 insula
1219 1601 1226 1616 ,
1255 1579 1344 1609 litori

765 1627 884 1656 Africae
912 1632 1066 1666 praetenta
1078 1647 1087 1662 ‚
1119 1626 1235 1655 Sicih'ae
1265 1625 1343 1655 litus

764 1672 917 1703 orientale
929 1672 970 1701 ad
989 1672 1147 1713 Cylcopas
1161 1682 1262 1711 usque
1278 1671 1340 1712 (cf.

765 1719 803 1748 ad
821 1717 907 1759 570)
925 1718 1252 1759 praeternavigaverat.
1278 1719 1341 1748 Ita-

765 1776 828 1805 que
854 1765 950 1794 litora
972 1765 1036 1802 jam
1063 1771 1180 1793 errata.
1197 1781 1245 1787 —
1261 1764 1341 1805 691.

768 1811 874 1846 Illy-ssi
886 1811 1034 1841 Priscian.
1050 1817 1081 1840 et
1094 1809 1228 1840 Probus.
1243 1811 1342 1851 Vulg.

769 1857 902 1891 Vlrssei.
919 1857 1037 1888 L'ltima
1050 1879 1058 1894 ,
1078 1867 1183 1886 comes
1203 1856 1223 1887 i.
1250 1858 1287 1888 U.
1303 1868 1343 1888 ex

766 1914 797 1933 v.
815 1904 882 1944 609
897 1909 999 1932 assuta
1011 1902 1143 1943 putabat
1155 1904 1329 1934 Burmann.
1334 1927 1342 1941 ‚

767 1949 909 1979 offensus
934 1949 1055 1979 scilicet
1082 1949 1223 1990 epitheto
1240 1949 1344 1992 infeli-

767 1995 834 2026 cis:
851 1995 938 2036 quod
959 1997 995 2026 in
1019 1998 1126 2027 AEneae
1141 2006 1196 2026 ore
1218 1997 1344 2038 gravius

770 2042 858 2072 aliud
872 2042 1082 2073 desiderabat.

815 2089 881 2130 692
894 2106 940 2113 —-
951 2089 1030 2130 696.
1055 2089 1161 2119 Insula
1186 2089 1321 2132 Ortygia
1332 2113 1341 2126 ,

768 2142 799 2166 et
812 2147 853 2166 ex
868 2137 1000 2167 adverso
1018 2136 1247 2176 Plemmyrium
1271 2147 1346 2177 pro-

768 2185 966 2213 montorium
977 2206 985 2221 ,
1009 2183 1050 2212 ad
1071 2182 1191 2213 adjtum
1208 2184 1297 2213 sinus
1315 2190 1346 2212 et

770 2236 882 2270 portus
920 2231 1119 2271 Syracusani.
1158 2231 1198 2260 In
1238 2228 1346 2260 eadem
