1402 2460
561 113 683 143 LIBER
708 112 749 142 11.

54 171 236 207 Excutior
255 181 406 216 somno,
423 178 460 207 et
478 170 615 207 summi
632 169 781 220 fastigia
799 171 887 207 tecti

52 231 245 268 Adscensu
261 243 419 281 super0,
441 239 555 281 atque
575 230 737 268 adrectis
756 230 913 268 autibus
937 230 1054 268 adsto.

51 295 95 328 In
114 300 278 341 segetem
293 291 411 328 veluti
428 305 545 341 quum
562 291 712 328 flamma
730 290 945 329 furentibus
963 290 1098 329 austris

50 351 207 398 Incidit,
225 359 290 388 aut
311 351 464 402 rapidus
483 361 662 389 montano
680 352 835 389 flumine
854 360 1001 388 torrens

52 412 194 448 Sternit
211 424 341 462 agros,
355 414 489 450 sternit
505 422 585 450 sata
601 414 704 459 laeta,
723 412 916 462 boumque
941 411 1110 457 labores,

51 471 341 521 Praecipitesque
359 472 474 509 trahit
492 473 622 519 silva53
647 482 773 523 stupet
794 473 934 510 inscius
955 473 1030 510 alto

50 531 255 583 Adcipiens
271 534 435 571 sonitum
453 534 534 571 saxi
551 534 596 571 de
612 534 755 572 vertice
774 542 915 585 pastor.

102 595 200 629 Tum
219 607 311 630 vero
332 595 529 632 manifesta
548 595 656 642 fides,
676 598 926 644 Danaumque
943 603 1140 643 patescunt

51 653 212 690 Insidiae.
230 658 314 691 Jam
329 655 522 704 Deiphobi
541 656 644 693 dedit
664 656 788 704 ampla
811 656 981 700 ruinam,
1207 662 1253 685 320

49 714 218 751 Volcano
238 723 456 764 superante,
478 715 631 761 domus3
646 716 725 765 jam
743 727 955 765 proxumus
974 713 1084 750 ardet

50 775 260 824 Ucalegon;
281 775 393 824 Sigea
409 775 486 823 igni
503 775 600 812 freta
620 775 695 811 lata
717 774 899 810 relucent.

50 834 231 870 Exoritur
250 833 467 883 clamorque
487 835 630 881 virum,
650 835 881 884 clangorque
904 832 1094 870 tubarum.

46 997 78 1019 ta
93 991 197 1026 Scaea,
220 1000 318 1030 eaque
338 998 426 1032 parte
449 1001 512 1032 qua
526 991 623 1022 Achi-

48 1037 81 1065 vi
103 1036 216 1066 urbem
242 1038 374 1078 ingressi
403 1045 501 1068 erant.
533 1040 624 1069 Statii

48 1083 259 1113 imitationem
299 1091 392 1114 notat
422 1086 624 1115 Burmannus

50 1128 150 1158 Theb.
166 1131 197 1158 V
209 1152 217 1167 ,
239 1136 302 1165 242
316 1153 325 1167 ,
350 1138 381 1160 et
395 1130 424 1160 si
439 1131 509 1161 laea
527 1142 624 1162 reces-

50 1174 92 1203 sit
109 1175 188 1204 Urbe
205 1176 326 1207 domus.

101 1221 293 1252 302—308.
310 1224 474 1253 Adscensu
494 1235 621 1264 supero,

49 1277 109 1306 pro
118 1267 287 1306 adscendo,
302 1276 412 1300 ornate
422 1271 456 1299 iu
472 1281 505 1301 re
522 1272 620 1301 tenui.

51 1313 270 1354 Comparantis
293 1323 324 1346 et
347 1318 520 1357 comparati
540 1319 622 1347 ratio

49 1361 154 1399 primo
178 1362 298 1392 intuitu
324 1373 391 1392 non
418 1365 491 1393 satis
517 1370 624 1405 aperte

49 1404 206 1437 declarata
227 1419 292 1439 esse
314 1409 449 1440 videtur.
471 1413 560 1440 Latet
573 1421 625 1440 au-

48 1458 113 1481 tem
128 1453 163 1483 in
175 1453 261 1486 iltis:
275 1455 405 1486 arrectis
422 1457 550 1487 auribus
565 1457 624 1486 ad-

49 1505 96 1527 sto
106 1521 115 1536 ‚
133 1507 164 1529 et
178 1509 282 1542 stupet
294 1502 457 1542 accipiens
465 1503 602 1533 sonitum
613 1516 625 1535 .-

49 1551 86 1574 ut
100 1546 145 1575 sic
166 1558 338 1589 componas
354 1558 362 1579 :
386 1549 478 1579 adsto
493 1551 625 1581 arrectis

49 1591 174 1623 auribus
183 1617 192 1629 ‚
205 1604 296 1624 aures
305 1596 409 1637 arrigo
419 1618 428 1633 ‚
439 1597 539 1626 veluti
553 1608 623 1637 pas·

49 1643 101 1666 tor
135 1640 254 1680 accipit
295 1649 423 1682 stupens
464 1643 619 1679 sonitum,

49 1694 145 1723 quum
157 1686 304 1728 flamma
329 1687 362 1717 in
387 1697 525 1729 segetem
545 1689 624 1718 inci-

49 1729 106 1760 die.
133 1734 214 1772 Quae
241 1735 403 1773 sequitur,
427 1736 622 1776 comparatio

49 1776 235 1809 adumbrata
257 1787 303 1809 est
318 1791 359 1810 ex
374 1780 462 1810 Iliad.
482 1779 515 1818 β,
536 1782 620 1819 455,

51 1827 133 1863 456;
152 1830 188 1863 λ,
216 1827 279 1856 155
307 1837 376 1867 sqq.
407 1833 437 1856 et
463 1826 554 1857 Iliad.
578 1823 618 1863 ὃ,

51 1874 246 1910 452—455,
273 1873 353 1903 adde
379 1883 409 1909 ε,
429 1873 468 1911 87
494 1884 540 1914 sq.
557 1884 565 1911 3
581 1876 618 1910 λ,

50 1927 114 1960 492
133 1931 222 1961 sqq.;
242 1922 365 1950 Lucret.
384 1921 414 1956 Ι,
427 1920 623 1960 282—290.

49 1967 140 1998 conf.
162 1967 220 1997 inf.
252 1967 318 2006 496
346 1977 413 2007 sq.;
437 1967 553 2008 Georg.
572 1969 623 2004 11,

51 2013 118 2049 3ὸ4
132 2024 220 2054 sqq.;
238 2016 309 2044 AEn.
333 2014 418 2049 ΧΠ,
444 2013 507 2043 523
534 2024 624 2054 sqq.‚

50 2062 146 2096 etx,
166 2060 232 2097 405
260 2071 329 2100 sqq.
359 2062 561 2101 Argutantur
590 2061 626 2090 in

51 2106 271 2147 comparandis
289 2107 369 2137 locis
390 2106 535 2137 Maerob.
552 2109 625 2137 Sca·

50 2152 104 2193 lig.
120 2153 230 2184 Cerda.
240 2153 421 2184 Dicendum
430 2153 625 2194 simpliciter,

52 2206 180 2238 poetam
204 2201 337 2231 Homeri
359 2201 488 2231 inventa
503 2201 626 2241 egregie

53 2247 118 2276 suis
133 2246 236 2277 verbis
248 2247 422 2278 reddidisse
441 2253 473 2277 et
486 2257 624 2278 ornasse.

676 992 745 1023 Nisi
758 991 840 1022 forte
848 992 883 1021 in
895 990 958 1021 hoc
974 990 1255 1031 reprehendendus

677 1038 779 1068 videri
806 1045 911 1078 potest
921 1061 929 1075 ‚
954 1037 1044 1077 quod
1069 1048 1111 1067 ez·
1139 1039 1252 1068 AEneoe

678 1085 844 1114 narranti-5
868 1095 1009 1125 persona
1038 1083 1106 1113 tal-IS
1127 1095 1253 1124 compa-

677 1133 757 1162 ratio
773 1142 840 1161 non
857 1132 930 1161 satis
950 1130 1117 1161 commode
1131 1132 1253 1162 intexta

676 1179 727 1208 sit,
745 1177 842 1218 Quod
866 1185 897 1207 et
919 1180 1075 1208 W'artono
1090 1179 1134 1206 ita
1149 1179 1252 1208 visum

675 1224 782 1254 video.
799 1223 859 1254 Sed
873 1224 959 1253 illius
973 1225 1131 1253 narrantis
1147 1235 1253 1254 recor-

676 1269 838 1300 dationem
881 1271 1019 1299 suavitas
1062 1272 1252 1300 narrationis

673 1316 863 1355 jamdudum
903 1317 1015 1346 animis
1056 1315 1252 1346 audientium

678 1364 817 1393 excussit
832 1372 840 1393 :
859 1361 1041 1404 ficrencibus
1068 1362 1183 1391 austris
1209 1363 1255 1392 di-

678 1411 737 1447 cit,
753 1416 790 1439 ut
813 1416 905 1449 poeta
928 1419 987 1450 pro
999 1431 1008 1445 ‚
1023 1409 1126 1438 ventis
1147 1408 1253 1439 flanti-

678 1455 738 1486 bus
760 1465 768 1486 z
788 1463 925 1491 torrens,
963 1452 1148 1497 χείμαᾲῥοςς
1170 1455 1255 1495 rapi-

678 1502 737 1532 dus
771 1509 926 1532 montano
953 1501 1118 1544 flumine,
1141 1508 1253 1531 auctus

677 1559 833 1589 aquarum
848 1548 986 1578 colluvie
1000 1559 1018 1577 e
1030 1547 1255 1578 montibus.—

681 1595 757 1625 305.
791 1595 876 1624 Saxi
907 1593 947 1624 de
974 1593 1098 1624 vertice
1132 1601 1254 1624 torrens

678 1640 785 1671 Schol.
811 1643 923 1671 Horat.
948 1641 996 1669 IV
1011 1640 1072 1671 Od.
1103 1646 1144 1675 14
1167 1651 1208 1670 ex
1223 1652 1252 1670 v,

679 1688 741 1717 308
757 1687 880 1717 saxide
888 1686 1010 1716 vertice
1015 1694 1130 1727 pastor
1142 1697 1153 1716 .·
1169 1697 1258 1715 mon-

677 1741 755 1763 tano
780 1744 801 1762 a
824 1733 946 1763 vertice
973 1734 1076 1772 Bigot.
1104 1744 1146 1762 ex
1172 1734 1251 1769 VII,

678 1780 741 1817 567
761 1788 794 1809 et
811 1788 893 1809 torto
914 1778 1036 1808 vertice
1049 1786 1182 1808 torrens.
1193 1780 1254 1808 Ra-

670 1826 768 1865 pidos
782 1837 831 1866 pr.
841 1827 959 1856 Moret.
970 1831 1001 1854 et
1015 1826 1038 1854 F
1040 1835 1126 1855 rane.
1137 1825 1256 1854 Flumi-

678 1883 718 1901 ne
734 1873 850 1902 Moret.
868 1872 1069 1909 tert.——-3o7.
1083 1871 1179 1901 Sedet
1192 1882 1253 1912 pro

677 1925 781 1959 stupet
793 1917 930 1959 Quintil.
941 1919 1023 1947 VIII
1038 1920 1116 1948 Inst.
1134 1918 1154 1947 6
1167 1939 1176 1955 ,
1192 1928 1255 1948 me-

679 1966 788 1995 moriae
817 1966 907 1995 vitio.
929 1982 976 1987 —-
1001 1964 1079 1995 308.
1106 1963 1196 1994 Iliad.
1212 1960 1252 2001 ὃ,

681 2013 747 2048 445
763 2013 830 2041 Τῶν
852 2007 890 2041 δέ
912 2021 946 2041 τε
961 2008 1071 2044 τηλόσε
1087 2006 1204 2041 ‹ioum-a
1223 2009 1251 2040 ἐν

680 2058 794 2102 οὔρεσιν
811 2056 900 2088 ἔκλυε
916 2054 1043 2100 ποιμτῖν.

729 2105 926 2145 309—313.
946 2106 1025 2134 Tum
1042 2114 1121 2133 vero
1147 2104 1254 2133 mani-

670 2151 761 2193 festa
766 2151 856 2194 fides
868 2157 996 2188 ornate,
1012 2151 1060 2181 un'
1072 2149 1163 2180 rebus
1165 2149 1253 2193 fides

668 2198 749 2242 fieri
771 2198 889 2228 dicitur
914 2204 1031 2228 eventu
1053 2206 1062 2227 ε
1087 2197 1252 2226 manifesta

677 2246 741 2284 jam
757 2256 806 2275 res
821 2251 898 2276 erat.
914 2244 983 2276 Alii
994 2245 1182 2285 interpretes
1197 2243 1251 2273 ali—
