1433 2460
112 94 173 113 2¹22
614 79 806 110 AENEIDOS

111 143 239 189 Ecqua
262 148 385 175 tamen
405 148 527 187 puero
545 144 604 174 est
621 137 765 174 amissae
786 149 877 173 cura
897 136 1083 185 parentis?

112 200 257 250 Ecquid
279 200 316 235 in
334 197 528 247 antiquam
547 198 727 235 virtutem
749 197 970 246 animosque
990 197 1109 233 virilis

114 265 157 300 Et
181 270 289 311 pater
309 261 445 295 AEneas
465 268 502 296 et
525 259 734 296 avunculus
755 258 894 295 excitat
912 259 1076 294 Hector?
1097 274 1110 287 »

165 321 271 357 Talia
292 319 475 356 fundebat
494 319 713 364 lacrimans,
734 318 942 368 longosque
962 317 1085 355 ciebat

114 384 306 417 Incassum
324 379 434 415 fletus
451 393 461 424 ;
483 390 601 427 quum
620 390 700 414 sese
717 390 739 414 a
758 377 945 414 moenibus
964 378 1077 414 heros
1278 383 1322 411 34⁵

114 439 321 477 Priamides
340 438 468 475 multis
487 438 654 475 Helenus
670 437 940 475 comitantibus
961 437 1083 474 adseri
1096 465 1105 480 ‚

116 498 399 549 Adgnoscitque
415 510 523 543 suos,
540 498 724 547 laetusque
745 496 792 534 ad
810 497 939 533 limina
957 496 1082 542 ducit,

115 562 159 596 Et
183 558 342 595 multum
363 557 535 594 lacrimas
553 557 672 594 verba
690 557 788 594 inter
807 557 955 606 singula
977 556 1112 593 fundit.

114 618 303 664 Procedo,
324 627 360 654 et
381 630 538 668 parvam
557 618 728 668 Trojam,
750 617 1001 667 simulataque
1022 615 1164 666 magnis

113 773 174 808 εἰη
191 769 277 800 haud
304 768 403 799 dubie
430 770 514 798 enim
537 768 616 799 illud
646 779 692 798 re-

114 817 240 849 scissuri
257 816 389 846 fuissem
408 818 514 845 Tucca
525 823 556 845 ct
564 816 691 845 Varius.

117 863 317 895 Probabilius
331 862 409 891 mihi
431 863 490 898 sit,
504 862 599 892 fuisse
616 862 693 892 olim

116 913 149 942 in
168 910 308 951 margine
322 909 361 938 ab
377 908 485 948 aliquo
502 907 694 938 versificato-

116 968 150 987 re
167 957 252 986 varia
266 957 300 985 iu
313 955 345 985 h.
357 955 378 985 l.
394 961 509 984 tentata
520 978 528 992 ‚
545 954 631 985 unde
646 966 694 984 se-

117 1013 217 1044 quens
240 1002 389 1032 librarius
414 1001 567 1042 expedire
579 1012 611 1032 se
628 1011 696 1031 nou

115 1056 232 1091 posset.
246 1049 394 1080 ceterum
420 1049 514 1078 etiam
535 1049 588 1078 hic
606 1048 696 1078 locus

117 1097 230 1132 docet,
246 1106 287 1125 ex
307 1106 371 1124 uno
393 1094 503 1135 aliquo
525 1096 696 1135 transcrip-

117 1151 150 1173 to
165 1142 313 1182 exemplo
329 1143 436 1172 omnia
448 1142 578 1172 fluxisse
591 1153 697 1172 exem-

114 1190 215 1231 plaria
227 1189 381 1219 Maronis.
391 1206 439 1211 —--
450 1190 492 1224 34
500 1199 512 1218 1
520 1213 527 1220 .
542 1188 696 1230 Equidem

114 1237 204 1266 hunc
221 1246 349 1264 versum
367 1234 492 1265 dudum
510 1242 694 1276 suspectum

114 1282 232 1319 habui3
249 1288 282 1311 et
293 1281 396 1310 adhuc
416 1292 603 1322 persuasum
616 1283 694 1312 mihi

116 1328 236 1363 habeo,
269 1338 286 1357 e
314 1334 421 1357 vetere
450 1328 578 1368 quidem
610 1328 694 1359 libro

116 1385 190 1405 eum
212 1373 251 1404 ad
267 1383 326 1403 nos
344 1375 545 1414 pervenisse3
566 1374 621 1404 sed
639 1376 695 1405 ali-

117 1420 248 1462 quando
261 1420 301 1450 ad
321 1421 494 1461 marginem
517 1422 618 1452 aliena
631 1433 694 1452 ma-

116 1478 162 1498 uu
190 1466 386 1507 adscriptum
418 1466 582 1497 adhaesisse
598 1491 607 1505 ,
631 1480 694 1498 una

116 1525 189 1544 cum
218 1513 396 1555 fragmento
427 1515 600 1554 superioris
625 1526 694 1544 ver-

115 1571 170 1590 sus
181 1583 190 1597 ‚
205 1561 296 1598 cujus
307 1560 427 1600 reliqua
442 1570 513 1600 pars
527 1561 694 1591 obliterata

116 1614 201 1643 erat3
219 1613 267 1643 et,
281 1607 308 1636 si
323 1606 405 1636 bene
421 1617 576 1647 auguror,
593 1618 609 1636 a
622 1618 694 1647 poe—

115 1662 145 1683 ta
181 1660 304 1683 tantum
342 1653 397 1682 illa
432 1654 549 1694 scripta
579 1661 669 1683 erant
685 1664 692 1684 :

118 1699 207 1741 Quid
219 1710 304 1740 puer
323 1699 493 1730 Ascanius.
511 1700 641 1741 Ecquid
660 1700 693 1730 ιἰι

115 1746 285 1787 mztiqnam
313 1757 348 1777 v.
375 1746 557 1776 Brunckius
572 1754 695 1777 utrum-

115 1803 178 1833 que
207 1803 335 1823 versum
361 1804 378 1822 a
400 1800 493 1834 poeta
521 1801 639 1823 temere
661 1795 696 1824 in

115 1840 256 1869 chartam
269 1841 451 1878 conjectum
477 1840 573 1870 fuisse
587 1842 695 1870 existi-

116 1886 221 1916 mabat
232 1909 240 1923 ,
254 1893 290 1916 ut
311 1887 388 1917 oh'm
404 1887 443 1917 ab
460 1897 497 1917 eo
510 1894 696 1917 retractare-

119 1941 180 1962 tus.
191 1951 237 1955 —
249 1933 314 1969 342
324 1956 332 1970 ,
349 1935 426 1970 343.
444 1934 600 1964 Generosi
624 1945 695 1964 ver—

119 1980 186 2008 sus!
204 1990 244 2009 ex
260 1982 425 2011 communi
445 1981 498 2011 illa
517 1981 692 2018 sententia,

120 2031 171 2061 ut,
185 2027 241 2065 qui
255 2029 361 2068 magni
376 2029 437 2058 viri
457 2026 562 2057 filium
580 2038 612 2058 se
628 2038 694 2057 esse

119 2073 317 2109 meminerit,
332 2075 404 2114 plus
425 2074 466 2105 ad
478 2075 630 2104 virtutem
645 2075 695 2104 in-

120 2119 282 2148 citamenti
290 2118 413 2152 habeat.
427 2123 477 2158 In,
492 2121 525 2152 h.
537 2132 566 2152 e.
579 2120 629 2159 ad,
639 2131 697 2151 atz-

119 2164 243 2206 tiquam
264 2164 417 2197 virtutem
442 2170 500 2198 int.
525 2168 692 2207 majorum.

121 2212 303 2244 Avunculus
328 2214 462 2251 Hector,
498 2215 594 2245 latius
624 2214 692 2245 dic-

748 776 814 798 tum
839 780 897 809 pro
924 768 1169 809 consanguineo.
1196 767 1236 796 cf.
1266 767 1321 796 inf.

747 817 809 846 xu
819 839 827 852 ‚
841 822 856 851 Ι.
866 817 918 855 39.
932 817 1010 845 Nam
1024 815 1088 844 Ilus
1099 822 1130 844 et
1139 815 1323 848 Assaracus,

747 872 763 891 a
777 873 842 903 quo
856 864 976 892 Hector
984 869 1015 892 et
1029 864 1141 892 AEueas
1154 870 1252 901 genus
1265 859 1324 888 du—

749 909 862 939 cebant
873 931 881 945 ‚
899 915 989 939 eraut
1001 909 1093 939 Trois
1117 906 1187 938 filii.
1201 908 1325 937 Notatu

748 955 897 997 dignum,
914 955 1003 996 quod
1020 955 1073 984 hic
1092 956 1126 984 in
1141 954 1298 985 Serviauis
1319 963 1324 982 :

752 1002 893 1043 Quidam
913 1002 1090 1031 avunculus
1114 999 1278 1030 humiliter
1291 1000 1323 1029 ιή

749 1048 877 1079 heroico
912 1047 1056 1078 carmine
1086 1048 1206 1078 dictum
1240 1046 1325 1077 acci-

745 1095 848 1137 pium.

798 1142 993 1178 345—348.
1014 1141 1045 1170 A
1074 1139 1246 1176 moenibus,
1275 1141 1324 1169 via

750 1200 790 1220 ex
804 1190 895 1219 urbe.
912 1191 952 1219 Se
975 1186 1076 1229 affert
1092 1198 1121 1217 v,
1140 1197 1211 1228 sup.
1237 1188 1320 1222 310,

749 1236 806 1266 inf.
822 1238 918 1273 VIII,
938 1242 1000 1273 477
1016 1258 1024 1272 ,
1042 1241 1078 1266 ut
1088 1233 1179 1276 ferre
1201 1245 1253 1269 se,
1279 1233 1324 1262 ιἠ-

739 1282 831 1325 ferre
855 1294 903 1319 se,
925 1281 1042 1324 efferre
1066 1292 1115 1318 se,
1143 1279 1261 1322 offerre
1279 1291 1322 1310 se.

748 1329 994 1373 προσφέρεσθαι,
1014 1325 1229 1372 προσάγεσθαι
1241 1350 1248 1364 ,
1264 1337 1324 1368 pro

748 1375 985 1419 προσέρχεσθαι.
1022 1377 1062 1406 cf.
1096 1375 1128 1405 h.
1162 1375 1184 1405 l.
1213 1375 1321 1405 Heius.

749 1426 828 1454 Suos
838 1446 846 1460 ‚
861 1423 1041 1464 populares.
1056 1424 1154 1452 Recte
1166 1424 1253 1452 Serv.
1269 1420 1322 1450 ad-

748 1470 794 1500 dit
810 1481 818 1501 ε
835 1472 879 1500 Ec
895 1470 973 1499 bene
995 1468 1098 1499 verba
1114 1468 1238 1498 Heleno
1250 1475 1325 1508 post

750 1515 1013 1546 Andromacham
1043 1525 1106 1544 ηοη
1138 1514 1246 1551 dedic,
1284 1525 1323 1543 ne

741 1563 882 1604 frigeret
891 1576 904 1600 ,·
918 1563 999 1593 sicut
1012 1562 1044 1592 in
1055 1562 1135 1593 libro
1156 1563 1184 1589 V
1196 1562 1323 1592 Acestae

748 1609 760 1651 (
785 1621 814 1639 v.
834 1617 872 1646 μ
899 1610 922 1651 )
951 1627 998 1632 --
1021 1610 1099 1646 348.
1132 1608 1322 1638 Lacrimans

748 1656 870 1695 aliquot
884 1658 983 1693 Pier„
1004 1656 1126 1697 aliquot
1146 1656 1275 1692 Heins.,
1293 1661 1323 1684 et

748 1702 821 1732 edd.
842 1709 918 1733 vett.
937 1703 1121 1738 nonnullae3
1136 1701 1319 1738 manifesto,

749 1748 804 1778 sed
817 1748 954 1789 proclivi
967 1749 1069 1788 lapsu.
1079 1749 1146 1779 Nec
1160 1748 1250 1778 aliter
1260 1748 1327 1778 fue-

750 1802 816 1833 rat,
832 1802 912 1836 puto
922 1818 930 1832 ‚
946 1795 981 1824 in
997 1793 1147 1824 Gudiano
1158 1817 1167 1831 ‚
1181 1795 1239 1834 qui
1250 1795 1326 1825 litu-

750 1852 816 1871 ram
841 1841 896 1871 hic
921 1841 1078 1878 habebat,
1096 1851 1114 1870 e
1132 1851 1194 1881 qua
1213 1842 1322 1872 Heius.

751 1896 855 1919 tamen
875 1888 1034 1919 excitabat
1050 1897 1058 1918 :
1073 1887 1208 1918 multum
1227 1887 1323 1917 lacri-

749 1946 811 1965 mae
821 1959 830 1972 ‚
861 1946 920 1976 pro
943 1934 1170 1969 lacrimarum,
1201 1935 1323 1964 curiose

747 1984 855 2022 potius
871 1992 968 2022 quam
987 1991 1072 2012 vere.
1088 1981 1170 2012 Nam
1189 1980 1324 2010 multam

748 2029 954 2059 Homericum
970 2025 1084 2058 πολλὸν
1101 2033 1167 2065 est,
1185 2038 1245 2068 pro
1258 2027 1324 2057 val-

749 2074 789 2105 de
800 2098 808 2113 ‚
835 2073 1007 2104 admodum
1019 2097 1027 2110 ‚
1056 2081 1089 2105 et
1118 2073 1189 2104 talia
1221 2084 1323 2104 amare

749 2121 919 2164 Virgilium
935 2122 1008 2151 satis
1025 2127 1159 2151 constat.

797 2169 955 2209 349—35
964 2179 991 2200 1.
1008 2167 1168 2198 Simulata
1183 2166 1320 2210 magnis,

748 2215 935 2247 assimulata.
961 2215 1045 2247 conf.
1069 2213 1126 2246 inf.
1152 2216 1219 2253 IV,
1246 2214 1322 2246 512.

1410 262 1433 375 :2723

1416 547 1420 554 ,
1416 524 1417 529 Α
1420 491 1422 496 ⁴
1410 381 1433 479 vr*-
