1402 2460
530 165 591 195 AD
615 165 778 195 LIBRUM
804 167 861 195 IV.
1230 166 1292 204 391

97 220 190 251 dorfii
206 223 320 254 Notam
338 233 370 264 p.
394 223 480 253 1036
503 233 550 264 sq.
574 225 622 254 De
638 225 781 264 Neptuni
803 225 928 253 incessu
946 223 1039 253 simili
1060 229 1176 253 ornatu
1191 223 1297 254 elabo-

99 281 182 304 ratus
198 282 245 305 est
262 275 347 317 apud
365 275 474 317 Apoll.
491 277 558 314 111,
589 278 675 317 1239
692 287 739 317 sq.
758 278 848 308 Sicut
864 276 950 307 Dido
972 287 1043 306 cum
1065 278 1167 307 Diana
1186 277 1242 306 lib.
1260 278 1294 312 1,

99 328 162 368 498
186 338 254 370 sqq.
270 330 313 358 ita
329 331 441 360 AEneas
457 330 608 361 incedens
633 338 835 372 comparatur
853 341 927 360 cum
945 331 1096 372 Apolline
1116 330 1296 360 incedente.

95 384 166 414 Jam
178 406 186 421 ,
201 391 238 414 ut
253 391 402 415 ornatum
416 385 570 427 intelligas
580 408 588 423 ‚
604 385 699 416 deum
713 396 780 416 non
799 386 984 427 simpliciter
1001 385 1201 415 incedentem
1212 408 1221 423 ‚
1243 385 1298 415 sed

96 438 174 469 festo
194 439 264 476 die,
290 446 327 470 ut
349 442 444 471 sacris
467 443 532 471 suis
556 442 698 479 intersit,
724 441 936 482 prodeuntem
952 441 1051 479 sistit3
1068 447 1099 471 et
1117 441 1212 470 sacris
1229 441 1300 480 qui-

95 493 166 523 dem
193 493 425 534 celeberrimis,
447 497 482 526 in
506 496 609 526 insula
632 495 735 526 Delo:
752 495 826 525 inde
845 503 1029 525 ornamenta
1050 496 1141 536 petiit
1159 505 1233 524 curn
1258 506 1299 525 ex

93 547 142 577 his
163 549 258 578 sacris
277 556 308 579 et
330 549 382 579 dei
406 559 551 587 accessu,
577 556 710 580 tum-ex
734 550 827 587 loco,
852 549 938 580 unde
958 549 1142 580 decesserat.
1165 548 1298 588 Lyciam

95 611 266 641 memorat,
299 613 430 644 eamque
454 603 620 634 hibernam
650 604 802 645 appellat,
834 606 986 645 quoniam
1017 603 1153 633 hiemem
1179 602 1299 643 Apollo

96 658 212 689 Pataris
233 659 338 698 Lyciae
359 658 479 699 exigit:
499 660 556 689 etsi
572 659 623 688 vel
644 655 845 702 δυσχείμερον
866 659 918 688 vel
939 655 1113 701 εὐχείμερον
1139 657 1300 697 explicant

95 713 155 741 viri
178 711 275 742 docti.
299 713 372 743 Non
397 712 525 743 videtur
551 713 689 743 alienum
706 724 723 742 a
741 724 775 743 re
797 724 881 749 esse,
906 712 995 753 quod
1018 713 1145 743 Servius
1172 717 1298 748 narrat;

95 766 222 806 gravior
241 767 326 796 enim
345 768 514 796 auctoritas
531 778 597 797 non
617 768 778 805 occurrit;
797 777 873 796 nam
893 774 1020 796 constat
1034 764 1220 806 Apollinem
1242 773 1299 792 sex

95 820 252 850 mensibus
270 819 459 851 hiemalibus
482 822 572 863 apud
592 825 768 859 Pataram,
797 821 905 861 Lyciae
928 820 1105 856 civitatem,
1135 819 1214 849 dare
1237 829 1299 848 res-

89 883 280 915 ponsa—et
302 887 360 906 sea·
381 876 497 906 (estivis
518 877 609 917 apud
629 877 757 906 Delum.
782 876 874 906 Certe
890 882 922 905 et
941 875 1097 905 Herodot.
1119 876 1152 908 Ι,
1182 874 1243 903 182
1262 873 1300 903 de

95 933 233 961 Pataraeo
251 931 381 961 oraculo
398 940 406 961 1
424 930 457 961 οὐ
477 928 539 975 γὰρ
555 927 596 961 ὧν
617 929 678 961 αἰεί
699 930 761 961 ἐστι
781 928 963 973 χρηστήριον
984 927 1100 960 αὐτόθι.
1117 920 1300 970 Ᾱποὸημίαι

94 993 125 1016 et
141 982 305 1028 ἐπιδτμίαι
320 985 455 1015 deorum
475 997 524 1016 res
542 988 706 1016 notissima
727 987 873 1026 inprimis
892 992 964 1026 post
982 984 1150 1025 Spanhem.
1173 985 1207 1013 in
1229 984 1299 1014 Cal-

95 1040 160 1070 lim.
179 1040 296 1069 Delum
315 1046 496 1070 maternam
515 1042 608 1070 matri
622 1042 750 1070 Latonae
763 1050 881 1069 sacram
893 1062 901 1076 ‚
918 1050 974 1069 seu
989 1038 1076 1079 quod
1091 1039 1198 1067 matris
1214 1048 1301 1067 caus-

94 1105 125 1124 sa
155 1096 235 1124 mari
257 1101 434 1125 emerserat.
458 1095 550 1125 Certe
575 1101 605 1124 et
629 1095 697 1124 aliis
717 1101 764 1124 est
782 1094 923 1124 Latonia
939 1093 1047 1124 Delos.
1065 1095 1138 1124 Jam
1156 1094 1188 1122 in
1204 1095 1299 1123 sacris

94 1148 175 1178 nihil
198 1156 245 1178 est
267 1149 431 1190 augustius
446 1148 560 1186 clzoro,
585 1150 642 1189 qui
660 1149 807 1186 ducitur,
832 1148 915 1178 nihil
936 1149 970 1178 in
996 1149 1098 1188 poetis
1121 1154 1299 1178 memoratu

91 1202 278 1241 jucundius.
292 1205 475 1241 humanu,
493 1214 566 1233 curn
579 1203 699 1233 dilectu
710 1226 718 1240 ‚
735 1202 994 1244 quandoquidem
1009 1209 1056 1232 est
1071 1212 1141 1232 voc.
1155 1212 1278 1231 sacrum
1302 1214 1310 1235 ;

93 1257 188 1286 habet
206 1264 310 1287 autem
334 1257 406 1297 plus
429 1257 606 1299 dignitatis,
630 1257 718 1298 quod
739 1258 807 1297 ipse
830 1256 908 1286 deus
931 1263 1021 1297 parat
1045 1255 1178 1292 choros,
1205 1265 1300 1295 quam

93 1311 208 1341 choros
221 1312 255 1340 in
274 1312 342 1349 ejus
355 1310 510 1341 honorem
531 1311 616 1342 duci.
647 1311 744 1342 Chori
759 1312 842 1341 inter
858 1322 924 1341 rem
946 1321 1066 1340 sacram
1084 1311 1299 1340 instituuntur

93 1366 132 1395 ab
149 1366 189 1395 iis
205 1366 260 1406 qui
283 1376 370 1395 sacra
395 1373 526 1403 curant,
552 1367 668 1407 partim
692 1367 748 1406 qui
770 1366 925 1406 primitias
951 1366 1081 1405 frugum
1104 1366 1138 1394 in
1162 1365 1298 1395 insulam

92 1427 279 1461 apportant3
305 1432 336 1450 v,
355 1420 476 1452 Gallim.
494 1421 529 1450 in
544 1421 615 1451 Del.
636 1432 666 1451 V.
695 1431 760 1460 279
782 1431 871 1460 sqq.;
896 1419 956 1449 hos
977 1418 1121 1459 designat
1135 1426 1227 1459 poeta
1242 1430 1298 1459 per

95 1475 216 1511 Cretes,
234 1476 379 1515 Dryopes
391 1483 423 1504 et
435 1475 645 1517 Agathy-sos.
656 1476 837 1516 Simplicius
850 1476 942 1505 Iones
956 1481 1184 1504 memoraverat
1197 1476 1298 1515 Hym-

91 1541 152 1559 nus
166 1531 398 1560 Homericusin
414 1530 521 1570 Apoll.
540 1537 598 1568 147
617 1541 663 1571 sq.
673 1531 762 1560 Facit
781 1530 875 1559 etiam
890 1531 1059 1560 nominum
1075 1531 1246 1570 antiquitas
1260 1529 1297 1558 ad

92 1584 241 1621 majorem
263 1585 409 1613 carminis
425 1583 620 1626 dignitatem.
641 1585 747 1614 Cretes
764 1586 934 1615 memorari
948 1584 1099 1614 videntur
1119 1583 1296 1614 secundum

48 1638 53 1642 “
92 1641 260 1681 Hymnum
276 1641 484 1669 Homericum
498 1641 531 1669 in
547 1640 655 1680 Apoll.
672 1651 702 1670 v,
723 1640 786 1670 388
805 1651 872 1679 sqq.
886 1663 894 1677 ,
924 1640 989 1669 535
1010 1650 1078 1680 sqq.
1104 1640 1163 1670 ubi
1177 1640 1297 1680 Apollo

92 1692 177 1734 apud
185 1693 326 1734 Delphos
335 1703 498 1723 sacrorum
508 1694 670 1723 ministros
681 1693 741 1723 sibi
752 1692 898 1722 adsciscit
907 1693 1082 1730 Cretenses,
1093 1694 1168 1722 navi
1178 1692 1297 1733 Pylum

93 1754 253 1788 petentes;
269 1757 364 1787 quem
378 1747 487 1777 locum
502 1748 596 1776 etiam
609 1747 760 1777 Tibullus
775 1747 905 1787 respicit
918 1747 963 1776 IV
975 1769 983 1783 ‚
1011 1757 1025 1776 1
1039 1769 1048 1783 ‚
1070 1746 1088 1775 8
1103 1753 1135 1775 et
1148 1756 1180 1786 9.
1196 1747 1300 1785 Dryo-

87 1813 166 1843 pes,
191 1803 337 1840 Trojanis
359 1801 555 1842 temporibus
579 1801 747 1831 Thessaliae
772 1802 855 1830 circa
876 1799 1071 1841 Spercheum
1086 1799 1294 1836 habitatores,

94 1856 169 1886 inde
182 1856 324 1886 Parnassi
339 1855 473 1892 accolae,
493 1865 555 1896 qua
568 1855 621 1885 ille
638 1865 748 1885 versus
764 1856 878 1885 OEtam
903 1855 1084 1895 procurrit,
1109 1864 1144 1883 ea
1167 1855 1297 1895 regione

94 1922 166 1952 quae
182 1911 277 1941 Doris
294 1910 448 1951 appellata
463 1917 519 1940 est.
535 1910 588 1940 Ab
605 1909 744 1940 Hercule
761 1909 849 1939 fuere
864 1910 958 1946 victi,
988 1919 1062 1938 cum
1074 1908 1127 1938 ille
1141 1908 1299 1938 Trachine

93 1972 282 1996 ,versat-etur.
305 1967 367 1995 Res
388 1966 516 2005 copiose
537 1975 572 1994 ac
597 1963 720 1994 diverse
736 1970 865 1993 tractata
882 1974 947 1993 esse
966 1962 1094 1992 videtur
1108 1961 1147 1991 ab
1164 1963 1202 1992 iis
1214 1985 1222 1999 ‚
1242 1964 1299 2002 qui

93 2020 260 2051 Heracleas
276 2019 508 2057 condiderunt3
526 2019 649 2050 diversa
663 2020 748 2049 enim
770 2020 854 2049 inter
867 2029 899 2049 se
913 2024 1083 2048 narrantur
1099 2016 1184 2058 apud
1197 2019 1298 2048 Hero-

95 2075 161 2105 dot.
176 2075 275 2112 VIII,
297 2075 314 2104 3
325 2085 351 2111 1,
372 2075 412 2112 73
426 2085 434 2111 ς
449 2073 601 2115 Apollod.
616 2075 658 2111 II,
679 2085 709 2112 7,
728 2085 743 2112 7
759 2085 767 2111 3
782 2073 884 2104 Strab.
899 2074 989 2110 VIII,
1004 2083 1038 2113 p.
1060 2072 1124 2109 373
1143 2071 1184 2109 C;
1200 2072 1298 2113 Apol-

93 2129 159 2159 lou.
172 2130 186 2158 Ῑ
197 2151 206 2166 ,
227 2129 312 2158 1213
327 2139 412 2169 sqq.‚
427 2135 458 2158 et
471 2127 576 2159 Schol.
593 2135 624 2158 et
640 2128 727 2159 alios.
743 2127 783 2158 cf.
801 2127 841 2157 ad
854 2125 1006 2168 Apollod.
1023 2126 1099 2158 Not.
1115 2137 1148 2167 p.
1167 2127 1233 2164 475
1250 2137 1297 2166 sq.

94 2183 155 2215 Sed
169 2193 210 2212 ex
222 2183 260 2212 iis
278 2171 380 2213 unum
393 2190 439 2214 est
450 2206 459 2220 ‚
478 2183 566 2224 quod
585 2183 741 2225 Virgilius
760 2193 800 2212 ex
818 2189 906 2223 parte
921 2182 1065 2222 sequitur
1076 2204 1084 2218 ‚
1114 2181 1198 2222 apud
1215 2183 1297 2211 Pau-

93 2249 161 2269 san.
174 2240 230 2275 IV,
249 2239 290 2274 34
302 2261 310 2275 ,
328 2240 475 2280 Dryopas
488 2241 590 2270 victos
609 2239 648 2269 ab
667 2238 807 2269 Hercule
823 2237 964 2278 Delphos
979 2236 1134 2267 abductos
1150 2243 1181 2266 et
1194 2237 1296 2276 Apol-

92 2293 152 2324 lini
167 2292 298 2323 devotos
318 2293 431 2333 fuisse,
451 2297 494 2338 τῷ
511 2280 674 2326 Aufinum-2¹.
690 2292 836 2336 ἀνάθημα
856 2291 992 2335 ᾔχθησαν
1012 2291 1039 2327 ἐς
1063 2290 1207 2333 [mec-33.
1226 2293 1297 2320 Hoc
