1433 2460
141 120 202 150 25'.

644 114 838 144 AEx‘Eums

143 171 345 212 inconsulti
365 170 526 216 abeunt,
544 170 748 221 sedemque
765 172 883 208 odoro
907 172 1071 221 Sibyllae.

142 237 212 273 llic
230 233 360 269 tibine
381 246 455 282 qua
476 245 592 269 morae
613 233 752 270 suerint
773 233 971 282 dispendia
993 233 1104 277 tanti,

142 293 324 342 Quamvis
350 293 577 343 increpitent
597 294 709 338 socii,
729 303 765 330 et
782 294 817 329 vi
836 307 968 329 cursus
986 294 1020 329 in
1039 294 1154 329 altum

142 356 233 392 Vela
257 362 386 399 vocnt,
406 353 603 403 possisque
622 354 725 389 sinus
743 353 900 402 implere
921 354 1126 399 secundos,
1304 362 1351 390 -555

143 416 245 463 Quin
264 414 376 451 adeas
396 423 541 458 vatem,
563 412 819 462 precibusque
840 414 992 450 oracula
1011 427 1153 464 poscas.

142 480 227 526 Ipsa
248 482 376 517 canat,
403 485 614 522 vocemque
633 473 763 509 volens
782 482 896 523 atque
913 486 980 510 ora
998 474 1171 511 resolvat.

143 536 211 572 Illa
230 534 298 571 tibi
321 532 439 570 Italiae
462 533 642 582 populos,
663 541 901 582 venturaque
923 531 1039 578 bella,

144 599 190 632 Et
216 609 293 645 quo
314 607 504 644 quemque
523 593 638 631 modo
659 594 857 644 fugiasque
879 594 1051 643 serasque
1071 593 1259 640 laborem,

144 654 348 705 Expediet,
372 666 581 702 cursusque
602 653 709 690 dabit
727 663 907 690 venerata
926 654 1123 691 secundos.
1307 662 1355 690 [μὴν

147 719 237 753 llaec
258 724 366 760 snnt,
384 728 469 763 qnae
486 724 616 751 nostra
633 715 742 752 liceat
762 723 797 751 tc
814 728 906 751 voce
925 715 1081 751 moneri.

146 775 251 812 Vade
273 788 359 823 age,
380 783 416 810 ct
437 775 625 825 ingentem
650 776 756 812 sactis
777 776 833 811 scr
854 775 899 811 ad
922 774 1063 812 aetlwra
1079 773 1243 824 Trojam.
1265 790 1277 805 υ

208 839 303 881 Qnae
327 845 524 884 postquam
545 845 647 873 vatos
667 838 720 873 sic
737 849 803 873 ore
821 836 956 872 effatus
977 836 1099 872 amico
1119 844 1193 881 cst;

149 988 277 1019 ordines
290 987 440 1016 soliorum
452 1010 459 1023 ‚
478 998 632 1028 reponere
645 999 679 1017 ea
693 989 726 1017 in

148 1045 205 1065 sua
222 1035 300 1064 loca.
327 1034 506 1063 Inconsulti
518 1034 550 1064 h.
570 1035 591 1065 l.
611 1035 728 1075 quibus

150 1081 331 1111 consultum
344 1103 351 1117 ‚
371 1091 558 1121 responsum
579 1092 646 1112 non
671 1088 726 1112 est.

150 1129 278 1158 Servius
290 1137 297 1157 :
308 1128 375 1157 sine
388 1138 551 1168 responso.

199 1180 213 1209 Ι.
223 1175 394 1212 53-457,
416 1175 563 1205 Colorem
577 1175 729 1205 orationis

150 1221 322 1251 illustrabit
356 1223 552 1262 comparatio
574 1222 637 1252 loci
660 1222 729 1252 Cal-

151 1268 219 1298 lim.
237 1269 270 1297 in
291 1268 361 1298 Del.
392 1269 454 1297 318
473 1280 541 1309 sqq.
562 1268 631 1308 Οὐχ
651 1267 730 1298 οὕτω

153 1311 287 1357 μεγάλοι
298 1325 346 1356 μιν
360 1313 544 1344 ἐπι-ιεύουστν
562 1313 658 1348 ἀῆται
671 1322 730 1345 etc.

153 1360 334 1400 Dispendia
359 1362 487 1401 proprie
509 1369 584 1391 sunt
613 1369 733 1402 tempo-

153 1407 206 1437 ris.
230 1408 358 1436 Vocant
378 1418 466 1437 anm:
489 1408 569 1437 vela
587 1419 682 1449 supra
702 1420 731 1439 v.

157 1453 223 1483 356
236 1475 244 1490 ,
268 1463 341 1482 cum
361 1460 475 1483 ventus
500 1454 659 1484 secundus
671 1456 733 1495 spi-

155 1507 213 1529 rat.
241 1500 401 1538 Quoniam
428 1499 497 1528 talis
520 1507 635 1530 ventus
660 1511 733 1530 cur-

155 1556 226 1575 sum
248 1545 322 1574 facit
335 1552 365 1574 et
379 1544 418 1574 ad
432 1547 666 1586 navigationem
689 1548 735 1577 in-

155 1591 348 1622 stituendam
366 1599 459 1621 vocat
471 1615 478 1629 ‚
499 1592 529 1623 h.
550 1593 570 1623 l.
588 1594 654 1633 ipse
672 1604 735 1622 cur-

156 1649 207 1668 sus
222 1638 290 1667 vela
305 1645 397 1667 vocat
410 1637 464 1674 vi,
483 1649 524 1667 ex
549 1637 594 1678 ΰίῃ
606 1662 614 1674 ,
635 1637 733 1681 βίῃφι,

156 1685 190 1716 h.
210 1695 238 1715 e.
253 1682 304 1714 σὺν
319 1680 374 1726 &qt
386 1707 394 1722 ‚
419 1681 545 1722 ἕιαίως,
566 1684 734 1715 vehemen-

158 1739 216 1761 ter.
232 1730 327 1760 Sinus
336 1731 490 1760 secundos
504 1731 650 1761 velorum
664 1731 737 1761 doc-

158 1785 188 1808 te
204 1777 287 1808 dixit
310 1784 408 1808 vento
434 1777 578 1808 secundo
598 1777 735 1808 inflatos.

160 1842 206 1848 —
225 1826 301 1863 457.
323 1826 399 1864 Ipsa
411 1848 418 1862 ‚
445 1835 511 1854 nou
525 1825 609 1854 foliis
625 1825 736 1854 vatici-

161 1873 213 1902 nia
230 1871 369 1902 mandet.
391 1873 504 1902 Natam
526 1879 632 1901 autem
655 1871 738 1901 hanc

162 1918 301 1949 fabulam
329 1919 554 1958 antiquissimis
589 1919 739 1958 tempori-

165 1964 224 1993 bus
243 1972 337 2005 puta,
355 1965 485 2005 quando
500 1964 663 1995 scribendi
678 1975 741 1994 ma-

167 2011 242 2039 teria
264 2018 353 2041 erant
374 2012 551 2052 palmarum
583 2018 637 2041 aut
666 2011 741 2041 alio-

166 2067 238 2086 rum
262 2058 412 2087 arborum
435 2059 518 2089 folia.
541 2061 622 2088 Tum
646 2059 740 2088 etiam

167 2109 255 2132 antra
269 2111 357 2133 erant
370 2116 429 2144 pro
449 2105 609 2136 domibus.
623 2122 670 2128 -—
685 2105 742 2135 Ca-

168 2156 224 2178 net
247 2155 278 2179 et
303 2151 436 2180 resolvet
459 2158 598 2192 quatuor
630 2153 740 2183 Burm.

169 2195 255 2236 quod
281 2197 380 2237 possit
407 2198 550 2237 placere3
581 2198 637 2228 sed
666 2200 741 2239 Ipsa

167 2250 267 2273 canat
278 2253 322 2274 sc.
337 2253 458 2284 posca5‚
472 2245 529 2276 inf.
549 2247 605 2284 VI,
626 2246 668 2284 76
689 2247 740 2287 Ip-

781 999 817 1018 sa
839 999 939 1017 canas
950 1011 958 1023 ‚
978 998 1045 1018 oro.
1065 988 1171 1018 Canac
1185 994 1215 1017 et
1229 988 1362 1017 resolvet

782 1035 869 1065 Gud.
883 1035 1065 1075 Valensque
1079 1045 1136 1064 ora
1152 1034 1295 1065 Parrhas.
1309 1035 1360 1074 Ip-

782 1093 818 1111 sa
836 1092 893 1110 ora
908 1081 974 1111 duo
994 1084 1102 1111 Burm.
1120 1082 1241 1111 Versus
1260 1080 1313 1110 hic
1329 1088 1360 1110 et

782 1139 852 1169 sup.
870 1129 934 1164 446
952 1128 1059 1158 aberat
1073 1138 1089 1156 a
1103 1129 1195 1157 Voss.

833 1176 1026 1210 458-460,
1042 1173 1116 1204 Vid.
1141 1173 1199 1203 inf.
1221 1174 1287 1210 VI,
1317 1173 1359 1202 83

785 1233 852 1262 sqq.
869 1223 942 1252 Non
963 1229 1067 1251 tamen
1082 1222 1155 1250 satis
1177 1220 1292 1250 diserte
1316 1220 1362 1249 ibi

787 1269 889 1298 videri
904 1275 1038 1309 possunt
1054 1268 1196 1308 exposita
1219 1268 1276 1296 ista
1294 1276 1301 1296 :
1318 1268 1363 1296 Et

787 1326 849 1356 quo
880 1326 1036 1355 quemque
1069 1314 1162 1344 modo
1186 1313 1363 1355 fiaegiasque

777 1361 933 1403 fifmsque
952 1362 1112 1398 laborem,
1140 1362 1200 1390 nisi
1224 1361 1305 1390 forte
1330 1361 1363 1389 in

787 1409 848 1438 illis
871 1418 878 1438 :
906 1410 950 1438 Τιι
973 1419 1014 1437 ne
1038 1408 1115 1437 cede
1138 1407 1233 1436 malis
1248 1406 1363 1436 —via

782 1455 893 1495 primd
916 1454 1029 1484 salutis
1044 1472 1091 1479 -—
1111 1453 1213 1483 Graia
1234 1453 1363 1494 pande-

788 1510 838 1531 tm·
853 1502 892 1531 ab
910 1501 993 1531 urbe.
1008 1503 1090 1531 Mox
1107 1502 1172 1536 460
1190 1507 1362 1536 venerata,

787 1555 953 1589 poetarum
978 1559 1065 1577 more
1087 1547 1227 1588 passive,
1254 1557 1295 1576 ex
1312 1556 1365 1576 an-

788 1596 879 1635 tiquo
900 1606 1063 1632 sermone,
1089 1594 1142 1624 vel
1164 1595 1311 1623 invocata
1330 1603 1366 1622 ac

788 1648 905 1683 rogata,
921 1648 957 1671 ut
969 1651 1100 1671 cursum
1112 1640 1291 1670 secundum
1301 1639 1365 1675 dec,

788 1688 820 1718 h.
847 1695 1021 1726 monstret,
1048 1688 1179 1725 doceat,
1202 1685 1366 1728 quomodo

789 1734 841 1764 ille
858 1734 997 1764 obtineri
1013 1736 1123 1775 possit.

840 1781 916 1815 462.
929 1780 1017 1810 Facis
1035 1788 1156 1821 septem
1174 1779 1270 1811 codd.
1286 1780 1365 1809 Bur-

791 1836 898 1856 mann.
922 1833 953 1855 et
974 1826 1072 1856 Goth.
1096 1827 1174 1856 alter
1192 1837 1208 1856 a
1225 1836 1267 1856 m.
1285 1835 1344 1855 sec.
1358 1848 1366 1862 ‚

793 1879 824 1902 et
841 1874 884 1902 sic
903 1882 1042 1913 auguror
1062 1879 1189 1913 poetam
1206 1872 1366 1902 maluisse.

792 1921 873 1950 Nam
889 1920 924 1948 in
945 1918 1016 1948 fatis
1037 1918 1099 1949 hoc
1119 1929 1203 1957 esse,
1229 1925 1265 1948 ut
1287 1919 1367 1948 Tro-

791 1966 822 2004 ja
849 1971 1037 2003 revocetur,
1064 1965 1184 2005 ubique
1207 1964 1368 1994 inculcare

794 2019 876 2042 amat
887 2023 895 2049 ;
911 2011 1008 2052 idque
1018 2012 1115 2041 totius
1125 2012 1272 2041 carminis
1288 2020 1370 2041 oeco-

794 2059 902 2089 nomia
920 2058 1124 2098 postulat.—
1140 2057 1218 2094 463.
1236 2055 1370 2099 Affatus

793 2105 887 2134 multi
905 2103 991 2144 apud
1006 2106 1114 2135 Burm.
1126 2127 1135 2142 ,
1152 2104 1243 2135 male.
1260 2102 1373 2146 Effari

794 2151 923 2192 proprie
946 2150 986 2180 de
1007 2152 1143 2182 vatibus.
1162 2151 1308 2187 Servius,
1332 2155 1370 2180 ut

793 2198 890 2236 solet,
916 2208 958 2227 ex
973 2198 1118 2239 augurali
1134 2197 1302 2238 disciplina
1317 2206 1366 2226 re-

792 2245 871 2286 petit
888 2254 895 2276 :
911 2245 997 2286 Ergo
1006 2267 1016 2282 ,
1043 2245 1191 2285 subjicit,
1219 2242 1369 2284 relgiioso
