1433 2460
97 133 135 162 7⁵¹
600 127 792 158 AENEHJos

92 193 208 226 Terra
228 188 400 236 antiqua,
425 195 555 235 potens
574 188 706 233 armis,
725 196 837 236 atque
857 186 974 224 ubere
993 187 1112 237 gleba?
1134 201 1141 223 :

93 249 258 287 onnon-i
279 248 431 284 coluere
447 247 540 294 viri3
558 261 657 285 nnnc
676 248 792 294 sanna,
814 247 978 284 minores

96 310 239 346 ltaliam
262 306 401 343 dixisse
419 306 525 345 (lucis
541 307 589 344 de
608 307 762 345 nomine
778 316 941 358 gentem.

99 373 182 407 Huc
201 381 332 404 cursus
356 367 451 404 suit:

97 435 224 477 Quum
240 428 368 465 subito
389 427 594 478 adsurgens
612 428 730 464 fluctu
746 428 941 465 nimbosus
957 427 1079 465 Orion
1256 434 1305 458 ⁵3⁵

96 494 138 526 In
161 489 256 525 vada
275 501 374 524 ca‘ca
390 488 495 533 tulit,
513 488 739 537 penitusque
755 488 981 537 procacibus
998 488 1139 524 austris

98 553 244 598 Perque
265 547 403 594 undas,
423 555 627 597 superante
643 547 740 592 salo,
762 559 906 596 perque
928 547 1030 583 invia
1048 560 1137 583 saxa

100 610 283 660 Dispulit3
305 609 380 645 hue
400 607 511 658 pauci
529 608 664 645 vestris
683 607 907 644 adnavimus
925 607 1013 644 oris.

101 728 266 762 bibebant,
297 737 483 767 expressum
499 737 565 755 esse
579 749 588 762 ‚
612 727 676 764 jam

100 776 210 806 Servio
226 780 371 803 notatum
387 772 445 801 fnit
465 780 495 802 et
511 773 677 802 Macrobio

103 825 166 853 Sat.
192 822 256 857 VI,
289 831 323 857 1,
348 819 538 859 elegantiore
568 819 679 859 utique

104 869 258 899 oration&
291 867 351 896 Est
380 866 467 894 locus
500 865 532 896 h.
566 865 587 895 l.
620 877 680 906 pro

104 916 245 956 regione.
271 914 346 943 Non
370 911 422 941 hic
448 913 555 942 locum
587 912 681 941 habet

106 960 306 1003 grammatica
327 958 495 988 subtilitas,
514 958 611 998 Quod
626 969 681 988 au-

105 1017 170 1038 tem
187 1005 376 1047 Hesperium
396 1016 454 1046 pro
480 1006 566 1035 Italia
586 1005 680 1042 dicit,

107 1055 259 1093 majorem
277 1052 371 1082 habet
393 1053 588 1091 antiquitatis
607 1062 681 1081 auc-

106 1102 277 1132 toritatem.
291 1097 389 1140 Quod
404 1098 553 1128 Graecum
566 1108 685 1128 nomen

104 1150 189 1178 inter
201 1147 319 1187 Tyrios
334 1152 501 1182 memoret,
515 1156 611 1186 super
623 1145 686 1175 hoc

108 1194 247 1235 argutari
259 1193 294 1222 in
309 1199 404 1233 poeta
418 1193 509 1232 epico
529 1192 625 1221 nefas.
643 1192 684 1222 cf.

108 1252 179 1281 sup.
202 1239 241 1269 ad
262 1249 294 1269 v.
313 1240 450 1268 321.——
465 1239 542 1268 531.
566 1241 686 1268 Pacens

109 1286 207 1317 Goth.
221 1296 271 1326 pr.
289 1284 382 1314 Amis
397 1292 494 1324 atque
504 1295 534 1314 u.
549 1296 583 1325 g.
599 1295 685 1314 mera

111 1333 278 1364 aberratio.
296 1331 520 1362 Nobilissimus
534 1332 618 1361 iuter
636 1341 688 1360 ve-

112 1388 194 1411 teres
215 1387 336 1409 versuS.
364 1379 462 1407 Terra
486 1377 641 1418 antiqua,
671 1387 687 1406 a

114 1428 215 1469 prima
241 1424 317 1455 inde
340 1424 510 1454 hominum
536 1425 689 1453 memoria

112 1474 270 1508 habitata,
296 1470 438 1511 adeoque
458 1481 526 1500 non
539 1471 690 1511 ignobilis

116 1528 149 1551 et
169 1519 323 1555 obscura3
342 1524 459 1558 potens
478 1517 578 1546 armis
594 1525 690 1557 atque

115 1567 209 1597 ubere
222 1564 345 1607 glebae‚
371 1564 551 1594 incolarum
570 1563 692 1593 fortitu-

117 1613 192 1644 dine
219 1618 250 1642 et
276 1611 336 1640 soli
357 1611 501 1640 ubertate
521 1610 689 1641 excellens.

119 1660 202 1691 Uber
219 1657 324 1701 gleboe
348 1657 483 1687 ductum
507 1656 608 1686 videri
632 1668 691 1697 po-

116 1713 178 1737 test
202 1717 243 1736 ex
261 1705 433 1734 Homerico
453 1703 542 1733 Iliad.
568 1702 603 1741 ζ,
628 1710 687 1739 141

119 1748 212 1795 0502?
231 1749 378 1794 ἀρούρης,
395 1752 451 1780 vix
467 1757 572 1780 tamen
588 1751 692 1791 prisco

118 1800 175 1830 illo
206 1796 386 1840 significatu
398 1820 406 1834 ‚
436 1808 501 1837 quo
526 1797 607 1826 uber
639 1808 694 1827 seu

121 1855 256 1876 mamma
274 1855 309 1874 ac
330 1844 378 1873 lac
393 1844 453 1873 soli
474 1843 513 1873 de
536 1843 695 1873 fertilitate

123 1892 270 1933 usurpari
295 1890 433 1927 solebat3
465 1889 520 1920 sed
541 1890 618 1920 uber
636 1901 696 1931 pro

123 1940 267 1969 ubertate
285 1937 405 1967 djctum
426 1937 631 1967 Grammatici
644 1937 698 1967 do-

125 1993 205 2015 cent.
238 1987 341 2014 Poetae
362 1990 467 2014 tamen
493 1991 632 2013 veterem
654 1984 699 2014 lo-

125 2031 244 2071 quendi
267 2041 388 2060 morem
411 2041 479 2060 non
497 2031 697 2071 ignorarunt.

126 2076 306 2108 Callimach.
324 2078 358 2107 in
370 2077 441 2107 Del.
458 2077 498 2113 48
513 2074 614 2110 νῆστις,
629 2072 698 2106 διοί-

126 2120 239 2166 ἕροχεν
256 2119 348 2153 *sedari
359 2122 474 2165 μαστὸν
491 2123 583 2153 dixit.
596 2124 699 2153 OEno-

125 2170 166 2200 tri
183 2169 319 2209 Pelasgi,
343 2171 398 2209 qui
413 2171 571 2210 principio
587 2180 698 2211 agrum

124 2219 159 2246 iu
175 2217 324 2245 interiore
345 2216 437 2246 litore
458 2217 616 2247 inferioris
637 2218 698 2246 Ita-

125 2263 174 2293 liae
201 2270 431 2302 occupaverant
453 2273 460 2293 :
485 2263 570 2293 unde
589 2264 696 2295 OEno-

732 727 790 756 tria
805 725 889 755 dieta
904 726 1044 766 primum
1059 736 1130 766 ager
1141 748 1149 761 ,
1177 731 1245 754 tuni
1265 730 1311 754 to-

733 780 762 802 ta
777 774 878 813 regnu
896 772 1049 808 minores,
1065 772 1194 812 proprie
1209 777 1288 800 natu
1302 794 1310 808 ‚

734 819 888 859 Virgilius
903 818 942 848 ad
957 826 1100 859 posteros
1113 818 1162 847 vel
1177 818 1312 847 seriores

735 866 901 896 transferre
917 865 1016 899 solet,
1040 871 1075 894 ut
1094 876 1124 895 v.
1142 865 1205 903 733
1222 871 1254 893 et
1269 864 1310 894 al.

738 913 872 943 Gentem
883 920 988 942 autem
999 912 1124 942 doctius
1135 911 1241 952 posuit
1252 921 1312 951 pro

736 968 820 989 terra
859 960 1030 991 Homerico
1067 968 1154 988 inore,
1167 969 1174 994 ;
1213 953 1312 999 δῆμος

735 1004 880 1039 Φαιήκων
896 1017 954 1047 pro
971 1005 1083 1035 insula.
1097 1022 1144 1027 —-
1159 1005 1235 1034 532.
1250 1006 1314 1034 Ma-

736 1053 764 1083 le
776 1053 813 1083 al.
828 1052 988 1083 OEnotrii.
1000 1053 1148 1082 Graecum
1162 1057 1208 1080 est
1218 1049 1313 1081 Οἰνω-

737 1110 813 1142 τρει.
826 1116 873 1122 --
884 1100 961 1134 534.
983 1098 1099 1129 Medic.
1110 1108 1183 1128 cum
1206 1097 1316 1127 multis

738 1146 832 1176 bonis
847 1156 854 1177 :
870 1145 931 1175 Hic
944 1143 1145 1186 cursusfuit3
1159 1143 1246 1184 quod
1266 1154 1316 1173 ac-

739 1191 923 1233 cipiendum
939 1199 1006 1222 est:
1024 1192 1050 1220 is
1076 1191 1138 1221 fuit
1162 1200 1189 1220 c.
1201 1189 1318 1220 -Ιιιισ

741 1238 859 1269 cunctis
872 1238 884 1279 (
898 1239 959 1268 fuit
975 1238 986 1279 )
1010 1238 1054 1267 ire
1070 1237 1225 1267 voluntas
1236 1259 1244 1275 ‚
1265 1247 1316 1266 ex-

740 1286 845 1326 pletur
869 1295 977 1315 versus
991 1285 1025 1313 in
1041 1284 1178 1314 Dorvill.
1198 1284 1316 1323 inepte.

790 1332 984 1362 535—538.
1005 1330 1247 1374 Subitofluctu‚
1273 1340 1318 1359 re-

742 1380 872 1419 pentina
886 1384 1068 1419 tempestate
1083 1383 1253 1414 commota,
1267 1387 1318 1406 as-

743 1435 891 1467 surgens,
917 1431 954 1455 ut
976 1435 1065 1454 mare
1086 1423 1223 1464 assurgit
1233 1423 1318 1466 fluc-

744 1471 841 1508 tibus,
878 1482 950 1502 cum
980 1469 1108 1512 proprie
1119 1470 1243 1513 fluctus
1269 1480 1318 1499 as-

744 1526 878 1560 surgant
903 1518 941 1547 in·
964 1517 1058 1548 mari.
1090 1516 1190 1546 Orion
1215 1516 1320 1547 dictus

745 1566 877 1595 omnino
899 1564 938 1594 de
950 1563 1189 1604 tempestathus
1201 1573 1235 1593 ac
1248 1573 1320 1604 pro-

745 1612 849 1649 cellis,
872 1611 980 1652 quales
1004 1612 1069 1640 fere
1090 1610 1157 1648 ejus
1175 1616 1248 1640 ortu
1268 1608 1320 1638 vel

746 1669 858 1688 occasu
885 1658 1006 1688 exoriri
1036 1657 1139 1687 solent
1155 1668 1163 1694 ;
1201 1656 1320 1696 alioqui

747 1706 847 1736 Orion
862 1706 955 1735 etiam
970 1714 1044 1734 cum
1057 1703 1179 1742 judicio
1197 1712 1214 1732 a
1228 1709 1321 1744 poeta

747 1753 868 1792 positus
890 1762 955 1781 esse
974 1750 1076 1780 videri
1097 1755 1212 1791 potest.
1238 1749 1323 1779 Inci-

749 1798 795 1828 dit
809 1800 894 1827 enim
910 1799 978 1837 ejus
991 1804 1080 1827 ortus
1090 1820 1099 1835 ‚
1113 1798 1208 1827 etiam
1223 1796 1258 1825 in
1272 1794 1322 1825 his

750 1845 866 1875 Africae
892 1845 991 1886 plagis
1001 1867 1009 1882 ,
1037 1844 1073 1873 iu
1098 1852 1238 1873 mensem
1262 1843 1283 1872 J
1286 1852 1322 1872 u-

749 1893 851 1921 nium.
896 1894 996 1922 AEstas
1029 1897 1134 1920 autem
1172 1888 1324 1929 agebatur

751 1945 830 1968 tum.
844 1949 873 1968 V.
884 1938 941 1968 inf.
954 1948 985 1968 v,
996 1936 1054 1967 ult.
1066 1938 1106 1966 Ιη
1117 1935 1211 1966 vada
1223 1945 1322 1971 caeca,

751 1985 880 2014 latentia
891 2008 899 2023 ,
915 1983 969 2014 vid
990 1994 1021 2013 v,
1040 1993 1053 2012 1
1064 1993 1076 2012 1
1087 1992 1115 2012 1.
1132 1980 1323 2012 procacibus

752 2027 894 2068 sinaiis,
919 2036 1047 2066 omate;
1065 2034 1235 2059 ventorum
1248 2037 1324 2069 pro-

752 2077 942 2107 cellosorum
961 2077 993 2105 vi
1011 2086 1046 2105 ac
1065 2071 1248 2116 'tempestate
1263 2075 1325 2104 vic-

751 2130 810 2161 tos,
821 2124 934 2164 partim
947 2133 1004 2164 per
1017 2122 1115 2151 altum
1124 2144 1132 2159 ‚
1148 2121 1265 2163 partim
1278 2121 1325 2150 in-

750 2177 798 2201 ter
806 2170 964 2211 scopulos,
978 2170 1105 2210 penitus
1118 2179 1178 2199 nos
1191 2167 1324 2206 disjecit.

752 2219 907 2247 Procaces
920 2215 1039 2252 Austri,
1056 2216 1146 2246 venti
1159 2214 1325 2245 vehemen-

751 2271 797 2294 tes
811 2273 819 2295 :
836 2263 970 2294 Horatio
980 2262 1141 2304 protervi,
1160 2262 1218 2292 Gr.
1236 2258 1326 2291 ἀσελ-
