1433 2460
125 147 167 181 9-'0
625 139 821 171 AENEllms

125 201 225 248 Ergo
247 197 304 234 his
322 197 503 246 aligerum
524 195 633 234 dictis
650 198 801 234 adfatur
818 200 996 233 Amorem
1015 211 1022 232 ε

127 279 140 291 ιι
163 261 277 302 Nate,
296 270 386 293 1111·ae
404 257 520 302 vires,
543 269 625 294 nica
642 270 775 307 magna
797 257 984 306 potentia,
1006 256 1125 302 solus,

124 320 239 363 Nate,
257 317 374 367 patris
390 317 525 354 summi
543 319 609 367 qui
626 319 697 355 tela
715 317 888 367 Typhoia
909 317 1061 361 temnis3

1275 324 1324 348 663

125 377 182 414 Ad
204 387 238 413 tc
257 376 453 426 confugiO,
471 385 507 413 ct
523 378 686 427 supplex
707 387 770 414 tua
787 377 939 413 numina
958 390 1084 426 posco.

124 441 256 475 Frater
272 445 312 473 ut
333 440 469 474 AEucas
486 438 619 487 pelago
643 446 728 473 tuus
749 438 875 473 onmia
892 438 1035 474 circum

124 499 253 534 Litora
266 498 449 547 jactetur,
467 497 563 533 odiis
580 497 739 533 Junonis
758 496 914 545 iuiquae,

122 560 222 596 Nota
244 558 331 605 [ὠὴ
349 566 385 594 ct
401 567 532 595 nostro
549 557 702 594 doluisti
721 571 820 606 stepo
840 556 982 593 dolore.

124 621 235 656 Hunc
250 619 442 656 Phoenissa
460 628 561 656 tenet
578 618 697 664 Dido,
716 618 940 667 blandisque
957 625 1127 654 moratur

1275 627 1323 658 670

123 680 311 727 Vocibus;
329 690 365 717 ct
381 693 534 727 vercor,
551 693 627 730 quo
645 694 684 717 sc
701 679 865 717 Junonia
886 687 1034 715 vertant

123 741 297 792 Hospitia
313 756 320 778 :
342 741 443 778 haud
463 750 566 778 tauto
585 741 745 779 cessabit
763 741 916 778 cardine
934 752 1072 777 rerum.

169 881 234 917 664
247 899 293 903 —
303 881 381 911 666.
400 882 483 911 Mea*
505 881 591 910 vires
601 904 609 917 ‚
625 891 696 910 mea

121 938 241 969 magna
256 927 402 968 potentia
414 951 423 963 ,
441 927 604 967 splendide
619 938 694 968 pro,

119 984 178 1014 per
208 984 303 1014 quein
331 985 389 1014 ego
422 974 510 1003 valeo
533 981 563 1003 et
582 981 696 1013 potens

119 1030 200 1051 sum.
216 1022 335 1050 Petiere
352 1021 426 1049 hinc
449 1020 518 1057 alii,
532 1028 568 1050 ut
581 1021 695 1049 Statius

121 1067 136 1095 I
148 1089 156 1103 ‚
173 1067 249 1097 Silv.
271 1069 315 1102 11,
336 1068 395 1104 137
415 1074 465 1101 tn,
485 1077 556 1095 mea
571 1077 695 1095 summa

117 1119 278 1152 potestas,·
289 1112 367 1142 adde
374 1112 469 1143 Ovid.
479 1114 508 1142 V
519 1114 597 1142 Met.
612 1113 694 1150 365;

121 1159 210 1198 quod
223 1170 238 1189 a
255 1166 347 1199 poeta
370 1159 450 1188 forte
469 1169 572 1199 graeco
590 1160 695 1199 Virgi-

119 1204 181 1234 lius
208 1213 371 1235 sumserat.
402 1205 512 1235 Paullo
532 1206 622 1236 aliter
637 1204 698 1235 filii

117 1258 247 1291 patrum
288 1251 406 1288 σθένος,
441 1252 542 1281 robur
580 1252 694 1282 dicuu-

117 1304 191 1336 tur3
223 1297 308 1327 unde
333 1305 364 1327 et
393 1299 600 1338 Tragicorum
632 1309 695 1329 vox

116 1338 171 1378 ἶνις
201 1343 295 1374 ducta
314 1355 378 1374 esse
400 1343 527 1373 videtur
543 1344 581 1373 de
603 1344 693 1376 filio:

114 1399 149 1420 v.
168 1399 195 1420 e.
210 1391 320 1430 Eurip.
337 1390 452 1420 Troad.
467 1391 694 1428 570Astiauax

116 1428 252 1479 ifizropog
286 1431 349 1471 ἶνις.
392 1438 598 1474 Commius,
629 1448 693 1477 quo

115 1485 219 1513 Amor
235 1484 326 1513 Jovis
344 1483 478 1512 fulmina
499 1483 612 1520 habet,
631 1484 693 1513 ele-

115 1539 193 1569 gans
210 1535 377 1569 poetarum
393 1536 424 1559 et
436 1529 595 1559 artificum
612 1537 692 1559 vete-

114 1585 187 1604 rum
202 1575 292 1604 lusus
304 1598 312 1612 ‚
330 1577 419 1605 suavi
444 1586 517 1605 cum
542 1577 691 1606 varietate

113 1631 282 1661 expressus
295 1623 410 1662 passim
423 1624 582 1659 occurrit,
599 1623 691 1652 etiam

113 1668 148 1697 in
164 1669 295 1708 gemmis
306 1690 314 1705 ,
334 1668 438 1697 fractis
455 1679 584 1709 quoque
606 1669 691 1707 telis,

113 1724 145 1744 v.
163 1724 191 1743 c.
210 1715 295 1744 Mus.
320 1714 405 1744 Flor.
426 1717 463 1746 T.
488 1717 518 1745 II
538 1722 559 1744 t.
582 1716 639 1751 16,
660 1726 687 1746 1.

118 1760 198 1789 Tela
226 1759 390 1800 Typhoia,
419 1761 537 1802 quibus
559 1763 688 1801 Jupiter

114 1816 191 1836 usus
218 1813 264 1836 est
294 1808 329 1837 in
362 1808 556 1849 Typhoeum.
594 1810 686 1837 Pom-

114 1853 231 1892 ponius
256 1854 390 1884 Sabinus
416 1856 537 1885 AEtnea
563 1854 686 1891 reddit,

112 1906 268 1938 quatenus
285 1902 377 1930 AEtna
389 1923 397 1938 ,
414 1901 594 1942 Cyclopum
607 1924 615 1938 ,
631 1901 688 1940 qui

114 1945 248 1974 fulmina
284 1946 500 1985 fabricantur,
537 1946 665 1977 officina
677 1970 685 1985 ,

112 1990 250 2031 Typhoei
267 1995 390 2033 pectori
414 1995 560 2034 imposita
587 2005 652 2024 esse
669 2003 686 2023 a

111 2038 276 2067 nonnullis
298 2039 392 2071 dicta.
421 2039 558 2080 Typhois
584 2042 688 2071 AEma

111 2084 206 2113 Ovid.
225 2086 282 2124 Ep.
308 2088 370 2116 XV
381 2109 389 2123 ,
417 2098 430 2116 1
441 2098 467 2117 1.
485 2105 533 2110 -—
546 2089 615 2116 Tua
631 2097 687 2116 nu-

113 2129 203 2159 mina
216 2141 314 2170 posco
325 2155 333 2169 ‚
348 2139 432 2162 tuam
448 2144 541 2174 opem
554 2139 585 2163 et
599 2134 687 2163 auxi-

110 2175 189 2206 lium
201 2200 209 2215 ‚
224 2178 311 2217 quod
326 2180 576 2219 perpotentiam
589 2187 620 2210 et
633 2191 687 2209 nu-

112 2233 185 2253 men
210 2223 355 2254 declarat.
373 2243 419 2247 —
437 2227 514 2257 665.
536 2225 687 2267 Typhoea

112 2279 238 2309 omnes,
253 2271 319 2312 ipse
338 2272 456 2304 Medic.
475 2285 503 2304 c.
520 2274 685 2316 fragment.

752 879 897 909 vatican.
926 875 1071 919 Τυφωεὺς
1096 875 1269 917 Τυφώειος,
1288 886 1325 908 ut

750 918 898 967 Ᾰχι).λεὺς
919 916 1076 964 Ᾰχίλ).ειςς
1090 947 1099 961 ,
1126 918 1244 967 ὀρφώς
1264 918 1324 968 ὕρ-

751 983 843 1014 (gang.
862 972 984 1003 Dubito
1009 970 1175 1012 equidem,
1199 982 1239 1000 au
1263 972 1325 1003 hoc

750 1031 767 1049 e
783 1031 823 1050 ex
850 1030 874 1049 ει
896 1026 1005 1048 uatum
1029 1029 1045 1047 a
1067 1025 1159 1058 poeta
1173 1019 1325 1060 corripia-

750 1075 812 1098 tur.
833 1067 873 1096 cf.
898 1076 967 1105 sup.
994 1064 1033 1094 ad
1063 1076 1094 1095 v.
1121 1075 1197 1096 201.
1227 1065 1324 1107 Apud

750 1117 836 1145 Serv.
863 1112 975 1148 multi,
1000 1110 1165 1150 Twpltoia;
1189 1111 1252 1142 hoc
1278 1120 1325 1143 est

750 1160 873 1190 verius:
892 1165 929 1189 ut
944 1157 1077 1187 ductum
1093 1159 1133 1187 sit
1147 1168 1164 1186 a
1181 1157 1321 1198 Typhos,

750 1203 881 1247 Τυφὼς,
907 1204 994 1234 unde
1029 1202 1186 1245 Τυφώϊος;
1216 1205 1321 1246 itaque

750 1264 824 1283 cum
840 1250 1004 1282 Brunckio
1021 1251 1137 1291 recepi.

797 1298 991 1337 667—672.
1009 1298 1098 1326 Nota
1112 1296 1168 1326 cibi
1181 1304 1256 1327 sum
1269 1296 1324 1337 (ut

749 1347 854 1376 Graeci
883 1355 943 1386 pro
956 1366 965 1379 ,
997 1350 1111 1373 notum
1146 1342 1204 1372 tibi
1232 1342 1299 1385 est)
1313 1367 1321 1382 ‚

748 1390 1018 1433 quemadmodum
1028 1392 1140 1419 AEneas
1155 1389 1194 1419 fr.
1205 1390 1324 1430 Magna

748 1445 852 1468 autem
877 1448 950 1467 cum
976 1443 1041 1465 arte
1065 1442 1184 1465 etcum
1201 1435 1322 1466 dilectu

747 1485 871 1525 singula
903 1483 1056 1514 orationis
1083 1481 1224 1511 membra
1248 1489 1324 1512 sunt

747 1531 869 1568 efficta3
885 1537 921 1560 ut
936 1527 1017 1558 illud
1035 1527 1163 1568 :frater
1182 1535 1262 1558 tuus.
1277 1546 1323 1551 —

747 1578 825 1608 668.
842 1578 1048 1614 laeteturque
1068 1575 1204 1604 maxima
1228 1574 1320 1606 codd.

747 1635 819 1665 pars
852 1622 938 1663 apud
970 1621 1125 1658 Pierium,
1152 1622 1262 1651 Heius.
1290 1628 1321 1651 ct

747 1673 877 1707 Burm.‚
897 1675 989 1708 atque
1012 1666 1090 1696 adeo
1114 1667 1175 1707 ipsi
1202 1667 1320 1699 Medic.

743 1720 837 1747 Rom.
865 1722 895 1745 et
924 1716 1034 1754 fragm.
1056 1714 1179 1751 Vatia,
1196 1714 1231 1744 in
1255 1725 1321 1755 quo

743 1771 849 1793 tamen
873 1762 953 1791 forte
978 1772 994 1790 a
1018 1771 1061 1790 m.
1076 1770 1138 1790 sec.
1156 1761 1259 1790 Etiam
1275 1762 1320 1791 sic

741 1810 843 1840 Servii
871 1807 996 1838 codices
1018 1806 1223 1838 exhibebant.
1249 1809 1321 1837 Jac-

742 1864 885 1896 temrque
913 1854 996 1883 dolis
1019 1856 1110 1883 Voss.
1142 1864 1192 1894 pr.
1211 1853 1319 1896 jacta-

742 1910 854 1942 tasque
868 1901 967 1942 Gotlj.
979 1911 1041 1931 sec.
1066 1900 1172 1930 omnia
1189 1909 1206 1928 a
1221 1910 1319 1941 prava

741 1959 838 1978 manu
849 1971 857 1986 ‚
872 1958 944 1988 quae
956 1946 1134 1977 cavendum
1149 1955 1214 1975 esse
1229 1952 1319 1986 puta-

741 1995 795 2025 bat
806 2018 814 2032 ‚
831 2006 872 2026 ne
894 1994 1004 2023 ultima
1023 1994 1058 2022 iu
1072 1991 1214 2032 jactetur
1229 1991 1319 2023 labo-

740 2048 834 2071 raret.
861 2039 999 2071 ,Iunonis
1023 2038 1147 2068 ezcerbae
1172 2039 1315 2080 Longob.

740 2088 836 2118 Pierii
853 2094 884 2117 et
902 2086 1011 2127 fragm.
1037 2086 1137 2115 Vatic.
1164 2095 1180 2114 a
1203 2096 1247 2116 m.
1266 2096 1315 2126 pr.

739 2134 874 2171 —670.
893 2132 1130 2163 Adumbratum
1148 2138 1264 2172 putant
1276 2143 1318 2163 ex

740 2181 824 2210 notis
838 2190 933 2210 verss.
958 2178 1073 2219 Odyss.
1089 2188 1127 2216 α,
1146 2178 1243 2208 55-
1254 2179 1295 2208 58
1306 2200 1316 2217 ,

740 2227 797 2256 ubi
814 2226 943 2267 Ulysses
968 2226 1112 2254 similiter
1136 2235 1152 2254 a
1178 2224 1316 2266 Calypso

740 2274 907 2304 retinetur.
926 2290 972 2295 —
990 2273 1030 2312 67
1042 2282 1074 2311 1,
1095 2272 1173 2311 672.
1191 2271 1314 2303 Sollici-
