1433 2460
138 150 195 178 13³3

638 142 832 172 siluimus

133 210 173 244 ln
194 206 351 247 summ,
369 214 456 238 ecce
481 208 567 237 ante
587 199 717 237 oculos
738 198 996 236 moestissinms
1014 201 1156 235 necto·-

131 268 240 303 visu<
258 265 388 301 adesse
405 261 517 308 mihi,
539 262 738 311 largosque
754 261 951 299 effundere
969 261 1098 307 ssvtns,

132 330 315 375 Raptatus
336 322 432 373 bigis
447 351 456 368 ,
474 330 517 358 ut
532 322 724 372 quondam
737 352 747 368 ‚
765 331 923 372 aterque
940 330 1098 358 cruento

132 388 309 430 Pulvere,
328 396 471 434 perque
491 382 605 432 pedes
624 382 803 432 trajectus
820 384 900 420 lora
917 382 1107 419 tumentis.

134 447 203 482 Hei
225 445 339 489 mihi,
356 442 477 493 qualis
494 443 593 479 erat!
615 449 799 490 quantum
820 451 986 479 mutatus
1006 441 1055 478 al)
1076 441 1139 477 illo

134 509 317 549 Hectore,
336 505 401 554 qui
422 503 521 540 redit
537 502 694 540 exuvias
713 501 866 539 indutus
885 502 1040 548 Achilli,

1291 509 1337 540 ιτᾶ

132 567 199 603 vel
220 570 394 603 Danaum
413 564 599 614 Phrygios
614 563 801 614 jaculatus
823 561 1018 612 puppibus
1038 562 1151 612 ignis!

134 627 375 677 Squalentem
394 624 572 671 barbam,
591 633 628 661 et
647 632 848 660 concretos
864 623 1047 672 sanguino
1065 621 1197 666 crinis,

132 687 375 735 Volncraque
396 686 457 722 illa
478 698 629 735 gerens,
650 697 734 734 quae
754 684 898 721 circum
916 683 1080 734 plurima
1097 695 1225 719 muros

133 841 257 881 quoties
272 850 329 880 per
349 849 497 868 somnum
513 838 632 878 specics
654 837 709 867 ob-

130 888 260 925 jicitur,
284 885 490 915 adumbratus
517 884 642 913 videtur
669 895 709 914 ex

133 934 171 964 11.
184 931 203 973 ψ
217 956 225 970 ,
243 943 285 972 92
303 943 349 971 sq.
362 932 418 961 ubi
438 931 574 961 Patrocli
589 930 708 961 Umbra

135 979 254 1010 Achilli
267 986 406 1019 apparet.
416 977 530 1017 Virgil.
547 978 639 1018 plane
654 988 709 1007 ex-

134 1028 247 1068 pressit
271 1026 388 1057 Statius
408 1027 437 1053 V
452 1024 554 1054 Theb.
577 1024 642 1053 265
662 1035 708 1064 sq.

135 1081 165 1103 et
189 1081 291 1103 totum
318 1072 426 1101 locum
454 1071 511 1110 qui
547 1071 709 1110 sequitur,

136 1122 253 1150 Seneca
271 1117 387 1149 Troad.
407 1118 471 1153 438
489 1128 536 1157 sq.
564 1117 711 1146 Mortali-

136 1166 190 1195 bus
204 1165 298 1207 oegris
308 1189 316 1201 ,
344 1175 418 1194 sane
432 1171 470 1193 nt
485 1163 558 1193 alias
572 1164 692 1193 miseris
702 1186 710 1200 ,

137 1211 267 1256 οἰζυγοῖς
278 1235 286 1249 ,
306 1209 509 1247 πῡὶωπόνοις,
528 1211 657 1251 proprie
673 1217 713 1240 ta-

135 1270 210 1290 men
230 1257 377 1289 infirmis.
392 1260 595 1289 Burmannus
615 1257 712 1287 fessos

137 1305 366 1346 laboribusque
397 1312 427 1334 et
459 1305 544 1334 curis
580 1303 711 1334 diversis

136 1353 280 1394 fatigatos
309 1353 547 1392 interpretatur.
586 1350 706 1391 Serpit,

136 1399 266 1440 qnando
309 1399 444 1428 latenter
476 1396 626 1428 membris
665 1399 711 1427 in-

139 1445 294 1475 funditur.
336 1447 420 1475 Serv.
462 1452 498 1474 ut
528 1443 641 1487 ἕρπειν.
665 1462 710 1467 -—

139 1503 216 1531 270.
239 1491 399 1522 Insomnis
416 1501 480 1521 una
495 1501 591 1529 voce,
619 1491 711 1521 multi

136 1550 187 1580 ap.
205 1540 384 1569 Heinsium.
414 1541 581 1568 lnsomnes
607 1540 712 1569 Mont-

138 1586 201 1616 alb.
219 1585 380 1615 lnsomnis
405 1585 491 1616 Leid.
526 1596 629 1623 unus3
658 1585 711 1615 sed

138 1643 204 1663 non
240 1634 420 1663 insomnem
452 1632 548 1662 fuisse
582 1635 713 1662 AEneam

136 1686 224 1720 patet
247 1690 287 1709 ex
308 1690 340 1709 v,
364 1680 427 1708 302
441 1701 449 1716 ‚
476 1678 534 1708 ubi
558 1678 716 1708 excutitur

136 1737 249 1756 somno
257 1738 270 1762 ;
284 1724 373 1766 quod
385 1726 450 1763 jam
462 1726 635 1755 Burmann.
651 1736 715 1755 mo-

137 1773 220 1803 nuit.
254 1774 296 1802 In
319 1771 437 1801 somnis
466 1770 593 1800 divisim
620 1772 714 1801 etiam

138 1819 305 1860 fragment.
332 1819 436 1848 Vatic.
452 1835 499 1840 —-
517 1828 556 1856 27
568 1828 594 1848 1.
623 1817 715 1847 Visus

140 1866 268 1901 adesse,
288 1863 410 1894 adstare
423 1865 467 1894 sic
478 1886 487 1901 ‚
504 1871 539 1893 ut
550 1864 714 1905 quondam

141 1914 228 1942 visus
244 1918 309 1942 erat
322 1919 486 1952 raptatus,
518 1922 592 1941 cum
615 1919 716 1952 rapta—

141 1959 236 1988 batur
251 1981 260 1996 ,
281 1970 312 1988 v.
336 1968 407 1998 sup.
435 1960 470 1995 1,
490 1958 576 1995 483,
597 1958 716 1989 laniato

141 2016 196 2035 ore
207 2027 215 2042 ‚
235 2005 370 2035 foedatus
385 2005 518 2045 pulvere
533 2012 565 2035 et
582 2005 717 2046 pedibus

142 2052 212 2082 loro
242 2052 390 2090 trajectis,
415 2054 498 2081 Ater
518 2051 592 2092 plus
622 2062 715 2092 quam

141 2108 301 2138 respersus
311 2121 319 2135 ,
335 2099 530 2138 inquinatus.
541 2098 626 2128 conf.
644 2108 715 2128 ver-

141 2155 195 2174 sus
210 2146 396 2174 Homericos
413 2144 501 2176 Iliad.
515 2156 548 2185 χ,
566 2151 629 2181 4οῐ
646 2155 714 2186 sqq.

146 2192 325 2221 Tumentes.
348 2187 435 2233 εῐδᾷν
453 2192 596 2222 similiter
619 2192 654 2222 in
672 2191 715 2221 fa·

143 2237 221 2267 bula
233 2236 420 2277 OEdipodis.

192 2289 385 2325 274—279.
401 2285 533 2316 Nobiles
551 2295 660 2316 versus
675 2296 714 2317 ex

763 849 801 867 eo
822 838 894 866 loco
921 837 1009 865 ‹lurti
1024 859 1031 873 ,
1055 837 1109 877 qui
1129 846 1258 876 magnos
1282 836 1336 866 ail-

763 884 864 913 [μεως
875 883 989 913 habere
1002 883 1092 920 solet,
1110 884 1247 913 fortunae
1261 885 1339 923 pris-

764 932 838 960 tinae
857 937 888 960 et
910 931 1071 971 praesentis
1091 931 1337 970 comparatione.

764 979 901 1007 Versum
919 983 985 1015 ²74
1008 977 1104 1007 Ennii
1126 987 1191 1007 esse
1213 978 1340 1008 Servius

764 1024 886 1054 docuit.
898 1025 1004 1064 Quam
1017 1024 1161 1053 diversus
1171 1023 1210 1053 ab
1225 1034 1260 1053 ea
1273 1034 1338 1065 spe-

765 1072 812 1100 cie
823 1094 831 1108 ‚
855 1080 917 1111 qua
933 1070 1057 1100 redibat
1069 1071 1172 1100 victor
1186 1070 1339 1107 Patrocli,

765 1125 797 1147 et
814 1127 876 1147 una
897 1117 961 1155 jam
983 1124 1074 1146 antea
1094 1127 1174 1147 nave
1198 1117 1339 1148 Achivo-

766 1175 838 1193 rum
857 1165 996 1193 incensa.
1015 1163 1161 1193 Exuvias
1185 1163 1339 1201 Achillis,

767 1222 851 1241 arma
863 1210 1010 1241 Achillea
1023 1211 1169 1241 Patroclo
1183 1210 1340 1242 detracta:

767 1258 855 1288 Iliad.
881 1268 895 1300 ρ
908 1280 916 1294 ,
951 1262 1024 1297 ῐ94.
1050 1258 1203 1287 Danaum
1222 1257 1340 1298 puppi·

765 1304 820 1334 bus
830 1328 839 1340 ,
863 1305 898 1334 in
928 1315 1023 1334 naves
1050 1304 1261 1334 Achivorum.
1282 1307 1340 1335 Re-

765 1352 859 1392 spicit
873 1349 1051 1393 ναυμαχίσιν
1072 1350 1162 1382 Iliad.
1179 1362 1192 1380 ν
1205 1374 1213 1388 ,
1227 1362 1295 1392 sqq.
1310 1359 1341 1381 et

765 1409 789 1428 π
801 1421 809 1435 ,
832 1409 894 1429 122
909 1395 956 1428 τοὶ
974 1395 1004 1428 δ’
1020 1394 1156 1440 ε”μῧαλεν
1173 1396 1338 1441 ἀκάματον

764 1447 825 1488 πῦρ
844 1443 906 1478 Nn?
919 1445 973 1487 θεῇ
983 1463 1095 1475 ——.—-
1110 1456 1188 1484 277.
1208 1445 1341 1475 Concre-

766 1501 813 1523 ιι»-
829 1492 989 1534 sanguine
999 1491 1118 1528 crines,
1137 1492 1260 1522 foedum
1273 1493 1341 1534 qni-

765 1539 837 1569 dem
848 1562 856 1576 ‚
888 1539 942 1569 sed
967 1538 1055 1579 quod
1084 1539 1251 1569 horrorem
1274 1550 1340 1569 non

767 1587 872 1615 minus
893 1596 990 1625 quam
1004 1586 1239 1616 miserationem
1263 1586 1341 1615 face-

767 1643 800 1661 re
811 1639 915 1672 queat.
929 1635 1028 1662 Porro
1044 1632 1109 1670 278
1123 1632 1266 1662 vulnera
1275 1643 1340 1663 om-

767 1679 845 1708 nino
859 1679 893 1707 in
909 1680 1024 1719 pugnis
1039 1689 1114 1708 cum
1129 1679 1263 1710 Achivis
1278 1680 1341 1710 fac—

768 1726 807 1754 tis
828 1732 954 1765 accepta
977 1726 1228 1766 interpretabar;
1252 1736 1341 1756 nunc

767 1771 910 1813 intelligo
926 1772 994 1801 haec
1009 1782 1078 1802 non
1087 1774 1260 1803 convenire
1268 1783 1342 1803 cnm

768 1819 897 1856 ceteris;
912 1829 984 1859 qnae
995 1820 1229 1850 miserationem
1241 1819 1344 1850 facer«.-

769 1864 888 1895 deheut
899 1888 907 1899 ,
936 1866 1112 1906 meliusque
1127 1867 1241 1897 referri
1252 1877 1288 1896 ea
1303 1866 1342 1896 ad

769 1909 803 1941 τὸ
821 1908 1008 1950 αἰκίζεσθαι,
1021 1912 1208 1944 vulneribus
1210 1912 1342 1955 findam

769 1969 900 1998 corpore
926 1959 1003 1989 cassi
1017 1959 1162 1989 Hectoris
1177 1960 1218 1989 ab
1237 1969 1343 1989 accur-

769 2005 910 2035 rentibus
941 2005 1070 2036 Achivis
1090 2016 1102 2035 :
1122 2018 1155 2037 v.
1187 2005 1277 2037 Iliad.
1302 2018 1342 2047 χ,

772 2052 850 2092 3693
864 2051 1022 2090 adjunctis
1038 2059 1143 2082 tamen
1163 2052 1343 2084 laniationi-

770 2097 831 2128 bus
846 2104 948 2129 tracto
964 2099 1048 2129 circa
1061 2110 1171 2130 muros
1189 2110 1343 2142 corpore:

769 2144 1030 2186 quandoquidem
1048 2145 1206 2185 adjectum
1225 2146 1341 2177 circum

769 2201 873 2221 muros
884 2192 1011 2232 patrios
1019 2204 1033 2229 ,-
1057 2199 1088 2223 et
1099 2193 1209 2234 paullo
1223 2201 1297 2236 post
1308 2205 1340 2224 v.

770 2238 836 2268 286
857 2237 927 2269 lzoec
949 2240 1091 2270 volnera
1124 2247 1198 2281 post
1220 2241 1341 2271 verba:

758 2283 900 2326 soedavit
910 2286 1029 2318 voleus.
1046 2305 1092 2311 —-
1106 2287 1182 2326 278.
1198 2287 1341 2318 Vulnera
