1433 2460
121 68 185 105 276

627 70 821 101 ffixtillms

172 128 295 171 Quam
316 125 424 161 simul
446 137 489 161 ac
508 125 572 162 tali
590 127 773 176 persensit
795 135 898 177 peste
919 127 1037 164 teucri
1296 144 1328 167 90

119 188 214 221 (Zara
235 185 339 221 Jovis
359 185 516 234 conjux,
535 199 605 223 nec
625 187 760 229 samam
780 187 932 225 obstare
953 188 1092 232 furori,

119 245 273 282 Talibus
294 245 518 295 adgreditur
534 249 721 284 Venerem
741 249 919 285 Saturnia
940 248 1049 285 dictis
1071 263 1078 283 :

172 324 184 335 υ
208 304 406 354 Egla-giam
426 318 518 342 vcro
538 306 688 343 laudem
709 316 746 344 et
765 308 884 357 spolia
904 308 1027 358 ampla
1047 307 1196 344 rest-rtis

122 367 255 414 Tuque
277 378 448 415 puerque
470 369 578 403 tuus!
600 379 777 416 magnum
797 376 833 404 ct
853 367 1099 405 memorabile
1116 381 1274 414 numen,

119 520 215 550 rhina
242 521 345 562 simpl.
365 521 463 552 moles
475 545 483 559 ‚
501 520 671 552 oedificium
689 534 696 554 :

118 569 162 596 sic
180 567 292 597 melius
314 574 393 608 puto
406 591 414 605 ,
432 579 526 608 quam
541 568 579 597 de
603 569 698 610 tignis

119 615 242 643 statutis
261 621 292 643 et
317 614 491 655 colligatis,
511 615 627 654 quibus
649 617 697 646 in-

120 661 235 689 sistunt
254 661 309 700 qni
326 671 436 691 muros
453 661 641 691 conficiunt.
652 681 698 686 —

120 707 278 746 'l'rappius
300 714 330 737 et
355 707 516 748 (Iuningli.
540 707 699 739 malebant

118 753 305 792 ‹vqtcanch
325 752 376 783 sed
404 754 448 783 nil
472 765 608 784 necesse.
632 757 698 786 Etsi

118 799 294 839 imperfecti
309 801 392 829 uiuri
405 801 580 839 tameujam
598 812 696 844 aequa-

118 844 196 875 bant
213 846 341 877 cot-lum.

165 903 208 932 90
226 903 293 933 sqq.
333 895 421 924 Juno
447 900 571 924 tautum
590 894 696 925 abesse

120 938 222 975 videt,
250 946 285 968 ut
311 939 349 968 ad
373 941 530 979 Trojauos
551 941 590 970 ab
608 942 695 971 Italia

119 984 306 1015 avertendos
337 997 377 1015 ex
405 993 586 1027 tempestate
611 998 695 1017 com-

118 1038 203 1061 mota
211 1033 420 1072 Trojauisque
431 1034 464 1062 in
478 1034 594 1063 Africae
603 1034 697 1064 litora

117 1079 224 1116 ejectis
239 1080 410 1119 quicquain
427 1079 488 1109 sibi
512 1090 561 1109 res
585 1091 696 1121 proce-

117 1123 210 1161 dant,
232 1132 267 1154 ut
283 1126 388 1166 potius
404 1127 550 1165 Trojanis
567 1126 630 1157 hoc
645 1128 694 1167 ip-

116 1182 186 1201 sum
200 1171 375 1212 hospitium
388 1172 481 1202 saluti
493 1174 543 1203 sit.
561 1174 696 1204 Mutatis

117 1218 214 1257 igitur
243 1229 283 1248 ex
309 1229 342 1248 re
367 1220 525 1258 consiliis,
555 1219 694 1251 servatos

117 1263 175 1294 hos
192 1276 223 1295 se
235 1266 334 1295 invita
352 1266 508 1304 Trojanos
524 1268 568 1296 sic
584 1267 694 1297 saltem

118 1321 223 1341 arcere
245 1311 351 1341 studet
383 1312 422 1341 ab
451 1313 559 1348 Italia,
586 1320 622 1343 ut
645 1314 694 1343 illi

118 1368 190 1387 cum
211 1359 317 1388 Poenis
337 1369 400 1388 una
419 1359 544 1390 civitate
558 1361 693 1401 jungan-

119 1411 189 1441 tur3
210 1405 255 1434 sic
271 1415 400 1445 quoque
422 1415 496 1436 suos
517 1408 631 1436 Poenos
644 1408 693 1436 in-

117 1451 258 1481 columes
274 1452 351 1481 fore.
366 1453 436 1481 Hoc
459 1463 490 1481 se
509 1452 694 1482 effecturam

117 1504 240 1538 sperat,
261 1500 367 1528 AEneae
384 1508 457 1527 cnm
474 1498 600 1528 Didone
617 1509 692 1528 con-

113 1545 204 1585 jugio
219 1545 312 1574 inito.
331 1544 520 1585 Approbare
537 1544 598 1575 hoc
617 1555 692 1574 con-

116 1590 222 1620 silium
238 1598 326 1631 parat
342 1591 481 1628 Veneri;
501 1598 550 1628 et,
572 1592 694 1621 tametsi

116 1638 188 1666 satis
211 1644 331 1667 teneret
343 1660 351 1673 ‚
371 1637 461 1666 fatale
477 1648 561 1675 esse,
586 1644 623 1667 ut
642 1639 693 1667 ΙΕ-

117 1694 190 1713 noas
214 1685 248 1713 in
272 1684 361 1714 Italia
383 1683 546 1720 considat,
573 1685 693 1724 quippe

117 1741 186 1769 quze
212 1729 250 1760 de
276 1731 367 1761 Jovis
393 1729 556 1760 voluntate
586 1732 693 1760 omnia

119 1783 279 1818 comperta
297 1776 446 1816 habebat,
460 1788 531 1818 sup.
549 1778 564 1806 Ι
575 1800 583 1815 ,
605 1778 669 1807 258
683 1801 691 1815 ‚

121 1824 236 1853 Cernes
252 1824 359 1854 urbem
376 1831 408 1853 et
418 1824 579 1865 promissa
599 1824 692 1860 Lavi-

120 1871 155 1899 ni
169 1871 289 1900 moenia
308 1878 368 1900 etc.
389 1870 566 1901 dissimulat
588 1878 693 1901 tamen

119 1925 149 1945 et
165 1916 372 1948 dubitationis
388 1925 511 1948 tanturn
523 1917 596 1948 loco
605 1917 693 1948 hunc

120 1963 242 1993 fatalem
271 1974 379 1994 rerum
402 1964 547 1994 ordinem
575 1975 694 1994 memo-

121 2016 184 2045 rat3
210 2017 350 2040 ceterum
372 2022 438 2042 rem
455 2011 594 2043 Junonis
610 2011 694 2041 arbi-

121 2057 183 2084 trio
198 2058 370 2095 permittit,
384 2064 483 2099 utque
496 2060 610 2088 AEneas
621 2068 694 2088 eum

122 2101 248 2131 Didone
271 2104 512 2144 congrediatur,
536 2104 626 2134 facile
640 2114 694 2145 pa-

122 2150 217 2186 titur,
245 2159 318 2179 cum
339 2150 378 2179 ad
405 2161 560 2180 summam
579 2161 697 2181 caussae

124 2193 205 2225 nihil
216 2195 292 2225 inde
308 2196 379 2226 mali
405 2197 580 2228 timendum
596 2204 695 2234 esset;

751 533 818 553 non
835 524 921 553 enim
938 523 966 553 ei
981 523 1147 564 probabile
1162 525 1263 554 videri
1279 524 1329 555 de-

751 569 840 607 buit,
860 569 927 600 fore
939 594 947 608 ‚
964 577 1001 600 ut
1014 572 1144 610 Trojani
1160 571 1242 600 inter
1259 573 1326 602 1²oe-

752 626 811 645 nos
836 615 924 646 sedes
950 616 1067 646 habere
1095 616 1207 646 malint
1233 627 1328 658 quam

753 673 886 703 regnum
915 663 948 692 in
981 663 1069 692 Italia
1098 662 1237 693 condere
1252 673 1259 693 :
1275 674 1328 693 ne·

752 720 814 748 que
844 710 959 739 Jovem
980 708 1013 738 id
1044 709 1258 739 admissurum
1282 719 1329 740 es-

751 766 783 785 se
810 755 890 785 hene
917 756 1053 787 tenebat.
1087 755 1209 786 Habuit
1235 762 1328 796 poeta

751 801 962 842 Apollonium
982 801 1146 833 Rhodium
1164 808 1235 831 ante
1250 812 1327 832 ocu-

750 848 816 885 los,
842 850 876 877 in
901 848 1042 878 consiliis
1060 849 1199 880 Junonis
1214 854 1245 877 et
1264 850 1326 878 Ve-

751 895 834 924 neris
865 895 1067 925 conferendis
1088 895 1109 925 l.
1130 896 1176 925 111
1192 905 1241 935 pr.
1267 905 1326 925 suo

752 948 854 970 tamen
878 941 1011 972 consilio
1032 942 1182 982 praeclare
1201 941 1324 983 singula

750 987 1015 1018 accommodavit.

797 1044 946 1074 90—92.
963 1035 1056 1063 Pesee
1067 1056 1075 1071 ,
1091 1035 1227 1065 exitioso
1243 1044 1325 1065 mor-

750 1080 793 1110 bo
804 1103 812 1117 ,
830 1090 946 1110 amore.
966 1080 1006 1110 cf.
1022 1082 1056 1118 1,
1075 1091 1090 1118 7
1102 1091 1152 1111 12.
1167 1082 1321 1118 Famam,

749 1126 781 1158 h.
793 1139 820 1158 e.
833 1127 922 1157 famae
936 1137 1066 1164 curam3
1083 1137 1151 1157 non
1165 1126 1250 1156 illam
1262 1128 1326 1166 jam

748 1174 839 1204 malae
858 1173 947 1204 famae
963 1180 1051 1203 metu
1067 1173 1221 1204 revocari.
1241 1173 1325 1203 conf.

748 1231 779 1251 v.
805 1232 815 1251 1
826 1231 878 1259 70.

795 1268 944 1308 93—98.
954 1266 1063 1307 Spolia
1075 1273 1184 1297 ornate
1193 1277 1252 1307 pro
1263 1267 1325 1296 vic-

748 1315 838 1345 toria.
855 1316 954 1350 Puer,
970 1313 1064 1351 παῖς,
1079 1312 1183 1349 filius,
1204 1323 1253 1343 res
1265 1323 1323 1343 no—

749 1367 778 1390 ta
794 1361 898 1391 velex
911 1361 1056 1390 Horatio.
1068 1377 1112 1383 -—
1122 1365 1176 1400 94.
1192 1360 1321 1389 Numen

748 1407 949 1437 sanehabent
958 1406 1119 1437 veterrimi
1132 1413 1164 1435 et
1177 1413 1324 1446 praestan-

749 1454 861 1483 tissimi
882 1454 996 1490 Pierii,
1021 1453 1145 1482 Heinsii
1165 1459 1197 1482 et
1212 1452 1321 1482 Burm.

748 1501 803 1539 qui
817 1499 897 1529 illud
910 1499 988 1529 adeo
1003 1505 1145 1528 tuentur.
1156 1499 1323 1539 Accipien-

747 1545 823 1575 dum
858 1555 866 1576 :
899 1555 1055 1586 magnum
1081 1554 1162 1574 vero
1192 1551 1224 1574 ec
1256 1555 1321 1574 me-

748 1591 902 1622 morabile
927 1590 988 1621 eric
1015 1601 1134 1620 numen
1159 1598 1319 1628 vesemm,

747 1645 852 1668 vestra
875 1644 1032 1678 potestas,
1054 1638 1120 1672 vis,
1147 1636 1179 1668 h.
1194 1648 1222 1668 e.
1243 1648 1319 1675 vos,

747 1683 803 1722 dii,
816 1686 842 1714 si
857 1684 1128 1714 circumvenerim
1143 1683 1209 1714 duo
1223 1693 1319 1714 unam

747 1731 907 1762 feminam.
933 1730 1043 1772 Paullo
1063 1737 1169 1760 tamen
1192 1736 1320 1761 contor-

746 1779 809 1808 tius
830 1779 872 1807 ita
898 1777 1019 1807 dictum
1039 1776 1177 1807 videtur.
1202 1776 1320 1807 Contra

746 1824 898 1855 sollemnis
928 1823 1080 1860 formula,
1115 1821 1321 1853 memorabile

747 1882 865 1901 nomen
879 1868 939 1912 (cf.
954 1881 1024 1911 sup.
1040 1871 1082 1907 Π,
1097 1869 1162 1900 583
1173 1867 1197 1910 ),
1212 1875 1243 1899 et
1256 1868 1318 1899 hoc

748 1919 807 1949 Ge.
822 1917 987 1948 Fabricius
1002 1915 1208 1958 praeferebat,
1230 1921 1261 1945 et
1274 1922 1320 1944 est

747 1966 782 1995 in
804 1964 924 2005 aliquot
942 1963 1093 1995 Pieriauis
1114 1968 1145 1992 et
1162 1962 1196 1991 in
1209 1969 1276 1992 uno
1289 1967 1320 1991 et

748 2011 847 2041 altero
879 2011 998 2051 scripto
1027 2009 1137 2039 Heius.
1177 2014 1208 2037 et
1240 2009 1319 2038 Bur-

748 2067 855 2088 mann.
891 2055 1115 2095 nonnullisque
1147 2053 1249 2084 editis.
1273 2071 1319 2077 --

748 2103 854 2134 Simile
870 2112 1003 2133 acumen
1025 2108 1057 2132 et
1073 2101 1254 2142 exemplum
1268 2101 1318 2132 in-

748 2150 881 2180 vectivae
909 2148 982 2179 vide
1009 2146 1092 2190 apud
1113 2147 1234 2178 Tibull.
1261 2146 1318 2177 lib.

749 2197 782 2234 1,
803 2195 842 2234 6,
868 2197 907 2235 3,
929 2201 966 2234 4,
983 2201 1014 2226 et
1036 2193 1183 2226 Leonidae
1203 2194 1239 2224 in
1257 2194 1323 2225 An-
