1402 2460
568 119 690 149 LIBER
716 119 773 148 III.
1206 128 1222 146 2

1231 119 1245 147 nu>

1253 118 1270 147 Q(

70 182 179 216 Dona
195 178 332 215 dehinc
348 189 442 214 auro
461 177 592 228 gravia
609 186 788 226 sectoque
807 176 1009 227 elephanto
1022 206 1031 224 ‚

72 243 236 289 Imperat
254 238 301 275 ad
321 238 426 275 navis
444 238 553 284 ferri,
570 238 760 288 stipatque
777 237 914 275 carinis
1225 244 1272 272 4135

70 303 206 350 Ingens
227 308 423 349 argentum
434 328 444 345 ‚
460 299 752 348 Dodonaeosque
773 297 932 344 lebetas,

70 359 244 396 Loricam
262 367 474 396 consertam
491 358 612 396 hamis
631 371 803 407 amoque
821 358 1000 404 trilicem,

69 422 115 457 Et
130 432 267 456 conum
286 420 440 470 insignis
459 420 594 470 galcae,
613 420 822 469 cristasque
837 419 1039 464 comantis,

69 482 186 516 Arma
201 480 452 529 Neoptolemi.
475 482 572 518 Sunt
592 488 629 516 et
646 492 713 517 sua
733 479 834 516 dona
853 479 1012 528 parenti.

71 538 188 576 Addit
209 552 345 588 equos,
366 540 546 589 additque
566 540 697 587 duces;

71 599 283 648 Remigium
303 600 470 649 supplet3
489 601 611 636 socios
631 600 742 636 simul
763 600 916 637 instruit
935 598 1059 636 armis.

122 662 272 696 Interea
292 660 446 696 classem
465 660 554 696 velis
575 669 708 709 aptare
723 659 885 709 jubebat

71 718 271 764 Anchises,
292 718 397 755 lieret
418 728 531 756 vento
551 731 660 755 mora
678 731 725 755 ne
745 731 821 768 qua
840 718 987 755 ferenti.

69 864 167 895 verbo
185 862 292 893 voluit
314 863 361 892 uti
371 886 378 899 ,
406 874 459 903 qm
474 862 580 903 potuit
595 862 644 892 di-

69 921 138 940 cere
154 921 164 939 :
184 912 265 951 Quoe
282 917 457 949 postquam
483 917 578 939 vates
601 909 645 938 sic

69 967 122 987 ore
130 956 270 998 estfiztus
279 955 604 994 alnic0.-464—47
616 967 628 986 1
636 980 643 987 .

68 1005 205 1035 Munera
231 1002 350 1043 hospiti
373 1003 411 1032 ab
430 1003 555 1044 hospite
574 1004 646 1032 data

68 1062 109 1081 ex
137 1052 279 1081 Homero
305 1050 411 1079 animo
435 1057 530 1085 tene3
558 1050 643 1080 conf.

69 1097 184 1138 OdySS.
203 1107 243 1133 α,
271 1097 336 1135 309
356 1107 424 1136 sqq.
448 1097 595 1136 inprimis
609 1107 622 1125 ν
635 1120 643 1133 ,

69 1155 118 1184 pr.
136 1143 229 1173 Adde
245 1142 387 1173 Cei—dam.
406 1143 494 1172 Auro
507 1142 622 1183 gravia
633 1153 644 1172 .·

69 1191 212 1231 signatur
233 1188 359 1229 pondus
377 1199 413 1219 ac
428 1188 562 1229 perinde
578 1200 646 1229 pre-

71 1238 161 1266 tium.
187 1237 279 1265 Secto
298 1235 490 1276 elephanto,
515 1237 644 1278 πριστοῦ

71 1282 234 1323 ἐλέφαντος
247 1281 363 1323 Odyss.
374 1293 392 1312 σ
402 1305 410 1318 ,
429 1282 490 1322 195
500 1292 508 1319 ;
519 1293 547 1319 τ,
567 1282 643 1318 564,

69 1329 101 1360 h.
113 1340 140 1360 e.
150 1328 246 1358 ebore
259 1329 294 1357 in
307 1328 445 1358 lamellas
458 1335 544 1358 secto
555 1328 645 1358 adeo-

69 1387 131 1416 que
154 1376 287 1405 omuino
312 1375 493 1410 elaborato,
521 1375 643 1415 polito,

67 1422 200 1464 gravia,
224 1431 313 1451 nune
346 1422 381 1451 in
408 1421 504 1451 ebore
523 1422 643 1462 simpli-

71 1470 149 1499 citer
170 1469 298 1509 copiose
321 1469 494 1504 instructa,
514 1475 643 1505 ornata3

58 1515 157 1556 ‘quod
171 1516 205 1545 in
217 1515 406 1556 generaliori
420 1515 552 1545 notione
567 1525 644 1544 con-

72 1563 200 1592 tinetur.
234 1561 340 1601 Scipac
367 1561 440 1602 plus
472 1571 566 1602 quam
577 1583 585 1598 ‚
610 1562 646 1590 in

72 1610 178 1638 navim
191 1609 328 1649 imponit
339 1631 346 1645 ,
364 1615 402 1638 ut
417 1607 475 1638 inf.
492 1608 558 1643 485
574 1618 646 1636 oue-

73 1661 135 1685 rac.
150 1657 234 1684 Tum
253 1661 402 1683 ornatum
425 1654 601 1683 verborum
616 1661 647 1683 ct

74 1711 243 1730 munerum
262 1700 569 1730 commendationem
588 1700 646 1729 ob-

73 1757 229 1777 serva.-—-
240 1746 316 1782 466.
342 1748 463 1788 Ingens
478 1754 648 1786 argentum

74 1803 133 1834 pro
144 1793 285 1834 vulgari,
303 1792 418 1833 ingens
434 1791 563 1834 argenti
569 1802 649 1832 pon-

75 1840 150 1876 dus,
171 1847 237 1876 aut,
251 1846 287 1869 ut
299 1840 463 1880 sequentia
478 1838 648 1876 declarant,

74 1896 159 1916 vasa
176 1885 303 1927 ingenti
317 1885 446 1926 argenti
456 1885 649 1926 pondere—

58 1928 191 1963 'Iebetes
206 1932 407 1968 Dodonoeos,
433 1932 467 1963 h.
490 1943 517 1962 e.
541 1931 650 1972 quales

77 1985 152 2009 sunt
175 1980 210 2008 in
229 1979 346 2019 templo
367 1980 459 2009 Jovis
480 1978 649 2009 Dodonaei.

77 2026 160 2062 Hoc,
174 2032 266 2066 puto,
282 2025 562 2066 simplicissimum.
578 2027 651 2055 Por-

79 2081 115 2102 ro
138 2072 201 2110 467
221 2071 356 2102 loricam
381 2079 561 2102 consertam
598 2070 651 2100 Ιια-

82 2117 158 2154 mis,
184 2118 217 2148 h.
239 2129 266 2150 e.
291 2119 446 2149 catenulis
469 2129 501 2148 se
515 2119 652 2148 invicem

82 2163 320 2203 mordentibus,
355 2161 564 2202 ἁλυσιδωτὸν,
599 2175 653 2194 au-

82 2220 179 2250 roque
202 2210 351 2249 trilicem,
380 2212 412 2243 h.
429 2223 457 2242 e.
469 2211 582 2242 iisdem
596 2211 652 2241 ha-

84 2257 142 2287 mis
158 2257 321 2299 triplicatis
345 2265 376 2289 et
395 2258 525 2300 quidem
538 2259 650 2294 aui-eis·

698 865 843 893 Ductum
866 873 883 891 a
908 867 1052 897 textura,
1083 870 1159 890 cum
1185 860 1275 889 trinis

698 908 828 939 filorum
842 908 1010 938 ordinibus
1021 913 1144 937 textum
1159 905 1206 942 fit,
1217 904 1277 947 τρί-

699 966 797 998 μιτον.
819 954 858 985 cf.
879 955 938 985 inf.
964 953 1002 982 ad
1023 955 1065 991 V,
1088 953 1172 993 259,
1198 951 1276 981 adde

699 1004 782 1039 VII,
806 1002 873 1042 639
889 1010 896 1031 2
914 1000 1113 1040 clipeumque
1135 1009 1277 1039 auroque

699 1048 835 1078 trilicem
864 1047 1013 1077 Loricam
1038 1045 1196 1082 induitur,
1219 1046 1277 1086 qui

698 1095 789 1124 locus
814 1106 862 1124 me
888 1100 1034 1130 revocat,
1061 1103 1126 1133 quo
1150 1093 1275 1127 mium,

699 1141 789 1181 quod
804 1141 911 1170 malim
922 1163 930 1178 ,
959 1139 1110 1180 quodque
1132 1139 1278 1169 Servium

700 1188 799 1218 facere
813 1187 908 1217 video
919 1210 928 1224 ‚
955 1188 1086 1228 jungam
1103 1195 1110 1216 ε
1141 1184 1278 1214 loricam

700 1234 834 1264 trilicem
844 1258 852 1270 ,
876 1240 1057 1263 consertam
1071 1231 1175 1261 lzamis
1188 1241 1279 1260 auro-

698 1292 770 1321 que.
787 1298 834 1304 ——
849 1280 926 1316 468.
950 1281 1070 1310 Ornate
1089 1278 1207 1320 galeam
1223 1277 1277 1306 de-

698 1329 800 1369 signat
821 1338 839 1357 a
859 1325 1002 1367 partibus
1028 1335 1100 1366 quae
1132 1323 1279 1365 inprimis

698 1385 767 1404 eam
787 1372 1023 1404 commendant.
1050 1370 1186 1401 Parenci
1209 1372 1278 1400 An—

699 1420 804 1451 chisae.
814 1438 862 1443 --
873 1426 951 1459 470.
967 1420 1073 1448 Duces
1083 1441 1092 1455 ‚
1112 1418 1279 1459 magistros

699 1478 876 1507 equorum,
903 1475 1063 1506 agasones.
1087 1464 1128 1494 cf.
1153 1464 1211 1494 inf.
1228 1465 1278 1499 X,

702 1515 778 1552 574.
795 1515 882 1544 Serv,
898 1511 977 1542 socii
991 1511 1150 1541 declarare
1165 1516 1280 1550 putan-

700 1568 753 1590 tur
766 1559 945 1601 remigium.
962 1560 1011 1588 De
1024 1557 1086 1587 hoc
1104 1564 1209 1586 tamen
1224 1555 1281 1585 du-

700 1607 778 1637 bito.
811 1608 850 1636 In
873 1605 1004 1636 heroica
1029 1611 1119 1634 aetate
1147 1604 1280 1643 remiges

700 1663 767 1683 non
782 1659 857 1682 sunt
870 1653 972 1688 servi;
989 1656 1064 1680 sunt
1078 1651 1140 1690 ipsi
1154 1649 1279 1684 heroes,

813 1698 1024 1709 .....

702 1752 835 1785 potuere
859 1743 940 1774 remi
962 1744 1023 1783 ipsi
1046 1748 1076 1772 et
1101 1740 1216 1771 refici:
1250 1747 1282 1770 et

702 1791 798 1821 iidem
811 1798 886 1820 sunt
902 1799 995 1819 arma
1009 1800 1054 1819 vs.
1074 1795 1113 1826 47
1125 1798 1151 1817 1.
1169 1788 1280 1828 Itaque

703 1837 871 1878 remigium
898 1846 987 1866 nuuc
1011 1842 1057 1864 est
1082 1836 1150 1875 ipse
1177 1844 1281 1863 remo-

704 1895 774 1914 rum
788 1889 957 1924 apparatus
968 1905 976 1919 ,
994 1889 1030 1912 ut
1042 1881 1064 1912 l.
1078 1881 1100 1911 l.
1116 1881 1198 1910 VIII
1209 1903 1218 1917 ,
1238 1880 1280 1909 80

705 1937 735 1960 et
751 1931 848 1961 Geor.
865 1931 896 1959 II
908 1952 916 1967 ,
934 1939 998 1959 201
1016 1926 1175 1969 remigiis,
1186 1927 1280 1956 remis

705 1978 792 2007 actis.

753 2030 817 2062 472
829 2045 838 2060 ‚
865 2028 904 2061 47
913 2023 942 2052 3.
969 2019 1121 2052 Anchisa·
1148 2020 1283 2050 auetori-

706 2077 768 2100 tate
782 2070 877 2099 etiam
889 2069 923 2100 h.
939 2067 962 2099 l.
979 2078 1027 2098 res
1043 2067 1175 2108 geritur.
1192 2065 1280 2096 conf.

706 2116 744 2146 ad
764 2128 794 2147 v.
812 2116 877 2146 266
889 2138 898 2152 ‚
925 2115 1002 2154 267.
1025 2113 1111 2144 Velis
1128 2120 1220 2142 sexto
1236 2122 1282 2141 ca-

706 2173 744 2193 su
758 2164 892 2203 accipias
902 2184 910 2200 ‚
924 2168 961 2192 ut
977 2162 1022 2191 sic
1037 2171 1133 2190 naves
1146 2160 1282 2189 instrue-

706 2220 758 2247 re,
781 2210 950 2246 adornare,
979 2207 1056 2238 velis
1077 2213 1175 2236 vento
1196 2205 1281 2236 exci-

705 2256 823 2298 piendo
837 2255 994 2297 expansis.
1014 2255 1065 2286 Sic
1086 2252 1218 2284 biremes
1234 2261 1283 2281 re-
