1433 2460
116 154 176 181 116

618 151 711 181 ΕΝΕ
716 151 810 180 mos

115 214 153 248 Si
174 225 247 260 qua
266 220 309 246 ιι
304 217 414 259 Σ;;ιιιιῐ
436 216 566 246 tenc-or
586 210 717 260 panim
739 223 807 245 nec
829 207 973 259 legibus
991 207 1085 244 ullis.

115 273 173 307 'lu
195 270 306 306 inodo
326 268 517 318 pioniissis
535 282 703 316 maneas,
724 279 947 320 servataque
964 280 1089 305 serves
1268 271 1314 295 ¹60

115 331 227 379 Troja
250 329 379 376 lidrm;
400 329 431 366 si
448 342 538 366 vera
559 331 697 376 seram,
717 331 747 367 si
764 343 897 381 magna
918 328 1132 379 rependam.

170 411 183 422 «ι
203 390 336 427 Omnis
356 403 441 440 spes
461 392 655 436 Danaum,
669 399 706 426 et
725 391 837 440 coepti
858 390 994 427 fiducia
1015 389 1103 426 belli

117 450 275 488 Palladis
295 451 445 487 auxiliis
466 463 615 501 semper
631 450 744 487 stetit.
766 451 909 500 Impius
925 465 971 487 cx
989 463 1066 500 quo

115 512 280 561 Tydides
296 512 362 549 scd
383 512 503 558 enim,
520 512 780 560 scelerumque
800 511 975 547 inventor
992 511 1141 555 Ulixes,

117 573 243 609 Fatale
261 572 428 622 adgressi
449 581 596 609 sacrato
617 572 780 609 avellere
801 572 941 621 templo
1272 576 1317 600 ¹⁶⁵

118 634 344 679 Palladium,
365 633 469 670 caesis
489 646 644 671 summae
663 631 885 670 custodibus
906 631 1021 677 arcis,

118 694 355 744 Conripucrc
371 707 515 731 sacram
536 694 697 744 effigiem
708 722 717 739 ‚

738 693 989 742 manibusque
1008 690 1173 728 cruentis

118 754 318 803 Virgineas
338 754 420 791 ausi
441 754 537 790 divae
555 754 774 803 contingere
792 753 903 789 vittas
921 766 929 787 ε

119 817 176 851 Ex
193 815 257 851 illo
278 814 417 860 ssucrc,
435 823 600 862 wectro
620 814 798 864 sublapsa
815 812 949 849 referri

122 878 215 925 Spes
233 878 424 922 Danaum,
444 875 571 913 fractae
588 876 706 922 vires,
723 888 854 912 aversa
871 874 950 911 deae
971 885 1085 909 niens.
1276 888 1322 912 ¹70

127 1040 136 1057 1
148 1027 199 1066 59.
221 1026 341 1056 Patria-
365 1033 477 1055 teneor
498 1025 585 1055 Leid.
598 1048 606 1062 ‚
623 1036 693 1055 meo

122 1083 215 1103 seusu
233 1073 370 1102 mollius.
398 1073 524 1101 Teneat·
537 1074 693 1102 Heuman.

123 1120 207 1157 conj.
221 1142 229 1155 ‚
241 1129 308 1148 non
321 1119 411 1149 male.
423 1136 468 1140 —
482 1119 554 1149 160.
567 1120 698 1148 Servata

123 1166 244 1207 egregie
266 1164 444 1204 adjectum,
466 1172 517 1203 ut,
540 1164 627 1206 quod
649 1175 697 1194 re-

125 1212 282 1241 velaturus
300 1211 341 1241 sic
351 1234 358 1248 ‚
375 1211 413 1241 ad
426 1213 638 1251 Trojanorum
651 1221 698 1241 sa-

123 1259 225 1288 lutem
240 1259 400 1298 pertinere
416 1257 573 1288 videatur.
594 1258 630 1288 Si
645 1269 700 1288 ve-

125 1303 278 1346 rast-ram
290 1327 297 1339 ‚
314 1315 373 1345 pro
387 1305 521 1345 vulgari,
537 1304 651 1335 dicam.

177 1351 251 1381 162.
269 1351 420 1381 Fabulam
431 1352 584 1381 instruxit
599 1353 699 1382 Sinon

125 1398 213 1427 hunc
235 1397 299 1427 fere
327 1399 361 1427 in
389 1397 519 1428 modum
541 1407 548 1428 :
574 1400 701 1438 Equum

126 1455 191 1474 esse
209 1443 378 1473 donarium
391 1445 546 1475 Minervoe
564 1444 701 1474 destina-

124 1498 194 1520 tum
220 1490 259 1519 ad
275 1490 365 1520 deam
387 1491 591 1531 placandam,
613 1490 702 1531 quod

126 1536 299 1567 Palladium
317 1548 357 1566 ex
381 1538 448 1575 ejus
467 1538 585 1577 templo
600 1537 703 1566 fuerat

125 1583 325 1623 subreptum.
346 1584 429 1613 Iram
448 1583 514 1613 deae
533 1583 629 1612 fuisse
648 1582 702 1612 de-

127 1629 275 1659 claratam
295 1629 448 1670 prodigiis
480 1640 539 1667 171
562 1636 607 1652 —'-
628 1630 701 1667 175.

128 1677 225 1705 Omni
247 1676 310 1713 jam
334 1677 438 1713 Trojae
464 1675 624 1716 capiendae
648 1687 703 1716 spe

127 1722 269 1759 sublata,
295 1721 500 1753 Calchantem
525 1723 702 1759 monuisse,

126 1775 163 1797 ut
188 1767 321 1798 domum
354 1768 513 1806 redirent,
548 1770 703 1809 novisque

127 1815 226 1855 captis
252 1804 400 1855 auspiciis
425 1814 601 1845 Palladium
623 1817 703 1846 Tro-

124 1862 187 1898 jam
211 1861 400 1891 reveherent
428 1872 609 1901 novamque
632 1872 704 1902 pro-

130 1907 300 1937 sectionem
335 1909 539 1938 instituerent
563 1925 610 1931 —-
628 1909 703 1939 182.

130 1955 250 1984 Interea
264 1953 320 1983 dea
334 1954 435 1984 videri
445 1955 556 1985 debuit
570 1954 703 1985 donario

129 2001 203 2039 equi
219 2000 279 2029 sibi
301 2000 406 2031 dicato
428 2003 636 2042 acquiescere.
656 2001 705 2031 Fi-

132 2045 226 2074 ducia
243 2054 289 2075 est
307 2047 415 2077 eadem
429 2059 501 2089 quae
514 2059 584 2089 spes
598 2055 682 2078 certa
694 2059 702 2085 ς

131 2091 207 2120 belli
238 2092 330 2123 docte
356 2094 536 2132 adjectum,
556 2094 595 2124 de
627 2094 703 2124 belli

131 2138 236 2174 exitu,
257 2145 293 2167 ut
314 2147 345 2169 et
368 2141 452 2171 stetit
476 2152 536 2181 pro
558 2140 701 2182 vulgari,

126 2184 237 2223 posita
251 2184 324 2224 suit
350 2186 394 2216 in.
413 2205 458 2211 —-
482 2189 604 2224 164—
626 2197 701 2226 170.

133 2230 273 2260 Palladio
306 2239 396 2272 rapto
414 2233 541 2264 fortuna
560 2234 702 2265 Achivo-

133 2287 204 2306 rum
222 2284 341 2308 mutata
360 2286 415 2310 est.
433 2283 551 2312 Ornate
567 2281 700 2324 singula.

749 1025 919 1056 Diomedes
942 1024 1056 1065 impius
1079 1030 1210 1065 propter
1227 1023 1325 1054 Palla-

749 1072 837 1101 dium
867 1071 1019 1101 ablatum.
1035 1088 1083 1094 —-·
1104 1071 1166 1100 165
1180 1087 1226 1093 -—
1250 1070 1323 1100 168.

751 1119 941 1149 Gravissime
949 1118 1072 1159 singula
1081 1135 1127 1140 —
1135 1118 1227 1147 etiam
1235 1116 1323 1158 quod

750 1165 851 1195 vittas
873 1163 1045 1205 virgineas
1065 1163 1132 1194 deae
1150 1169 1326 1200 memorat3

753 1222 826 1241 nam
845 1218 891 1241 est
908 1211 988 1241 nihil
1011 1210 1097 1240 aliud
1116 1220 1212 1252 quam
1228 1211 1324 1240 deam

752 1258 916 1299 'm'rgt'nem
931 1256 944 1299 (
962 1268 1056 1298 supra
1077 1256 1265 1298 innuptam)
1281 1264 1327 1286 at-

753 1305 877 1347 tingere
892 1327 901 1340 ,
931 1310 1129 1334 contrectare
1145 1326 1153 1341 ‚
1184 1303 1332 1333 manibus

753 1352 899 1393 impuris.
916 1352 946 1379 V
946 1350 1012 1380 iccoe
1036 1350 1068 1381 h.
1093 1351 1115 1382 l.
1133 1361 1198 1380 esse
1213 1350 1332 1380 debent

756 1399 789 1428 iu
819 1399 921 1439 capite
956 1397 1116 1427 simulacri
1156 1398 1331 1433 Minervae;

755 1445 898 1485 adeoque
914 1445 975 1473 fuit
991 1444 1059 1474 sine
1073 1443 1190 1473 casside
1209 1453 1216 1475 ε
1236 1452 1310 1473 nam
1321 1466 1329 1478 ,

756 1502 795 1521 ne
813 1492 907 1520 vittas
931 1491 1022 1531 signo
1045 1491 1095 1520 vel
1119 1501 1180 1520 arae
1201 1490 1334 1529 injectas

756 1537 912 1577 intelligas
924 1559 932 1573 ‚
948 1543 1033 1566 vetat
1048 1537 1214 1577 epitheton
1229 1535 1331 1577 virgi-

758 1594 852 1618 neas,
871 1581 959 1623 quod
975 1582 1013 1612 ad
1028 1584 1128 1623 ipsam
1144 1582 1234 1613 deam
1250 1592 1335 1623 spec-

758 1637 869 1660 tat.·—
881 1629 955 1668 169.
973 1631 1067 1659 Retro
1088 1640 1128 1658 ac
1153 1640 1178 1659 s.
1206 1630 1334 1670 Menag.

758 1683 790 1705 et
812 1683 894 1705 retro
919 1675 984 1705 duo
1007 1677 1183 1705 Burmann.
1202 1674 1336 1705 Sublata

758 1722 874 1752 Hamb.
896 1732 944 1762 pr.
965 1729 996 1751 et
1017 1732 1077 1762 pro
1096 1722 1162 1753 div,
1180 1721 1254 1752 lect.
1269 1723 1332 1751 Zu—

757 1769 833 1799 lich.
843 1791 851 1805 ‚
869 1768 924 1798 sed
939 1768 1081 1798 vindicat
1093 1768 1255 1809 vulgatam
1270 1769 1333 1799 No-

756 1817 828 1845 nius
851 1816 886 1845 in
899 1815 1007 1858 fluere
1023 1822 1055 1845 et
1077 1816 1230 1856 repetitus
1247 1814 1333 1844 idem

756 1872 865 1892 versus
885 1863 1001 1903 Georg.
1026 1863 1060 1899 Ι,
1088 1872 1175 1900 200,
1194 1860 1252 1891 ubi
1276 1870 1335 1902 pro

745 1908 870 1952 fluere,
889 1919 990 1938 ruere.
1005 1910 1084 1939 Sane
1097 1917 1168 1948 quae
1185 1913 1271 1938 retro
1287 1907 1331 1937 la-

758 1955 898 1991 buntur,
916 1962 1013 1985 mnne
1023 1955 1156 1995 proprio
1172 1964 1242 1984 voc.
1254 1976 1263 1991 ‚
1278 1953 1333 1983 sed

745 2000 853 2045 fluere
880 2001 1070 2041 exquisitius
1098 2010 1157 2041 pro
1182 1999 1245 2030 hoc
1265 2001 1335 2041 ipso

756 2058 857 2078 ruere.
868 2049 938 2077 Hoc
953 2054 1058 2077 tamen
1072 2047 1143 2076 loeo
1158 2053 1250 2087 poeta
1266 2056 1334 2077 uon

757 2093 796 2123 de
813 2100 920 2123 monte
936 2093 991 2123 sed
1006 2093 1045 2123 de
1058 2093 1193 2123 flumine
1205 2093 1333 2134 petiisse

756 2140 922 2170 notionem
940 2139 1043 2170 videri
1059 2146 1174 2181 potest.
1184 2157 1232 2163 —
1248 2139 1311 2180 169
1325 2161 1335 2177 ‚

761 2197 835 2225 170.
865 2189 984 2217 Ornate
1002 2193 1039 2217 ut
1060 2187 1127 2225 jam
1154 2186 1273 2228 Georg.
1298 2187 1334 2222 Ι,

758 2243 836 2263 200.
850 2234 899 2263 Ex
921 2234 977 2264 illo
999 2240 1143 2274 tempore
1158 2243 1228 2274 spes
1251 2233 1335 2263 bona

757 2280 955 2311 Achivorum
979 2281 1084 2320 Trojae
1111 2277 1333 2322 expugnandae
