1433 2460
589 107 711 138 LIBER
736 107 761 137 Ῑ.
1239 110 1277 139 :33

80 165 270 211 Mortalis,
288 178 356 202 nec
378 177 454 201 vox
470 164 662 201 homiuem
680 173 787 201 sonat
795 179 805 211 3
822 177 863 209 ο,
880 166 949 202 dea
966 175 1086 213 certe;

79 227 137 261 An
157 224 288 261 Phoebi
303 226 434 262 soror?
455 237 502 260 au
516 225 781 275 Nympharum
798 226 989 274 sanguinis
1009 226 1106 262 una?

80 284 137 321 Sis
156 280 262 331 felix,
278 294 524 335 nostrumque
542 285 661 331 leves,
678 297 945 334 quaecumque,
963 285 1131 323 laborem
1149 300 1156 322 :
1228 298 1275 319 ουκ,

78 347 142 392 Et,
157 359 233 396 quo
248 346 319 384 sub
341 346 434 383 coelo
450 346 620 391 tandem,
640 345 780 395 quibus
798 345 901 382 orbis
921 346 957 382 iu
977 347 1052 384 oris

76 408 287 452 Jactcmur,
307 407 453 444 doceas.
474 406 603 456 Ignari
620 406 893 456 hominumque
915 406 1162 458 locorumque

76 467 274 511 Erramus,
292 475 406 503 vento
429 466 503 503 huc
519 476 556 503 ct
575 466 688 503 vastis
707 466 884 504 fluctibus
905 466 991 503 acti.

76 525 198 562 Multa
219 526 289 563 tibi
305 536 391 564 ante
412 540 495 563 aras
513 535 641 564 nostra
659 526 767 563 cadet
787 526 911 563 hostia
929 526 1072 563 dextra.
1095 545 1109 559 υ

113 588 210 622 Tum
227 590 353 624 Venus
371 603 378 624 :
397 606 410 620 «
425 588 535 624 Haud
549 588 725 637 equidem
741 588 805 624 tali
822 601 880 624 mc
897 587 1032 637 dignor
1049 588 1209 637 honore,
1230 599 1275 623 335

75 646 296 696 Virginibus
314 648 438 697 Tyriis
461 661 541 685 mos
563 657 618 684 cst
639 657 785 697 gestare
801 647 1039 696 pharetram,

77 709 350 757 Purpurcoque
371 708 442 744 alte
459 721 564 744 suras
582 707 725 743 vincire
743 706 944 742 cothurno.

78 767 217 804 Punica
232 781 347 817 regua
363 767 468 804 vides
479 794 488 812 ‚
510 767 646 815 Tyrios
656 793 666 813 ,
682 775 719 802 et
734 766 919 815 Agenoris
934 764 1081 803 urbem.

76 949 150 969 nem
162 937 268 968 habet.
291 937 329 968 cf.
349 938 469 978 Hymn.
484 938 516 967 in
532 939 649 967 Vener.

78 997 120 1026 92
139 996 206 1026 sqq.
224 995 282 1023 107
305 995 372 1024 sqq.
384 990 415 1013 et
428 984 580 1024 Apollou.
594 986 650 1019 IV,

83 1039 141 1069 141
154 1043 165 1061 1
182 1043 250 1072 sqq.
270 1032 414 1061 Imitatus
430 1038 476 1060 est
492 1041 589 1071 usque
612 1030 652 1060 ad

77 1079 240 1109 fastidium
266 1079 412 1118 copiosus
440 1078 555 1108 Statius
586 1079 650 1114 IV,

82 1126 146 1163 746
166 1136 233 1165 sqq.
251 1125 291 1154 cf.
308 1134 385 1154 mox
402 1123 440 1153 ad
460 1124 535 1160 334.

128 1172 205 1202 328.
236 1172 302 1202 'Nec
338 1170 396 1200 tibi
425 1180 489 1200 vox
514 1170 652 1200 humana

80 1225 136 1248 est.
155 1219 259 1248 Homo
272 1228 331 1258 pro
346 1217 501 1246 abstracto
519 1226 526 1247 :
540 1216 651 1246 huma-

80 1275 158 1294 num
185 1264 271 1304 quid.
289 1281 334 1286 —-
360 1264 436 1302 329.
463 1262 647 1305 Sanguinis,

80 1322 96 1341 e
125 1321 238 1353 genere
261 1310 483 1351 Nympharum
508 1320 583 1340 una.
605 1327 652 1333 ——

81 1358 158 1388 330.
176 1356 322 1398 Sisseliae
333 1380 341 1393 ,
359 1356 450 1399 χαῖρε
463 1353 517 1386 θεὰ
528 1379 536 1393 ,
554 1354 630 1391 ἱῧσηθι
643 1380 651 1395 ,

79 1405 120 1434 sis
143 1405 290 1445 propitia.
315 1404 383 1434 Ecl.
408 1406 448 1440 V,
475 1404 515 1441 75
533 1403 582 1432 Sis
602 1403 652 1433 bo«

78 1461 135 1480 nus
158 1462 176 1480 ο
189 1450 341 1492 felixque
366 1450 436 1480 tuis.
457 1451 593 1481 Petitum
612 1450 651 1479 ab

63 1525 66 1526 γ
80 1498 226 1538 auspiciis
241 1504 272 1527 et
290 1497 462 1527 ominibus.
486 1498 652 1537 Quaecum-

79 1555 140 1584 que
152 1566 160 1580 ,
187 1544 416 1584 qualiscunque
435 1543 492 1572 dea
507 1554 539 1572 es
550 1565 558 1579 ‚
582 1554 654 1573 nos-

80 1591 136 1620 tris
169 1590 257 1620 malis
288 1600 439 1620 succurre
450 1612 458 1626 ,
487 1590 632 1620 docendo
643 1613 650 1625 ,

80 1637 140 1666 sub
159 1648 220 1676 qua
239 1643 326 1678 parte
348 1637 420 1666 coeli
439 1643 496 1666 etc.
510 1654 558 1658 —
573 1638 650 1668 332.

81 1684 254 1719 lactentur,
274 1693 444 1719 versemur3
460 1693 534 1711 nam
550 1690 580 1712 et
592 1683 654 1713 hoc

81 1729 195 1758 exilius
211 1735 277 1758 etat
288 1735 336 1758 :et
352 1738 427 1758 mox
442 1739 582 1758 erramus
594 1740 653 1769 pro

81 1785 201 1805 sumus.
228 1777 304 1804 Haec
327 1780 357 1804 et
378 1773 490 1803 similia
516 1776 577 1804 nisi
596 1775 654 1805 ob—

81 1822 253 1851 servaveris
263 1845 271 1858 ,
292 1821 409 1861 poetici
422 1821 576 1850 sermonis
589 1822 655 1850 vim

81 1874 112 1897 et
127 1867 265 1898 indolem
278 1877 346 1897 non
365 1867 545 1907 assequeris.
565 1867 655 1897 Cete—

82 1924 154 1943 rum
183 1914 298 1955 Odyss.
326 1924 362 1950 π,
393 1913 454 1943 183
476 1924 543 1953 sqq.
569 1913 656 1943 Tele-

82 1959 213 1991 machus
233 1961 379 2001 Ulyssem
402 1970 418 1988 a
441 1961 587 1989 Minerva
605 1970 658 1989 au-

82 2008 221 2049 gustiore
235 2007 336 2037 forma
345 2017 380 2036 ac
395 2007 539 2046 corporis
555 2008 658 2046 specie

84 2059 230 2084 ornatum
241 2077 249 2090 ,
288 2060 437 2094 tanquam
465 2052 568 2092 deum
605 2053 659 2082 ali-

86 2110 180 2140 quem
191 2123 199 2137 ,
217 2100 389 2140 alloquitur
404 2100 499 2129 simili
513 2099 577 2128 fere
591 2110 659 2129 ora-

86 2148 183 2176 tione.
215 2149 325 2187 Neque
353 2146 503 2176 dissimile
532 2146 660 2176 Alcinoi

87 2192 206 2223 dictum
220 2193 405 2234 Ulyssisque
419 2193 583 2233 responsio
598 2193 660 2223 Od.

88 2249 124 2276 n,
150 2249 211 2281 199
227 2251 294 2281 sqq.
313 2240 377 2270 208
397 2251 465 2282 sqq.
476 2240 602 2271 —333.
619 2241 674 2270 Ec'

704 938 808 967 vastis
830 939 938 969 Heius.
962 950 978 968 e
1000 938 1089 969 libris
1104 962 1112 977 ,
1129 941 1280 972 suadente

702 985 766 1022 jam
784 985 897 1015 Pierio.
917 987 1019 1015 Antea
1042 986 1144 1015 vastis
1168 995 1217 1026 et,
1244 997 1281 1019 nt

705 1031 799 1060 multi
814 1031 892 1061 boni
911 1031 1002 1062 codd.
1019 1042 1090 1062 cum
1111 1035 1277 1071 Romano,

706 1088 785 1117 quos
813 1089 843 1108 v.
868 1089 916 1118 ap.
941 1078 1153 1120 Cuningham.
1181 1083 1279 1119 Item,

706 1134 816 1153 omnes
838 1124 987 1155 Gothani.

754 1171 830 1201 335.
858 1171 932 1200 Tali
953 1170 1089 1209 honore,
1115 1184 1155 1202 ex
1175 1184 1206 1204 v.
1225 1184 1281 1205 an-

706 1224 763 1246 tec.
787 1218 844 1247 int.
869 1217 990 1255 hostia,
1016 1218 1281 1250 sacrificio.Vult

706 1265 790 1293 enim
806 1265 946 1293 mortalis
965 1266 1055 1305 virgo
1074 1266 1175 1295 videri
1187 1290 1194 1303 ‚
1213 1277 1281 1296 non

707 1310 774 1340 dea.
787 1329 833 1332 —
851 1312 927 1348 337.
954 1310 1007 1341 Ad
1030 1319 1206 1342 venantum
1224 1313 1280 1343 ha-

705 1356 810 1386 bitum
841 1365 959 1398 spectat
997 1358 1172 1388 cothurnus
1195 1370 1202 1391 :
1232 1370 1281 1390 res

706 1411 801 1440 not213
823 1415 864 1433 ne
887 1415 902 1433 a
927 1405 1070 1434 sentibus
1086 1412 1117 1435 et
1139 1405 1282 1436 silicibus

705 1450 898 1480 laederentur
916 1462 1016 1481 crura.
1032 1453 1151 1481 Versus
1172 1463 1212 1482 ex
1234 1454 1282 1483 Li-

705 1497 758 1526 vio
772 1497 961 1527 Andronico
975 1498 1181 1528 adumbratus
1196 1508 1203 1529 ε
1220 1500 1286 1529 Sed

700 1542 773 1583 jam
791 1554 952 1584 purpureo
971 1554 1060 1573 sums
1079 1544 1206 1574 include
1228 1557 1280 1575 co-

707 1589 829 1620 thurno.
850 1591 935 1620 conf.
954 1601 1048 1631 supra
1070 1591 1178 1633 Eclog.
1196 1594 1260 1623 VII
1272 1616 1280 1630 ‚

711 1637 764 1666 32.

757 1683 833 1713 338.
850 1683 1008 1725 Agenoris
1021 1684 1125 1714 urbem
1138 1697 1150 1720 ,·
1179 1696 1195 1715 a
1211 1696 1284 1726 pro-

707 1730 796 1769 genie
813 1731 968 1771 Agenoris
983 1731 1141 1759 conditam
1154 1753 1162 1767 ,
1188 1743 1283 1771 quem

709 1776 895 1805 Graecorum
912 1776 1029 1818 ‘mythi
1053 1776 1106 1817 (v.
1131 1778 1285 1817 Apollod-

709 1823 761 1857 ΙΙ,
782 1832 809 1857 1,
834 1828 873 1857 43
895 1824 962 1857 111,
986 1832 999 1851 1
1013 1844 1021 1859 ,
1043 1822 1082 1861 1)
1098 1822 1285 1855 Phoenicum

711 1867 909 1897 conditorem
922 1891 930 1905 ‚
952 1878 993 1897 ex
1014 1870 1152 1909 AEgypto
1177 1871 1286 1902 oriun-

711 1913 798 1950 dum,
816 1921 846 1943 et
862 1915 928 1952 ejus
942 1920 1086 1954 posteros
1099 1915 1224 1946 Sidonis
1239 1929 1288 1948 re-

711 1971 762 2001 ges
778 1960 898 1989 faciunt
909 1983 917 1998 ‚
937 1971 1004 1989 non
1019 1961 1109 2002 Tyri,
1124 1973 1195 2002 quae
1208 1964 1287 1994 mul-

711 2013 744 2036 to
758 2017 856 2036 serlus
881 2013 911 2036 et
934 2006 1044 2036 floruit
1056 2014 1086 2037 et
1101 2009 1220 2039 Graecis
1239 2012 1287 2042 in-

711 2054 827 2083 notuit.
852 2052 973 2083 Sidonii
987 2071 1034 2076 -—
1050 2056 1154 2093 Tyron
1178 2056 1286 2087 urbem

712 2107 786 2128 ante
800 2110 920 2129 annum
942 2099 1088 2142 Trojanae
1101 2101 1202 2132 cladis
1215 2115 1285 2134 con-

714 2146 877 2182 clides-nnc,
896 2148 916 2177 J
919 2147 1013 2177 usfiu.
1026 2149 1138 2178 XVIII
1149 2171 1158 2185 ‚
1177 2149 1207 2179 3.
1223 2152 1287 2181 No-

713 2193 738 2222 li
752 2193 857 2233 itaque
881 2194 1006 2230 mirari,
1029 2193 1196 2233 Sidonem,
1218 2207 1286 2228 non

715 2242 858 2281 Tyrum,
878 2242 1018 2271 Homero
1041 2244 1220 2275 memorari.
1241 2262 1287 2268 —

1090 2302 1128 2316 ’1-

1088 2316 1106 2340 3
