1402 2460
71 101 1270 177 EXCURSUSiNOTABHJORES

489 275 578 318 AD
612 274 854 317 LIBROS

184 428 534 485 AENEIDOS
576 428 625 485 Ι,
667 428 748 484 ΙΙ,
792 427 882 480 ΙΙΙ
921 426 1011 480 ET
1057 425 1148 480 IV.

410 694 936 759 EXCURSUSI

498 831 568 866 AD
596 831 795 866 LIBRUM
825 832 854 865 Ι.

72 956 144 998 De
164 953 262 998 loco
284 951 426 997 litoris
442 950 624 1011 Libyce,
638 952 707 996 ad
721 968 858 1014 quem
877 954 1056 998 AEneas
1083 952 1276 1016 appulit.

122 1084 152 1119 I,
178 1082 241 1122 159
253 1098 297 1105 ο-
313 1080 389 1120 169.
405 1081 465 1111 Est
479 1079 511 1110 in
532 1090 653 1110 secessu
670 1080 767 1121 longo
783 1080 881 1110 locus.
898 1080 1012 1110 Insula
1022 1089 1152 1120 porcum
1168 1079 1282 1123 Efficit

75 1143 134 1167 etc.
161 1137 243 1168 Cum
260 1135 299 1166 de
316 1136 375 1166 hac
398 1135 480 1172 loci,
507 1133 547 1164 ad
570 1145 665 1175 quem
682 1136 797 1165 AEneas
814 1133 993 1175 appulerit,
1013 1133 1228 1176 descriptione
1246 1137 1281 1167 in

76 1191 214 1222 diversas
231 1190 367 1221 abierint
385 1190 556 1220 sententias
572 1190 765 1230 Interpretes
779 1212 787 1227 ,
813 1196 845 1219 et
869 1188 962 1219 facies
981 1189 1131 1220 locorum
1148 1191 1281 1221 omnino

73 1256 139 1277 non
169 1246 272 1276 libero
302 1246 376 1275 satis
401 1250 576 1286 prospectu
599 1244 699 1274 menti
727 1254 759 1274 se
793 1243 907 1274 offerat
935 1253 944 1274 ε
969 1245 1147 1274 accuratius
1177 1242 1216 1274 de
1245 1255 1281 1275 ea

72 1299 152 1330 mihi
172 1299 232 1329 erit
248 1298 417 1340 agendum.
435 1299 734 1339 Interpretationem
749 1298 983 1328 sententiarum
999 1298 1202 1338 singularum
1214 1297 1281 1337 jam

73 1364 168 1395 supra
186 1353 328 1394 apposui.
355 1355 484 1384 Summa
503 1359 570 1383 erat
593 1352 661 1382 haec
679 1362 688 1383 τ
710 1354 766 1382 Est
785 1353 821 1382 in
842 1352 903 1383 hac
926 1353 1029 1384 litoris
1053 1353 1170 1394 Libyci
1193 1360 1283 1394 parte

70 1409 162 1439 locus
175 1409 210 1439 in
222 1409 329 1439 sinum
344 1415 510 1445 curvatus,
534 1406 708 1442 cuisinsula,
724 1408 915 1447 praetexitur
926 1430 935 1446 ‚
953 1409 1076 1449 quique
1092 1407 1189 1446 adeo,
1207 1419 1283 1439 cum

73 1462 192 1493 fluctus
208 1462 248 1492 ab
264 1462 328 1492 alto
344 1461 474 1501 objectu
490 1461 604 1491 iuquae
616 1450 830 1502 franguntur,
845 1468 946 1492 tutam
965 1462 1098 1492 navium
1111 1463 1283 1492 stationem

75 1514 186 1547 efficit.
201 1517 298 1546 Hunc
313 1516 420 1545 sinum
433 1514 576 1544 subeunt
587 1514 730 1553 Trojam'.
744 1515 765 1544 J
768 1524 817 1543 am
830 1515 865 1544 iu
879 1514 1012 1556 singulis
1025 1514 1184 1545 nonnulla
1197 1523 1284 1553 sunt,

77 1581 149 1612 quae
164 1569 403 1610 ambiguitatem
414 1568 532 1599 habere
544 1574 691 1610 possunt.
705 1568 744 1598 ln
762 1568 860 1612 longo
877 1579 1012 1606 secessu,
1030 1569 1161 1600 sinuoso
1175 1569 1285 1610 Libyae

77 1627 172 1657 litore
182 1648 191 1663 ‚
210 1632 257 1655 ese
277 1624 362 1654 locus
377 1633 389 1654 :
410 1624 465 1665 qui
479 1634 540 1665 pro
555 1625 692 1654 statione
707 1624 842 1653 navium
861 1630 918 1655 est.
937 1624 1050 1654 Insula
1061 1647 1069 1662 ,
1093 1634 1166 1666 quae
1181 1625 1285 1655 conti-

79 1680 170 1712 nenti
182 1685 229 1710 est
244 1678 368 1717 objecta
379 1700 389 1715 ‚
406 1677 508 1720 efficit
516 1685 648 1718 porcum
663 1676 787 1719 objectu
803 1677 940 1707 laterum
951 1687 1084 1708 suorum
1098 1677 1183 1720 (hoc
1195 1680 1266 1719 ipso
1277 1701 1286 1716 ‚

81 1734 170 1777 quod
185 1733 327 1772 objecta,
342 1733 488 1773 opposita
503 1730 589 1772 est),
606 1730 734 1772 quibus,
753 1731 794 1761 ad
808 1741 897 1772 quae,
915 1731 1019 1761 omnis
1036 1731 1125 1762 unda
1142 1732 1182 1762 ab
1196 1733 1264 1762 alto
1275 1756 1284 1768 ,

84 1790 187 1820 omnis
206 1788 340 1825 fluctus,
362 1786 546 1828 Frangitur,
573 1793 605 1816 ec
621 1785 654 1816 in
672 1785 760 1815 sinus
777 1785 923 1817 reductos
937 1797 1006 1816 sese
1030 1786 1168 1826 scindit,
1187 1787 1286 1818 fracta

82 1844 202 1875 recedit
216 1853 223 1874 :
239 1848 343 1884 potest
358 1842 458 1883 accipi
473 1840 512 1871 de
526 1840 734 1871 interioribus
750 1841 838 1871 sinus
854 1840 1049 1879 recessibus,
1066 1842 1101 1871 in
1117 1852 1199 1883 quos
1211 1842 1289 1873 fluc-

84 1908 134 1930 tus
156 1898 248 1928 fracti
263 1906 342 1927 mox
355 1897 505 1934 irruunt3
520 1902 557 1925 ut
572 1894 636 1926 fere
651 1895 710 1926 Ge.
726 1896 784 1933 IV,
804 1901 870 1932 420
885 1896 1078 1936 accepimus;
1094 1902 1125 1926 et
1139 1903 1176 1926 ut
1187 1897 1288 1929 Cerda

80 1953 113 1984 h.
129 1953 151 1983 l.
166 1951 205 1982 de
216 1951 393 1982 intervallis
407 1951 490 1980 inter
507 1949 620 1980 insulae
632 1949 732 1980 latera
747 1956 778 1980 et
791 1950 986 1980 continentis
1005 1950 1156 1991 scopulos
1170 1953 1290 1992 promi-

82 2014 194 2039 nentes
212 2016 219 2037 :
239 2005 294 2038 sed
309 2005 498 2036 tribuuntur
516 2011 547 2035 et
562 2005 638 2035 alibi
659 2004 746 2035 sinus
760 2005 836 2046 ipsis
859 2003 1015 2035 fluctibus
1033 2005 1145 2044 allisis,
1167 2007 1224 2047 qui
1239 2018 1288 2038 re-

84 2063 170 2104 pulsi
190 2062 278 2092 sinus
302 2060 444 2098 faciunt3
473 2067 504 2091 et
529 2060 588 2091 Ge.
614 2061 683 2097 111,
713 2059 777 2090 238
798 2058 916 2089 fluctus
938 2059 1068 2102 longius
1091 2070 1134 2089 ex
1156 2060 1288 2102 altoque

85 2116 190 2146 sinum
203 2114 310 2147 trahit.
325 2114 411 2145 Hinc
427 2122 524 2155 aeque
538 2113 630 2151 hinc,
651 2121 705 2144 aut
718 2114 754 2144 in
774 2114 842 2155 ipsa
862 2113 968 2144 insula
979 2136 988 2151 ‚
1015 2113 1054 2144 ab
1066 2120 1200 2155 utraque
1219 2116 1288 2154 ejus

84 2170 298 2207 extremitate,
315 2176 369 2200 aut
383 2170 419 2200 in
436 2171 635 2208 continenti3
652 2170 679 2199 si
694 2176 799 2199 tamen
816 2169 851 2198 in
866 2168 971 2199 insula
985 2167 1119 2198 fuissent
1134 2168 1200 2199 duo
1218 2179 1288 2200 sco-

86 2225 172 2265 puli,
205 2223 322 2254 fluctus
345 2233 386 2253 ex
410 2223 473 2254 alto
498 2223 579 2255 allisi
604 2233 672 2254 nou
694 2222 905 2264 praebuissent
932 2223 1071 2264 quietam
1096 2223 1281 2259 stationem;
