1433 2460
608 134 731 165 LIBER
756 134 781 164 Ι.

93 195 169 242 Qui
182 207 306 240 mare,
327 194 392 244 qui
410 202 528 230 terras
548 192 651 229 omni
669 191 814 228 ditione
836 198 1024 235 tenerent,

91 255 351 293 Pollicitus!....
371 258 466 300 Quae
485 262 539 300 te,
561 253 727 304 genitor,
744 251 929 289 senti-ntia
949 250 1085 287 vortit?

90 317 174 352 Hoc
190 314 365 365 equidem
381 327 555 351 occasum
572 313 697 363 Trojae
715 311 907 360 tristisque
926 311 1052 347 ruinas

91 376 269 422 solabar,
288 376 372 413 satis
389 375 579 412 contraria
600 375 675 411 fata
693 371 915 422 rependens.

88 439 200 474 Nunc
215 436 347 473 eadem
369 437 520 473 fortuna
541 436 643 471 viros
659 444 714 472 tot
735 432 883 470 casibus
900 442 1003 469 actos

1244 443 1292 469 2⁴¹0

87 497 322 546 Insequitur!
338 500 461 542 Quem
478 497 544 533 das
561 496 670 532 finem
681 523 691 541 ,
709 507 776 530 rex
794 505 947 541 magne,
965 491 1162 528 laborum?

89 558 260 594 Antenor
279 557 422 607 potuit,
440 556 573 593 mediis
593 556 742 605 clapsus
759 551 916 589 Achivis
929 579 938 596 ‚

91 689 325 732 περιπλεμένων
344 689 499 720 ἐνιαυτῶν.
515 689 612 719 Omni
620 689 665 718 di-

89 736 190 771 tione,
210 739 310 772 Serv„
324 737 413 765 omni
434 742 597 775 potestate,
614 746 665 775 pa-

90 793 137 819 ce,
146 782 279 823 legibus,
291 782 387 812 bello.
400 784 525 812 Praestat
541 781 662 811 dicere:

89 829 197 865 omni,
212 828 274 858 hoc
299 834 362 864 est,
387 838 508 856 summa
528 835 663 867 potcsta-

87 881 128 905 te.
145 876 200 904 Est
215 876 298 904 enim
317 874 419 914 poetis
441 873 593 903 sollennis
611 874 664 903 ille

88 931 180 958 usu53
202 921 364 950 interdum
388 927 419 949 et
445 920 513 949 aliis
529 921 662 960 scripto-

86 967 175 996 ribus
190 977 198 997 :
213 967 302 997 omni
322 978 380 1006 ope
399 966 560 1002 annixus,
576 977 663 996 sum-

87 1024 147 1043 ma.
160 1016 230 1044 AEn.
242 1016 285 1050 X,
300 1014 339 1043 53
353 1023 474 1054 magna
483 1012 603 1042 ditione
615 1030 663 1036 —-

91 1059 253 1101 Carthago
257 1067 389 1099 premat
399 1059 590 1089 Ausoniam.

137 1107 215 1136 236.
230 1108 344 1135 Terras
371 1105 476 1134 omnis
496 1106 659 1146 fragment.

88 1153 193 1182 Vatic.
210 1163 227 1181 a
255 1152 428 1193 Campiglia
456 1162 660 1192 expressum,

90 1199 182 1236 cujus
214 1199 361 1228 lectionis
396 1199 490 1227 etiam
534 1198 661 1228 Servius

87 1245 242 1274 meminit.
290 1245 356 1275 Nec
395 1242 536 1273 diffiteor
580 1244 662 1273 hane

87 1289 256 1320 lectionem
270 1290 372 1320 multo
389 1291 486 1330 magis
500 1291 598 1330 epicae
613 1289 661 1319 di-

87 1337 201 1376 gnitan'
231 1338 402 1366 convenire
431 1336 554 1372 videri,
568 1347 662 1376 quam

87 1382 237 1412 subtilem
260 1383 405 1412 omnium
430 1393 583 1423 generum
602 1393 661 1423 po-

87 1430 205 1458 testatis
219 1428 548 1468 comprehensionem.

136 1475 214 1512 237.
231 1474 312 1504 Vide
327 1485 366 1504 an
380 1475 484 1504 lenior
499 1474 578 1504 fluat
591 1485 660 1504 ora-

88 1521 148 1557 tio,
163 1521 188 1550 si
206 1521 388 1550 distinxeris
403 1530 411 1551 ε
427 1522 518 1550 Certe
531 1520 604 1561 hinc
616 1538 664 1544 —-

81 1566 262 1605 pollicitus,
279 1578 351 1608 quae
366 1573 396 1596 te
405 1589 414 1602 ,
430 1567 571 1608 genitor,
591 1578 662 1596 sen-

87 1613 189 1642 tentia
204 1613 328 1643 vertit?
347 1613 379 1643 h.
398 1624 471 1642 cum
484 1615 525 1642 sis
540 1614 664 1654 pollici-

87 1664 149 1688 mS.
164 1660 290 1688 Durum
307 1661 392 1688 enim
406 1659 487 1688 illud
497 1660 664 1700 pollicitus

86 1704 155 1733 sine
180 1715 213 1734 es
227 1705 278 1734 vel
296 1716 382 1741 eras,
402 1706 435 1734 in
450 1706 515 1735 fine
536 1713 655 1735 seuten-

87 1750 140 1780 tiae
153 1750 316 1781 absolutae.
333 1768 380 1773 ——-
396 1752 475 1790 Quae
489 1759 518 1780 te
534 1760 663 1781 senten-

87 1796 132 1826 cia
146 1797 244 1826 ‘vertit
255 1798 427 1836 exquisite,
441 1797 528 1836 quod
542 1808 664 1826 novum

88 1843 257 1873 consilium
273 1845 367 1872 vertit
385 1850 431 1878 te,
451 1844 584 1872 mutavit
597 1844 663 1872 ani-

86 1900 176 1919 mum
193 1896 283 1918 tuum
295 1890 307 1918 Ρ
317 1890 450 1929 Vulgari
462 1891 584 1919 ratione
593 1900 665 1918 ver-

85 1935 165 1965 titur
187 1936 341 1965 sententia
353 1958 361 1971 ‚
393 1936 531 1972 animus,
559 1937 663 1965 consi-

86 1982 177 2012 lium.
201 1983 282 2012 Mox
303 1982 366 2011 238
389 1993 535 2011 occasum
562 1981 665 2022 Trojae

86 2023 218 2058 sol'abar
232 2029 325 2058 etiam
349 2029 523 2068 exquisite,
547 2035 584 2057 ut
600 2029 663 2058 fere

87 2085 211 2115 semper
229 2082 342 2115 poetae.
360 2077 404 2105 [t
423 2075 519 2104 semel
533 2074 635 2103 dicam
654 2084 662 2104 τ

86 2123 216 2162 proprie
239 2121 384 2150 solamur
396 2121 540 2150 animum
552 2144 560 2158 ‚
583 2121 663 2150 sola-

86 2178 160 2197 mur
173 2178 248 2204 nos,
266 2167 299 2197 h.
316 2178 342 2197 e.
360 2168 474 2198 fractos
495 2178 554 2198 nos
571 2169 663 2208 erigi-

87 2224 174 2250 mus,
199 2224 376 2244 recreamus
396 2224 403 2245 :
432 2221 503 2244 tum
524 2214 664 2244 solamur

86 2259 229 2294 dolorem
241 2284 249 2298 ‚
280 2271 408 2299 curam,
441 2261 591 2300 luctum3
619 2261 664 2290 sic

719 698 815 730 cantu
850 691 980 731 longum
1018 686 1123 717 solata
1154 684 1295 713 laborem

719 736 836 777 Georg.
862 738 895 774 Ι,
918 737 982 775 293
1006 744 1013 765 :
1040 731 1167 763 tandem
1187 741 1294 760 earum

717 793 824 812 rerum
842 793 965 812 caussas
977 804 984 818 ,
1000 780 1078 810 mala
1095 784 1124 806 et
1144 787 1232 805 casus
1249 787 1297 805 so-

718 828 782 857 lari
804 829 960 865 dicimur,
977 827 1010 857 h.
1037 837 1064 856 e.
1084 822 1215 854 solando
1241 830 1297 852 aut

717 875 858 905 tollimus
873 882 927 904 aut
942 874 1117 903 minuimus
1130 880 1186 899 seu
1203 869 1296 906 mala,

716 931 772 950 seu
794 932 921 951 sensum
948 921 1116 950 malorum.
1141 917 1191 945 Sic
1212 914 1245 946 h.
1272 915 1294 945 l.

717 967 880 997 excidium
901 966 1005 1007 Trojae
1029 965 1150 995 solatur
1164 964 1294 998 Venus,

715 1013 858 1043 dolorem
882 1013 956 1043 inde
973 1015 1079 1042 animo
1102 1015 1296 1048 conceptum

715 1060 808 1090 levat.
828 1078 874 1083 ——
905 1061 983 1099 239.
1012 1057 1101 1092 Fasis
1127 1054 1293 1085 contraria

705 1106 787 1147 fam
800 1106 997 1146 repende115;
1008 1106 1101 1134 eiiam
1109 1102 1173 1132 hoc
1184 1100 1275 1130 docte
1286 1112 1295 1137 ;

714 1153 916 1192 rependens,
959 1159 1186 1191 compensans,
1211 1145 1293 1187 sata

715 1211 744 1228 ιι
755 1199 894 1235 ntraria,
911 1200 1124 1235 Trojanorum
1138 1194 1294 1223 calamita-

715 1245 871 1286 tes,fat1's
895 1245 962 1274 scil.
982 1242 1190 1277 11101101111115,
1206 1249 1293 1269 novo

715 1292 814 1321 Italiae
834 1301 949 1331 regno,
967 1289 1000 1320 h.
1017 1300 1043 1319 e.
1065 1296 1193 1328 sperans
1204 1308 1212 1322 ‚
1229 1285 1293 1314 for·

715 1344 827 1366 tunam
843 1338 1056 1375 Trojanorum
1072 1335 1213 1363 futuram
1228 1341 1294 1360 esse

716 1390 805 1413 tanto
821 1383 986 1413 laetiorem.
1006 1382 1101 1412 Plane
1115 1379 1204 1408 aliter
1219 1388 1296 1406 con-

715 1429 816 1459 traria
821 1429 902 1470 suta
923 1429 1076 1458 dicuntur
1090 1424 1215 1456 AEneid.
1232 1425 1293 1460 lx,

720 1476 796 1506 136.
812 1493 859 1498 —-
879 1481 958 1511 241.
972 1477 1077 1514 Quem
1099 1472 1159 1501 das
1177 1469 1294 1505 finem,

715 1532 792 1562 pro,
825 1523 898 1551 facis
909 1543 917 1557 ‚
944 1520 1130 1551 constituis!
1158 1517 1294 1547 Poeticae

717 1569 855 1597 orationi
869 1575 898 1597 et
913 1567 976 1596 hoc
991 1566 1126 1606 propius
1142 1573 1150 1593 :
1168 1559 1275 1593 δοῦναι
1285 1583 1293 1598 ,

716 1614 806 1650 dare,
822 1624 882 1654 pro
898 1614 1011 1642 facere.

765 1666 960 1699 242—249.
989 1660 1157 1693 Antenor,
1177 1661 1208 1684 et
1228 1655 1296 1694 ipse

717 1707 812 1744 Troja
824 1706 981 1747 profugus
989 1727 997 1740 ,
1012 1714 1111 1733 novas
1123 1701 1212 1731 sedes
1223 1710 1295 1729 nac-

717 1758 769 1781 tus
806 1759 852 1781 est
885 1751 1014 1781 condito
1051 1749 1180 1779 Patavio
1198 1757 1207 1782 ;
1236 1755 1295 1774 cur

717 1799 831 1827 AEneas
857 1797 953 1826 simili
974 1798 1101 1825 fortuna
1126 1803 1192 1822 non
1209 1793 1295 1831 poti·

718 1843 791 1871 tur?
814 1844 915 1872 Locus
951 1849 997 1871 est
1030 1839 1121 1869 valde
1151 1844 1292 1869 ornatus.

721 1888 852 1918 Casibus
871 1888 989 1917 deinde
1004 1886 1109 1916 ‘variis
1124 1886 1296 1915 Antenora

718 1953 764 1957 -—
796 1934 925 1964 venisse
956 1934 988 1963 in
1016 1933 1162 1962 intimum
1195 1930 1296 1960 maris

719 1981 882 2011 Adriatici
896 1980 999 2010 sinum
1011 1992 1023 2015 ;
1045 1979 1098 2008 hic
1113 1979 1202 2007 sinus
1216 1987 1295 2018 poe-

717 2034 756 2056 1ae
769 2027 894 2057 doctius
907 2026 1032 2065 lllflici
1042 2025 1139 2060 simas,
1155 2034 1294 2063 namque

716 2075 828 2111 majori
841 2073 994 2103 Adriatici
1010 2073 1098 2102 sinus
1114 2071 1198 2111 parti
1215 2070 1294 2110 Illy-

717 2121 820 2150 ricum
836 2119 1046 2160 praetenditur
1057 2129 1065 2156 ς
1078 2117 1165 2148 idem
1179 2115 1294 2146 intima

716 2177 816 2208 regna
843 2165 1068 2201 Liburnorum,
1089 2175 1164 2194 nam
1185 2173 1296 2192 versus

717 2214 885 2243 interiores
894 2222 1034 2242 recessus
1048 2211 1235 2240 habitarunt
1249 2210 1297 2238 Li-

718 2259 817 2290 burni
828 2282 836 2298 ,
856 2259 978 2300 lllyrici
994 2257 1133 2300 populos
1144 2279 1153 2296 ‚
1169 2262 1238 2286 tum
1252 2256 1296 2285 Is·
