1433 2460
144 96 202 129 13¹.

647 88 843 118 AENFJDOS

140 150 352 197 Advingunt
373 158 502 182 omnes
519 144 645 194 operi,
670 145 908 194 lwdibusth
929 154 1095 182 rotarum

1296 154 1343 181 235

141 210 351 260 ¹S‘ubjiciunt
374 208 516 255 lapsus,
529 213 566 241 vt
581 214 739 255 stuppea
758 206 909 242 vincula
927 206 1024 242 collo

142 269 347 307 lun-mlum
367 266 537 302 :scandit
558 266 678 301 fatalis
700 266 874 302 machina
894 279 1042 312 muros,

142 336 230 369 Feta
252 329 375 365 armis.
394 327 505 363 Pueri
522 327 683 371 circum,
703 327 947 377 innnptmth
966 327 1099 377 puellm

141 396 255 428 Sacra
277 397 433 431 canunt,
452 388 656 435 funemque
672 400 783 422 manu
801 388 1020 436 esmtingerc
1038 388 1213 437 gaudent.

141 453 205 488 Illa
223 449 346 494 subit,
364 447 572 496 mcdiaequc
590 446 734 481 minans
753 446 934 483 inlabitur
956 447 1053 484 ιιι-111.

144 517 177 549 ()
196 511 338 562 patria,
360 522 382 545 ο
401 509 529 545 divum
549 506 683 542 domus
706 506 835 552 Ilium,
853 515 889 542 ‹·t
910 509 1049 544 incluta
1066 508 1165 545 1)(-110

142 572 282 609 Moenia
300 567 580 607 Dardanidum!
599 574 734 616 quater
751 566 833 616 ipso
852 567 890 604 in
907 567 1034 604 limine
1056 577 1175 618 portae

141 758 187 764 -——
197 740 331 774 234--2
340 737 391 768 36.
405 736 582 766 Dividimus
595 746 713 773 muros,

141 787 298 827 exquisite
321 795 380 825 pro
412 783 583 813 dissolvere
609 789 639 811 et
667 782 715 811 (li-

142 843 306 873 rumpere,
332 838 368 860 ut
391 830 494 859 aditus
513 830 586 865 fiat,
607 836 661 858 aut
681 836 715 858 ut

139 879 171 909 h.
186 880 207 909 l.
227 879 320 908 latius
334 884 456 917 pau-au
473 887 545 906 uam
564 876 602 905 (le
621 882 712 915 porta

141 928 224 956 Scaea
260 926 380 964 agitur,
405 934 420 952 a
442 934 504 963 qua
530 933 596 952 non
619 922 713 962 longe

140 972 241 1002 stabat
261 981 376 1010 equus3
397 968 424 999 ἐν
444 968 575 1005 πύλαις,
593 975 629 997 ut
653 970 715 997 Eu-

142 1020 201 1059 rip.
231 1016 346 1048 Troad.
383 1017 458 1046 521.
485 1014 608 1045 Moem'a
630 1014 663 1044 h.
692 1014 713 1044 l.

141 1065 273 1105 proprio
298 1061 496 1103 significatu,
523 1069 559 1091 ut
584 1059 716 1090 aedificia

143 1113 226 1141 intra
250 1120 359 1139 muros
385 1110 458 1139 sint.
482 1108 548 1138 vid.
566 1109 715 1137 Burman.

141 1157 173 1187 11.
202 1158 223 1187 l.
254 1164 283 1185 et
310 1157 434 1185 Lexica.
462 1157 615 1185 notarum
646 1154 716 1193 Iap-

140 1214 210 1241 sus‚
226 1203 348 1244 egregie
364 1213 422 1242 pro
441 1201 594 1241 simplici,
611 1208 715 1237 rotas,

141 1260 212 1290 qnae
243 1249 387 1279 labentes
415 1247 568 1279 dicuntur
597 1247 716 1286 poetis,

141 1295 272 1336 quando
298 1295 476 1324 volvuntur
494 1311 541 1316 -—
559 1293 603 1322 sic
619 1298 650 1321 et
667 1291 715 1321 ἰη-

142 1342 277 1371 tendant
300 1341 504 1381 exquisitius,
534 1350 629 1379 quam
653 1338 715 1367 illi-

142 1395 236 1430 gant,
265 1389 446 1417 innectunt.
472 1386 512 1416 cf.
543 1388 610 1423 VI,
638 1385 715 1415 506.

142 1437 181 1465 In
198 1434 282 1464 collo
297 1434 364 1464 noli
378 1434 515 1473 argutari
533 1443 540 1463 :
558 1443 630 1463 cum
641 1432 716 1461 fune

142 1492 182 1511 ex
199 1492 236 1511 eo
251 1492 335 1510 nexo
351 1480 430 1510 trahi
448 1490 548 1520 equus
565 1481 619 1510 vix
636 1490 718 1508 com-

142 1527 236 1557 mode
252 1534 367 1568 posset.
386 1527 530 1566 Intellige
544 1526 646 1567 simpl.
667 1525 716 1555 fu-

143 1585 216 1604 nem
240 1585 280 1603 ex
305 1574 462 1603 anteriore
488 1580 575 1613 parte
597 1580 715 1613 aptum.

143 1622 295 1651 Occurrit
313 1627 456 1661 aspectus
468 1621 501 1649 in
518 1618 715 1660 anaglyphis,

144 1668 293 1697 Ceterum
316 1673 440 1707 poetam
452 1689 460 1704 ,
477 1666 586 1695 saltem
602 1666 665 1695 238
677 1688 685 1702 ,
696 1677 715 1705 9

143 1713 181 1743 ad
191 1714 314 1743 thensas
331 1716 552 1744 Romanorum
571 1723 716 1749 suorum,

143 1771 324 1800 sacramque
354 1770 504 1800 pompam
543 1759 718 1800 respexisse

143 1818 210 1838 non
226 1807 437 1847 improbabile
451 1813 506 1836 est.

192 1854 255 1891 237
277 1871 324 1876 --
343 1859 419 1889 240.
439 1852 576 1882 Scandic
591 1862 715 1889 muros,

143 1900 175 1930 11.
196 1911 223 1930 e.
241 1899 455 1937 transcendit,
480 1900 580 1937 major
593 1900 717 1939 imago,

143 1957 239 1986 quam
249 1948 275 1976 si
288 1953 413 1987 portam
429 1945 539 1982 intrat,
554 1956 636 1985 quae,
647 1956 718 1975 mu-

143 2003 253 2022 rorum
273 1994 495 2034 impositorum
511 1999 541 2022 et
560 1993 716 2033 attingen—

143 2039 225 2067 tium
250 2047 337 2079 parte
367 2040 505 2078 dejenta,
535 2044 600 2068 erat
622 2038 717 2074 latior

145 2085 237 2115 facta.
270 2086 354 2119 conf.
376 2087 434 2120 inf.
451 2088 516 2122 VI,
537 2085 620 2122 514,
638 2085 715 2117 515.

144 2131 297 2160 Machina
312 2132 449 2173 fatalis,
475 2132 610 2166 exitium
645 2131 720 2160 fata-

144 2176 174 2206 le
193 2179 337 2216 Trojanis
359 2179 511 2217 afferens,
532 2185 563 2208 et
575 2176 651 2219 feta
667 2187 719 2206 ar-

146 2223 206 2253 mis
216 2247 224 2261 ‚
236 2224 328 2265 plena
353 2227 477 2255 armatis
494 2226 570 2255 viris
582 2235 591 2262 3
605 2231 642 2254 ut
655 2224 720 2263 jam

771 734 918 780 ἐγκύμον’
933 732 1027 766 ἵππον
1043 732 1177 776 τευχέων
1189 734 1274 776 apud
1284 737 1344 767 Eu-

771 785 830 823 rip.
855 783 972 813 'si-ond.
1008 794 1042 812 11
1058 806 1065 820 ‚
1090 783 1121 813 h.
1147 794 1174 813 e.
1198 781 1343 819 ἔνοπλος,

771 837 806 858 ut
822 829 898 859 ibid.
916 841 945 859 v.
967 830 1032 859 521)
1051 839 1057 859 :
1076 841 1171 869 supra
1192 840 1234 859 2ο
1253 836 1344 859 'vete-

770 887 838 905 rum
856 876 989 906 dixerat.
1007 876 1184 905 (thwisinf.
1197 877 1253 912 VJ,
1266 876 1283 905 5
1293 886 1303 904 1
1313 875 1343 906 5:

767 931 924 952 armatum
943 923 1085 963 peditem
1102 922 1209 962 gravis
1235 921 1346 952 attulit

768 970 850 999 alvo.
869 971 971 1000 Locus
996 976 1101 998 autem
1125 980 1166 998 ex
1190 969 1343 998 Ennianis

769 1027 936 1056 expressus
951 1015 1036 1056 apud
1055 1015 1198 1045 macrob.
1219 1016 1283 1051 VI,
1300 1026 1317 1045 2
1336 1025 1343 1046 ε

771 1073 847 1091 nam
860 1062 1006 1091 maximo
1016 1062 1098 1091 saltu
1109 1061 1266 1101 superavit
1273 1072 1345 1102 gra-

771 1108 859 1138 vidus
883 1108 1036 1138 armateis
1053 1119 1150 1148 equus
1164 1107 1274 1148 —qui
1287 1119 1343 1138 suo

765 1163 864 1195 partu
895 1155 998 1184 ardua
1024 1154 1145 1195 perdat
1170 1156 1343 1195 Pergama.

772 1204 874 1230 Sacra
892 1209 1018 1232 canunt
1033 1201 1066 1231 h.
1090 1211 1116 1231 e.
1135 1200 1292 1241 hymnos,
1308 1208 1345 1231 ut

771 1247 853 1277 bene
871 1249 958 1278 Serv.
977 1258 984 1279 ε
1001 1247 1120 1277 scilicet
1139 1246 1346 1287 quemadmo—

772 1293 849 1323 dum
870 1294 944 1323 alias
972 1293 1057 1334 apud
1083 1300 1210 1333 poetas,
1229 1304 1347 1324 canere

770 1340 880 1377 dulce,
899 1339 1023 1381 ferale.
1049 1341 1127 1376 Hic,
1157 1346 1187 1368 et
1211 1340 1244 1369 in
1277 1347 1345 1371 toto

769 1387 861 1423 loco,
882 1387 1045 1416 manifesta
1069 1385 1234 1426 Euripidei
1256 1385 1347 1416 chori

771 1434 912 1474 vestigia,
927 1433 1045 1463 Troad.
1066 1433 1130 1462 522
1145 1444 1213 1473 sqq.
1228 1432 1347 1463 Media.»

772 1480 841 1509 urbi
851 1503 859 1517 ⁷
872 1481 978 1510 onmia
992 1479 1094 1509 media
1108 1478 1260 1509 dicuntur
1274 1487 1346 1520 post

771 1527 878 1564 initia,
906 1525 1046 1566 adeoque
1072 1533 1136 1556 tota
1162 1525 1240 1555 urbs
1263 1527 1347 1556 intra

771 1583 896 1609 muros;
918 1574 976 1602 etsi
1001 1573 1112 1612 utique
1135 1583 1193 1613 per
1211 1571 1347 1602 mediam

771 1619 885 1650 urbem
894 1619 932 1648 ad
943 1630 1047 1649 arcem
1055 1619 1170 1648 ductus
1179 1625 1225 1648 est
1234 1629 1346 1659 equus,

771 1673 808 1696 ut
830 1665 962 1696 Palladis
985 1668 1018 1696 in
1036 1666 1154 1706 templo
1175 1665 1347 1696 collocare—

771 1720 834 1743 tur.
863 1713 904 1744 cf.
926 1713 1038 1753 Eurip.
1056 1713 1078 1743 l.
1102 1723 1130 1742 c.
1152 1712 1218 1748 540
1235 1735 1244 1750 ‚
1263 1723 1276 1746 1
1290 1735 1299 1750 ‚
1316 1719 1348 1742 et

772 1759 887 1800 Odyss.
908 1759 941 1796 θ,
975 1760 1050 1796 504.
1084 1758 1219 1789 ,Mc'nans
1241 1759 1346 1799 simpl.

773 1805 812 1835 ad
829 1806 1029 1835 altitudinem
1039 1805 1094 1835 ref.
1108 1802 1189 1836 Nam
1200 1828 1208 1843 ,
1222 1816 1294 1846 quae
1307 1805 1348 1835 al-

772 1852 911 1882 titudine
935 1863 991 1882 sua
1021 1863 1117 1893 super
1143 1858 1245 1882 cetera
1274 1852 1348 1882 emi-

771 1906 860 1935 nent,
872 1900 986 1929 minari
999 1900 1037 1928 iis
1047 1899 1210 1929 dicuntur.
1222 1898 1262 1928 cf.
1274 1901 1345 1929 AEn.

773 1948 837 1980 IV,
860 1946 900 1974 88
924 1952 955 1975 et
978 1949 1065 1976 Serv,
1093 1944 1210 1975 Melius
1238 1952 1344 1975 autem

770 1993 916 2032 jungitur
952 1991 1095 2022 illabitur
1124 1990 1193 2020 urbi
1214 1991 1345 2029 medice,

771 2038 920 2081 ιηίηαηξ,
952 2049 1047 2078 quam
1070 2037 1199 2067 minans
1231 2037 1346 2068 mediae

771 2084 839 2114 urbi
845 2107 853 2122 ,
870 2084 958 2124 quod
974 2085 1110 2114 tenuius.

821 2132 1014 2168 241—-243,
1030 2130 1143 2160 Divum
1158 2130 1271 2160 domus
1281 2152 1290 2168 ,
1300 2131 1347 2161 in-

773 2184 896 2208 certum
913 2188 977 2207 esse
993 2184 1095 2218 potest
1112 2187 1177 2217 quo
1193 2187 1287 2207 sensu
1300 2176 1346 2206 di-

772 2225 856 2255 xerit
873 2231 975 2265 poeta.
995 2225 1125 2266 Proprie
1144 2230 1248 2259 tamen
1267 2222 1345 2262 urbs
