1433 2460
160 104 224 133 280

664 103 858 133 AEmzlnos

159 164 185 197 ΙΙ
211 160 330 211 portis
346 159 483 208 jubare
503 167 638 196 exorto
659 160 1006 211 delectajuventus.
1318 174 1364 197 ¹3⁰

157 222 264 258 Retia
285 234 387 265 rara,
405 220 542 270 plagae,
563 220 639 258 lato
659 222 846 259 venabula
865 223 986 268 seri-0,

156 282 386 330 Massylique
408 289 523 317 ruunt
543 282 706 331 equites,
726 290 761 317 et
781 282 899 320 odora
921 297 1054 320 canum
1077 286 1141 320 vis.

156 342 336 391 Reginam
361 340 526 377 thalamo
544 349 784 378 cunctantem
804 342 851 378 ad
873 343 999 380 limina
1020 345 1131 393 primi

160 406 360 438 Poenorum
381 409 621 451 exspectant;
643 411 824 451 ostroque
841 401 996 452 insignis
1016 413 1053 440 et
1071 416 1164 440 auro

156 466 235 499 Stat
258 462 431 511 sonipes,
452 474 494 498 ac
516 462 621 498 frena
641 463 749 498 ferox
769 462 983 512 spumantia
1005 464 1157 501 mandit.
1321 471 1367 496 135

155 522 323 559 Tandem
346 522 610 573 progreditur,
629 536 763 574 magna
779 523 942 573 stipante
963 532 1134 571 caterva,

157 583 352 621 Sidoniam
371 584 472 633 picto
490 584 729 634 chlamydem
748 584 982 622 circumdata
999 586 1139 632 limbo;

157 644 227 680 Cui
246 643 426 693 pharetra
447 658 493 681 ex
514 658 629 690 aure,
651 646 772 682 crines
793 644 985 682 nodantur
1007 646 1044 682 in
1067 659 1221 692 aurum,

155 708 281 741 Aurea
304 717 535 754 purpuream
556 705 747 743 subnectit
767 705 882 743 fibula
902 716 1057 744 vestem.

157 767 234 800 Nec
255 778 329 801 non
351 774 383 801 et
407 765 558 814 Phrygii
581 767 757 812 comites,
779 776 815 803 et
836 766 941 803 laetus
963 768 1088 812 Iulus,
1322 779 1367 805 ¹4⁰

156 941 261 979 Sprot.
294 944 324 967 et
362 938 512 968 Pieriauis
543 939 709 968 nonnullis
725 962 732 975 ‚

157 985 276 1024 quibus
300 984 379 1013 adde
405 987 596 1014 Romanum.
615 985 733 1026 Vulgg.

158 1030 570 1071 7·eliq111'c.—H0mericu1n
586 1030 663 1066 Ἠὼς
680 1030 734 1074 μὲν

157 1075 373 1125 {ponda-57:202
391 1076 448 1108 ἀπ’
467 1071 616 1108 simam&
636 1076 735 1120 ῥοάων

157 1127 271 1166 Ωρνυτε
306 1127 422 1165 passim
446 1124 590 1154 obvium.
605 1143 652 1147 -—
673 1126 735 1154 130

157 1188 202 1192 —
218 1172 291 1202 132.
309 1172 357 1202 Cf.
376 1173 464 1202 Grat.
481 1172 602 1212 Cyneg.
623 1172 687 1202 233
705 1178 736 1201 et

158 1219 266 1257 Intpp.
283 1218 400 1258 ,lubare
420 1218 451 1248 h.
478 1218 499 1247 l.
525 1217 610 1247 solis.
634 1219 736 1248 Nimis

156 1263 316 1293 subtiliter
348 1265 476 1294 Servius
513 1263 552 1291 ‹le
588 1264 734 1294 lucifero.

157 1309 295 1347 Masqui
317 1309 349 1339 h.
388 1309 409 1339 l.
434 1308 539 1348 simpl.
571 1307 610 1337 de
635 1309 734 1340 Afris.

160 1355 268 1383 Odora
284 1366 401 1384 canum
428 1354 500 1390 vis,
529 1361 604 1384 nota
635 1356 736 1385 forma

157 1402 325 1431 Homerica
343 1398 394 1439 βίη
410 1398 582 1443 Epicuream
606 1403 735 1442 proprie

156 1458 249 1478 canes
273 1448 397 1478 robusti
416 1447 507 1490 :fida
535 1458 653 1477 canum
682 1448 735 1478 vis

153 1496 216 1532 jam
245 1495 412 1525 Lucretius
436 1495 623 1534 praeive1·at;
647 1495 732 1526 conf.

154 1542 342 1582 VVesseling.
359 1541 452 1571 obss.
470 1542 518 1578 ΙΙ,
542 1547 592 1577 14.
611 1541 734 1571 Odorus

155 1598 257 1626 nove,
275 1589 331 1628 qui
348 1587 486 1617 odoratu
510 1587 658 1625 excellit,
685 1598 732 1617 sa-

157 1645 228 1675 gax.

214 1682 288 1712 133.
324 1682 545 1711 Cunctantem.
578 1683 707 1712 Servius
723 1693 731 1713 :

154 1729 338 1759 morabatur
360 1728 467 1758 studio
483 1728 640 1768 placendi.
663 1729 732 1759 Nisi

154 1776 217 1805 hoc
240 1777 334 1805 nimis
356 1781 486 1804 acutum
505 1781 551 1804 est
576 1785 584 1805 :
605 1785 731 1805 accom-

154 1823 281 1852 modate
303 1821 343 1852 ad
371 1821 453 1851 illud
475 1823 729 1852 Terentianum:

155 1871 241 1898 Dum
258 1868 442 1904 moliuntur,
461 1868 537 1898 dum
554 1868 730 1910 (mulieres)

153 1923 322 1945 comuntur
335 1939 345 1952 ,
385 1925 492 1944 annus
531 1921 587 1945 esc.
628 1916 730 1945 Etiam

154 1962 235 1991 hanc
260 1962 445 2003 elegantiam
474 1962 634 1991 Homerus
662 1972 728 1992 non

152 2016 232 2037 esset
247 2016 394 2038 sectatus.
411 2009 455 2037 At
473 2008 558 2037 enim
573 2016 727 2038 cunctan-

153 2062 216 2083 tem
227 2054 340 2084 addere
356 2061 480 2095 poterat
490 2061 582 2094 poeta
598 2061 729 2084 ornatus

152 2111 258 2130 caussa
270 2124 278 2138 ‚
293 2112 394 2141 quum
405 2108 596 2141 exspectant
608 2102 730 2142 posuis-

151 2154 207 2178 set.

201 2195 261 2232 137
275 2212 321 2217 ——-
336 2205 347 2223 1
359 2195 409 2233 39.
428 2194 603 2235 Chlamyde
618 2201 664 2224 est
678 2195 726 2224 in-

148 2241 223 2272 duta
239 2251 417 2282 purpurea,
433 2242 522 2279 cnjus
539 2251 610 2271 oras
625 2240 724 2271 ambit

788 939 906 969 limbus
918 962 926 975 ,
945 949 1003 968 acu
1020 940 1068 969 vel
1089 939 1177 969 radio
1195 940 1299 980 pictus
1312 962 1319 975 ‚
1338 947 1367 969 et

789 986 964 1026 variegatus
976 995 983 1015 :
995 987 1033 1016 cf.
1051 987 1106 1016 inf.
1123 989 1161 1022 V,
1173 987 1249 1026 259.
1266 985 1369 1016 crinis

790 1032 953 1061 nodantur
965 1032 997 1061 ιή
1009 1043 1120 1062 annun
1137 1033 1262 1063 doctius
1272 1044 1367 1073 quam

790 1089 868 1107 auro
880 1101 888 1116 ‚
908 1078 939 1108 h.
956 1089 982 1108 e.
1005 1089 1098 1108 aurea
1112 1079 1205 1109 fascia
1217 1103 1226 1117 ,
1244 1080 1314 1117 vel,
1333 1087 1369 1109 ut

790 1127 877 1155 Serv.
901 1135 997 1155 aureo
1013 1125 1146 1162 retiolo,
1171 1124 1260 1166 quod
1283 1126 1370 1155 colli-

790 1173 836 1211 git
851 1181 955 1201 comas
966 1194 974 1209 ,
992 1181 1064 1212 quae
1080 1172 1200 1202 Graecis
1222 1169 1368 1214 κρωβύλη

789 1217 801 1257 (
820 1218 967 1247 usitatius
1011 1215 1167 1260 κρώβυ).ος
1185 1216 1198 1259 >
1237 1217 1366 1247 dicitur.

790 1262 968 1293 Reticulum
1000 1270 1047 1294 est
1076 1264 1156 1295 aliis.
1194 1263 1340 1294 Fibulam
1358 1287 1366 1301 ‚

790 1307 938 1350 περόνην,
958 1320 1026 1339 non
1044 1311 1104 1339 nisi
1129 1311 1165 1340 in
1186 1311 1294 1340 tunica
1318 1311 1369 1340 vel

790 1354 958 1395 chlamyde
974 1356 1081 1385 locum
1106 1356 1253 1386 hahuisse
1275 1358 1366 1394 satis,

789 1408 885 1441 puto,
904 1408 1048 1431 constat:
1065 1403 1172 1443 itaque
1190 1402 1221 1432 h.
1250 1403 1271 1434 l.
1294 1414 1367 1433 ves—

789 1455 852 1477 tem
899 1447 1098 1490 chlamydem
1153 1449 1366 1491 intelligemus

788 1494 993 1524 venatoribus
1019 1497 1132 1535 gestari
1155 1497 1289 1526 solitam.
1315 1498 1366 1526 Fi-

788 1539 864 1570 bula
878 1548 982 1571 autem
996 1542 1030 1570 iu
1043 1541 1186 1572 humeris
1200 1542 1367 1584 colligebat

788 1597 823 1616 ac
863 1587 1019 1617 retinebat
1062 1589 1204 1619 tunicam
1224 1612 1232 1626 ‚
1274 1590 1366 1619 etiam

788 1633 989 1675 chlamydem
1012 1643 1020 1664 :
1042 1634 1124 1665 hauc
1149 1635 1312 1666 interdum
1332 1637 1367 1666 in

786 1687 926 1720 pectore.
950 1682 1017 1711 Nec
1045 1688 1151 1712 tamen
1171 1682 1241 1712 talis
1265 1681 1365 1712 fibula

786 1727 868 1757 bene
889 1727 1074 1758 subnectere
1093 1739 1163 1759 eam
1179 1729 1281 1760 videri
1303 1739 1362 1769 po-

785 1781 855 1804 test.
876 1774 1057 1804 Dicendum
1082 1776 1208 1816 itaque,
1230 1775 1364 1805 fibulam

784 1820 837 1850 hic
857 1831 922 1851 esse
944 1823 978 1851 in
1001 1821 1105 1852 balteo
1129 1833 1185 1852 seu
1210 1821 1338 1863 cingulo
1354 1845 1362 1859 ,

784 1878 850 1908 quo
868 1869 975 1898 tunica
1000 1869 1198 1910 succingitur
1220 1879 1228 1899 :
1253 1875 1289 1898 ut
1303 1868 1360 1898 inf.

784 1916 824 1951 V,
845 1916 932 1953 312,
967 1916 1051 1953 3133
1084 1916 1170 1946 conf.
1197 1917 1259 1951 xl,
1281 1915 1359 1953 776.

783 1962 885 2001 Supra
910 1963 945 1999 Ι,
972 1963 1037 1992 320
1067 1962 1185 1991 nodum
1210 1960 1358 1991 dixerat:

783 2007 931 2048 nodoque
957 2007 1040 2038 sinus
1067 2008 1203 2038 collecta
1216 2008 1362 2051 ⁴fluentes

781 2053 813 2083 h.
831 2064 857 2084 e.
878 2054 1004 2091 balteo;
1028 2054 1086 2084 ubi
1110 2054 1150 2085 cf.
1170 2061 1238 2084 not.
1255 2055 1335 2086 Nam
1350 2077 1358 2091 ,

782 2106 819 2129 ut
836 2100 936 2130 fibula
957 2101 1141 2131 inferiorem
1157 2102 1252 2131 vestis
1270 2110 1358 2131 oram

781 2145 976 2188 substringat
995 2147 1106 2185 altius,
1126 2155 1163 2177 ut
1183 2158 1216 2178 ea
1239 2147 1358 2178 elevata

781 2193 839 2230 sit,
854 2195 956 2223 nostri
975 2194 1071 2224 moris
1085 2205 1150 2225 esse
1164 2201 1287 2236 potest,
1301 2194 1357 2225 vix

777 2240 911 2280 antiqui.
