1402 2460
607 57 727 87 LIBER
752 58 810 87 111.

1248 55 1306 82 261

111 121 278 170 Adparet
298 114 501 155 Camarina·
515 115 667 165 procul,
687 114 886 164 campique
907 115 1034 162 Geloi,

112 179 364 228 Immanisque
384 175 477 215 Gela
496 175 603 212 fluvii
621 176 843 226 cognomine
862 176 972 214 dicta.

113 238 265 276 Arduus
283 237 370 275 inde
390 239 554 286 Acragas
575 244 738 274 ostentat
759 237 922 273 maxima
941 236 1050 286 longe

114 390 260 419 Ceterum
280 391 403 426 poetam
417 385 484 414 haec
500 395 541 414 ex
554 395 610 414 sua
630 395 686 426 Ρο-

114 436 177 464 tius
195 443 288 474 quam
303 434 409 462 AEneae
424 432 580 461 narrantis
590 455 599 467 ,
616 443 686 472 per-

115 491 192 510 sona
208 479 324 509 dixisse
337 501 344 515 ‚
359 479 422 517 jam
437 480 564 509 Servius
583 479 664 509 vidit
679 490 687 516 ;

115 526 202 568 quod
216 533 320 556 tamen
329 524 368 555 de
383 532 450 555 toto
464 525 608 557 hocloco
621 536 688 556 non

116 575 222 603 minus
251 572 436 602 tenendum.
462 575 543 604 Nam
579 583 689 603 omues

115 620 178 649 illae
209 618 304 649 urbes
326 626 357 648 et
383 619 528 649 locorum
560 621 690 649 nomina

118 669 223 697 AEneae
272 665 469 705 temporibus
513 667 691 696 recentiora

118 720 202 742 sunt.
228 729 274 736 -—-
302 722 378 750 701.
413 711 587 743 Camerina
620 722 692 741 sane

118 760 254 788 maxima
278 759 471 798 scriptorum
486 767 567 798 parS.
585 757 646 789 Sed
659 759 694 786 in

120 806 234 835 talibus
252 805 364 845 scripti
388 815 455 834 non
467 810 541 833 sunt
560 804 691 833 audien-

120 852 152 881 di
163 875 171 889 ‚
182 851 238 882 sed
245 852 350 882 Graeci
361 860 369 887 ;
381 850 498 891 quibus
511 848 691 892 Καμαρίναι.

169 909 246 936 701,
275 907 352 936 702.
384 898 433 927 De
460 898 522 926 situ
547 897 636 926 urbis
663 903 694 926 et

120 945 212 975 ssuvii
247 944 336 974 Geloe
366 952 612 984 camporumque
646 954 694 972 res

120 1002 234 1032 parum
248 990 420 1031 explorata.
447 1002 477 1020 v.
491 997 608 1030 praeter
623 989 695 1020 Clu-

121 1048 186 1068 ver.
218 1045 249 1067 et
279 1047 359 1077 quos
390 1040 541 1068 Burman.
569 1035 694 1072 laudat,

121 1084 257 1114 Dorvill.
277 1084 381 1114 Sicula
406 1094 433 1113 c.
455 1084 488 1113 6.
515 1083 698 1124 Acquiescit

122 1130 299 1161 Dor-villius
315 1131 350 1159 in
371 1130 513 1160 Cluverii
530 1130 697 1164 sententia,

123 1187 188 1207 esse
208 1176 336 1214 Gelam,
356 1177 411 1216 qui
430 1185 516 1205 nunc
535 1175 644 1205 Fiume
663 1175 699 1204 di

126 1226 223 1255 Terra
233 1226 358 1255 Nuova.
371 1223 507 1264 Campos
520 1229 625 1253 autem
635 1222 697 1252 Ge-

121 1271 210 1310 loos,
241 1272 373 1312 egregiae
399 1269 567 1299 fertilitatis
595 1269 697 1310 plani-

124 1320 199 1349 tiem
210 1341 218 1355 ‚
237 1318 332 1348 latius
349 1318 393 1346 cis
412 1323 443 1346 et
458 1316 542 1346 nitra
560 1315 698 1346 fluvium

123 1366 282 1407 patuisse,
299 1374 395 1405 quam
420 1362 519 1403 vulgo
545 1361 696 1393 creditur.

124 1411 202 1448 Sed,
219 1421 372 1451 quorsum
394 1409 547 1440 immanis
561 1416 698 1450 spectet,

126 1458 267 1488 dubitari
290 1464 405 1498 potest.
433 1458 515 1487 Loca
540 1455 617 1486 hinc
645 1467 700 1486 ex-

125 1515 230 1545 pressa
245 1504 357 1535 Claud.
378 1506 417 1534 R.
437 1505 472 1534 P.
489 1504 539 1540 11,
562 1503 624 1540 583
644 1503 697 1534 Sil.

125 1553 216 1588 xlv,
247 1551 325 1588 218,
350 1550 432 1580 nihil
454 1550 576 1589 juvant.
604 1551 700 1591 Mag·

127 1608 204 1627 nam
230 1599 501 1638 interpretantur3
532 1596 587 1626 sed
610 1596 701 1626 urbis

127 1644 370 1683 amplitudinem
379 1654 474 1674 nemo
483 1649 628 1674 veterum
639 1653 700 1674 me-

127 1697 239 1720 morat.
257 1690 399 1721 Proclive
417 1697 482 1727 est,
501 1689 540 1718 ad
553 1689 700 1720 dominos

126 1737 243 1766 referre
255 1759 263 1773 ‚
283 1743 320 1766 ut
335 1746 416 1776 saepe
435 1737 469 1765 in
484 1735 615 1765 urbium
636 1737 701 1776 epi-

126 1783 221 1813 thetis
245 1781 300 1819 fit,
329 1788 364 1811 ut
383 1781 422 1811 ab
449 1782 627 1812 incolarum
649 1782 702 1812 vel

127 1830 332 1859 dominorum
351 1828 495 1858 moribus
519 1834 550 1857 et
566 1829 702 1868 ingeniis

128 1876 220 1906 ducta
247 1878 320 1906 sint.
346 1877 453 1915 Atque
478 1884 516 1904 eo
539 1874 702 1904 devenisse

128 1924 221 1953 etiam
234 1922 428 1952 Dorvillium
441 1920 536 1951 video
555 1922 590 1950 in
604 1920 700 1951 Sicul.

128 1981 159 2010 p.
197 1980 271 2010 129.
298 1968 386 1998 Gelae
413 1975 519 1997 tamen
548 1974 702 2008 tyrannos

83 2018 88 2022 '
128 2026 226 2046 saevos
250 2024 281 2046 et
299 2016 451 2045 immanes
475 2013 586 2050 fuisse,
615 2014 702 2043 uude

129 2062 239 2093 doceri
269 2063 387 2103 possit,
420 2059 498 2090 mihi
533 2071 600 2090 non
631 2062 704 2090 satis

130 2115 261 2140 constat.
281 2110 360 2140 Nam
373 2131 381 2145 ‚
402 2117 475 2148 quae
493 2107 580 2147 apud
602 2108 704 2137 Hero-

131 2155 197 2184 dot.
212 2157 292 2192 VII,
324 2154 504 2185 153—-156
523 2153 562 2183 de
580 2154 618 2183 iis
643 2164 704 2183 me-

132 2208 308 2237 morantur,
333 2201 371 2232 ad
395 2201 622 2232 immanitatem
638 2211 704 2231 non

741 386 925 426 adsurgunt.
960 387 1060 426 Igitur
1099 383 1137 414 de
1173 385 1316 424 {vannis

741 433 819 463 Gela
837 432 998 469 oriundis,
1015 433 1155 462 Hierone
1173 438 1204 460 et
1219 431 1316 461 Thra-

742 479 858 521 sybulo
871 501 878 515 ‚
895 479 1026 509 Gelonis
1042 479 1209 516 fratribus,
1225 480 1318 517 Syra-

743 536 888 556 cusarum
907 527 1064 567 tyrannis,
1085 527 1145 555 erit
1163 525 1318 564 accipien-

744 573 831 603 dmn.
848 573 1042 613 Proponitur
1054 573 1148 603 etiam
1164 582 1179 601 a
1193 573 1274 601 Dori
1285 570 1316 599 il.

745 620 838 649 altera
858 620 1096 660 interpretatio,
1116 625 1153 648 ut
1173 617 1212 647 ad
1232 617 1319 646 urbis

745 668 840 696 situm
865 665 902 695 ad
927 676 1049 700 amnem
1068 666 1263 695 verticosum
1291 670 1321 692 et

746 714 915 743 immanem
952 712 1116 742 referatur.
1153 713 1200 740 Ita
1240 710 1322 739 Gela

749 759 898 788 immanis
925 760 983 787 em‘t
1011 761 1043 788 in
1072 759 1142 788 loco
1170 757 1322 792 immani,

746 805 928 841 horrendo,
949 806 1031 834 sita:
1056 815 1114 833 nec
1141 804 1221 832 male
1248 802 1320 832 hoc.

746 850 807 881 Sed
829 861 932 892 neque
954 850 1017 880 loci
1042 857 1128 880 tanta
1146 851 1324 879 immanitas

748 905 778 927 et
796 897 860 927 fera
881 898 973 927 facies
988 907 1053 927 esse
1069 896 1212 934 videtur,
1231 903 1267 925 ut
1283 895 1323 924 ab

748 955 782 974 ea
797 945 997 984 potissimum
1012 943 1169 984 designari
1183 943 1326 983 potuerit

750 1001 765 1019 a
784 998 887 1031 poeta.
909 1008 956 1013 —-
971 1000 1048 1027 702.
1071 991 1166 1020 Forte
1191 989 1250 1019 fuit
1269 991 1324 1018 In-

751 1037 861 1067 nantis
878 1036 946 1067 scil.
968 1038 1086 1077 campis
1105 1035 1137 1065 fl.
1158 1043 1195 1065 ut
1214 1038 1324 1066 Horat.

751 1085 816 1120 ΙΙΙ,
847 1093 884 1121 17
897 1106 905 1119 ‚
936 1094 951 1122 7
986 1085 1164 1113 Innantem
1191 1082 1327 1112 Blaricoe

751 1129 893 1159 litoribus
907 1129 1044 1160 tenuisse
1061 1129 1160 1159 Lirin.
1177 1129 1260 1159 Gela
1273 1139 1329 1158 no-

749 1175 773 1205 li
796 1184 916 1206 mutare
929 1187 937 1214 3
951 1176 1028 1206 urbs
1044 1176 1173 1216 proprie
1186 1175 1206 1208 ἦ
1224 1174 1307 1205 Γέλα
1318 1198 1327 1213 ,

753 1230 782 1252 et
797 1222 875 1252 fluv.
893 1221 907 1251 ὁ
928 1222 1031 1258 Γέλος.
1049 1224 1099 1252 De
1116 1222 1243 1252 nomine
1259 1224 1330 1252 Par—

752 1269 834 1299 rhas.
852 1276 883 1298 et
901 1270 1018 1300 Hamb.
1036 1280 1085 1309 pr.

802 1317 879 1354 703.
897 1317 1066 1348 Fluctuant
1081 1322 1112 1345 et
1128 1315 1180 1345 hic
1195 1316 1270 1346 h'bri
1285 1317 1330 1346 in-

754 1373 802 1395 ter
821 1365 975 1406 Agragas
991 1370 1022 1393 et
1039 1364 1198 1404 Acragas.
1218 1364 1328 1392 Osten-

755 1411 804 1442 dit
820 1412 897 1442 alter
915 1411 1044 1451 Menag.
1070 1406 1121 1432 —'
1143 1410 1208 1447 703
1221 1432 1230 1446 ‚
1250 1416 1327 1447 704.

754 1457 968 1501 Agrigentum
982 1458 1018 1487 in
1031 1463 1140 1487 monte
1153 1458 1331 1496 Acragante

753 1506 849 1535 situm
858 1528 866 1543 ,
883 1505 1029 1535 maximis
1041 1502 1202 1544 quondam
1216 1503 1331 1543 opibus

754 1562 794 1581 ex
828 1553 896 1592 agri
926 1550 1087 1581 fertilitate
1115 1557 1147 1579 et
1169 1549 1331 1590 Carthagi-

754 1599 915 1628 niensium
926 1603 1067 1626 mercatu
1076 1596 1228 1625 refertum
1237 1607 1246 1627 ς
1255 1595 1333 1625 hinc

755 1645 873 1674 civium
901 1640 1134 1683 magnificentia
1165 1649 1197 1671 et
1222 1641 1329 1671 luxus.

754 1689 873 1720 Aluere
888 1689 985 1720 iidem
995 1698 1093 1728 equos
1106 1688 1146 1717 ad
1160 1689 1331 1717 certamina

756 1736 905 1773 Graeciae,
934 1742 965 1765 et
988 1736 1072 1764 inter
1089 1734 1332 1774 Olympionicas

755 1782 815 1811 fuit
834 1782 964 1812 Theron
981 1781 1209 1821 Agrigentinus
1227 1791 1245 1809 a
1261 1782 1331 1810 Pin-

756 1828 832 1858 daro
847 1827 1031 1858 celebratus.
1052 1837 1083 1857 V.
1101 1829 1188 1858 Serv.
1209 1833 1240 1856 et
1255 1827 1331 1856 Bur-

755 1885 861 1905 mann.
891 1883 1082 1915 quamquam
1109 1874 1149 1903 ad
1173 1873 1260 1903 hunc
1279 1884 1330 1903 so-

755 1921 823 1950 lum
835 1921 949 1962 respici
961 1930 978 1949 a
991 1927 1085 1960 poeta
1099 1931 1166 1951 non
1182 1920 1328 1950 dixerim.

757 1967 886 1997 Gratius
918 1967 1038 2007 Cyneg.
1073 1967 1138 1997 526
1164 1977 1228 2007 per
1259 1966 1332 1996 illos

757 2013 898 2054 (equos)
921 2014 1076 2044 Camacas
1095 2014 1203 2044 Graiis
1226 2015 1330 2042 Acra-

755 2072 827 2101 gas.
847 2060 932 2090 Vide
951 2059 991 2090 de
1009 2059 1067 2090 hac
1094 2061 1175 2090 urbe
1200 2060 1329 2091 elaver.

758 2115 788 2137 et
806 2106 942 2138 Dorvill.
956 2117 1028 2148 pag.
1056 2106 1115 2143 88,
1143 2108 1196 2146 89.
1221 2109 1331 2147 Quon-

759 2154 834 2183 dam
845 2153 953 2195 paullo
965 2154 1122 2184 incautius
1135 2155 1248 2193 adjecit
1261 2164 1337 2193 poe-

759 2208 809 2239 ta,
834 2208 943 2232 contra
970 2208 1151 2243 temporum
1176 2201 1333 2231 ordinem.
