1433 2460
148 81 212 111 3013

651 74 846 104 ffixlitnos

149 136 349 173 Dcducnnt
372 142 451 170 toto
471 131 588 169 navis.
606 133 719 169 Natat
741 140 851 168 uncta
873 131 1019 176 cai-inm

150 192 451 240 Frondvntisquc
469 191 594 228 serunt
611 204 734 228 remos
751 201 787 228 ct
803 190 942 227 robora
960 190 1062 227 silvis

153 253 401 296 Inl'aln·icat.a‚
420 251 517 300 sugae
537 251 675 288 studio.

1303 260 1351 284 iioo

153 312 352 362 Migrantis
373 323 522 356 cernas,
541 319 694 360 totaque
713 323 760 346 cx
780 310 875 346 urbe
896 310 1050 347 ruentis.

152 378 205 410 Ac
226 371 341 408 veluti
353 399 362 417 ,
379 371 568 419 ingentem
586 370 754 406 formicae
772 369 883 406 farris
907 381 1084 405 acervum

153 436 282 478 Quum
304 430 502 481 populant,
521 429 654 466 hiemis
676 441 882 475 memores,
902 437 1076 477 tectoque
1097 438 1287 478 reponunt
1305 444 1312 464 :

154 496 188 529 It
207 493 357 541 nigrum
377 490 518 540 campis
539 503 690 540 agmen,
708 488 952 539 praedamque
971 502 1037 537 per
1054 489 1190 526 herbas

155 556 387 590 Convcctant.
407 551 499 586 callo
520 559 701 599 angust03
722 563 808 598 pars
829 549 986 598 grandia
1007 548 1164 585 trudunt

1306 556 1356 586 405

156 613 318 651 Obnixae
340 612 526 647 frumenta
546 610 713 646 humeris
735 623 742 645 ε
764 621 851 658 pars
873 609 1021 657 agmina
1042 618 1198 658 cogunt,

156 673 423 721 Castigautque
442 680 585 717 mora53
605 681 722 719 opere
741 668 862 705 omnis
881 668 1014 705 semita
1036 668 1165 704 servet.

158 811 210 840 illa
243 819 416 839 memorare
428 831 436 843 ‚
466 807 554 837 Iliad.
590 805 628 845 β,
667 814 728 847 149

158 868 226 897 sqq.
246 856 302 885 ubi
320 854 437 885 Achivi
460 853 498 882 dc
522 853 660 883 discessu
680 865 731 882 co-

157 905 269 943 gitant.
292 903 373 931 Mox
395 907 490 929 uncta
502 923 509 934 ,
527 901 598 939 pice
614 899 733 929 delibu-

159 957 207 985 ta,
227 950 314 978 Serv.
342 948 458 986 Fugae,
480 946 588 975 celeris
611 945 733 985 profec-

158 993 272 1028 tionis,
302 999 338 1021 ut
365 998 467 1031 poetae
494 991 614 1028 solent,
640 992 734 1020 etiam

160 1040 266 1070 Graeci
283 1039 318 1067 in
334 1035 418 1080 φυγὴ
430 1059 438 1072 ,
456 1036 592 1079 φεύγειν.
602 1053 648 1059 -
658 1037 733 1075 399.

162 1088 281 1116 Ramos
296 1083 390 1112 multi
412 1084 521 1112 Heius.
548 1089 578 1111 et
606 1083 732 1117 Burm.,

159 1131 243 1161 facili
261 1130 360 1169 lapsu.
375 1128 435 1159 Sed
448 1127 677 1168 etfrondentes
689 1138 735 1157 re-

161 1177 208 1207 mi
220 1175 409 1216 exquisitius
427 1173 504 1214 quid
514 1197 522 1211 ‚
540 1172 671 1214 quains
682 1184 733 1202 ra-

162 1234 253 1258 'nu-5¹
268 1222 323 1250 elsi
347 1221 420 1249 allas
442 1231 568 1255 ramus,
586 1227 731 1253 tl‘,uncus

160 1269 265 1303 trabs,
290 1266 448 1306 eleganter
475 1276 535 1322 pro
556 1274 643 1294 remo
672 1264 736 1293 dici

157 1315 269 1356 possit.

211 1364 405 1395 402—407.
432 1356 566 1395 Accepit
584 1356 622 1385 ab
637 1356 738 1396 Apol-

162 1407 274 1442 lonio,
291 1406 355 1441 IV,
375 1404 459 1439 1452
484 1402 522 1431 de
550 1403 671 1443 Minyis
699 1402 737 1431 ad

163 1462 277 1493 aquam
301 1456 458 1490 repertam
477 1448 736 1483 convolantibus,

163 1498 217 1529 sed
242 1497 365 1537 egregie
408 1495 543 1525 ornavit.
578 1495 739 1535 Dignitata

164 1544 433 1584 comparationem
462 1550 584 1576 carere,
607 1550 737 1569 censue-

164 1597 242 1621 runt
254 1589 358 1618 multi.
373 1588 413 1618 cf.
428 1589 537 1616 Burm.
554 1586 635 1615 forte
652 1586 737 1626 quod

162 1636 323 1668 cardinem
341 1633 585 1673 comparationis
605 1642 671 1661 non
690 1633 736 1661 vi-

163 1682 281 1713 debant
306 1681 341 1709 in
369 1678 577 1709 festinationis
606 1678 736 1708 notione

164 1729 266 1764 verti,
295 1736 362 1755 non
387 1732 491 1754 autem
517 1725 552 1753 in
575 1724 645 1763 ipso
672 1725 737 1753 ani-

164 1775 279 1805 mantis
309 1781 433 1813 genere.
461 1771 545 1800 Bene
578 1771 666 1800 Serv.
694 1771 740 1800 ad

163 1819 303 1851 studium
330 1816 459 1857 respicit
477 1815 676 1855 comparatio
706 1816 736 1846 lz.

166 1868 188 1898 l.
202 1889 210 1904 ‚
228 1876 294 1895 non
304 1864 350 1893 ad
352 1872 518 1903 personas.
531 1863 561 1891 A
574 1863 678 1901 parvis
694 1873 739 1891 re-

164 1914 225 1942 bus
241 1918 273 1942 et
293 1909 481 1940 animalibus
504 1907 648 1948 exempla
669 1918 737 1947 pas-

165 1961 225 1988 sim
240 1962 408 1998 petuntur,
425 1965 493 1984 non
508 1952 605 1983 modo
620 1954 737 1983 Home-

166 2015 219 2038 ro,
236 2015 267 2033 V.
283 2014 310 2032 c,
334 2012 350 2031 a
368 2001 482 2031 muscis
497 1999 535 2030 11.
551 2010 595 2037 π,
613 1999 676 2035 641
690 2010 735 2040 sq.

165 2049 204 2089 β,
226 2048 310 2086 469,
330 2047 385 2077 sed
412 2047 505 2077 etiam
533 2045 737 2086 castigatiori-

163 2097 236 2132 bus,
252 2099 289 2122 ut
298 2103 346 2132 ap.
361 2093 513 2133 Apollon.
524 2092 546 2122 l.
562 2102 590 2122 c.
607 2102 622 2121 a
633 2092 737 2122 fonni-

164 2143 208 2173 cis
226 2146 258 2170 et
271 2140 397 2176 muscis,
416 2140 472 2175 IV,
488 2138 573 2178 1298
589 2148 604 2167 a
618 2137 733 2179 pullis,

164 2195 195 2219 et
217 2187 261 2217 sic
274 2195 381 2226 porrO.
395 2186 510 2218 Noster
523 2191 627 2216 autem
642 2184 734 2214 etiam

784 808 926 837 oratione
953 813 984 836 et
1018 806 1135 835 dilectu
1166 804 1335 835 verborum
1349 828 1356 841 ‚

785 864 857 893 quae
873 853 912 881 ab
925 852 1092 881 hominum
1110 852 1172 881 vita
1189 851 1356 887 transtulit,

786 900 830 928 rei
849 898 1062 939 dignationem
1078 897 1336 937 fecit:populant
1347 921 1353 930 ,

788 952 884 980 tecto,
920 955 978 984 pro
1005 953 1137 973 caverna
1150 965 1158 980 ‚
1185 943 1210 972 ic
1237 943 1359 983 campis

787 1000 919 1030 agmen,
960 990 1108 1029 proedam
1155 996 1340 1018 convectant
1351 1012 1358 1024 ‚

788 1035 925 1064 humeris
947 1035 1076 1064 obnixa.-
1098 1041 1158 1065 etc.
1183 1036 1233 1064 Ac
1246 1035 1358 1075 supple

788 1088 914 1110 ruentes
926 1091 968 1109 ea:
984 1081 1058 1109 urbe
1070 1082 1114 1109 sic
1123 1103 1132 1115 ‚
1148 1081 1254 1109 ‘veluti
1261 1088 1360 1110 ruunt

790 1126 931 1156 formicae
947 1133 1004 1156 etc.
1025 1126 1092 1156 Nisi
1111 1127 1208 1167 magis
1223 1136 1263 1155 ex
1286 1137 1359 1166 poe-

789 1179 827 1202 tae
842 1179 945 1202 mente
958 1172 1120 1212 probanda
1133 1178 1179 1201 est
1196 1172 1253 1202 alia
1267 1173 1361 1201 inter-

788 1219 921 1258 punctio
931 1227 938 1247 :
948 1229 1039 1247 (ιε’-
1048 1228 1142 1258 opere
1155 1218 1259 1247 omnis
1272 1218 1361 1247 semi-

791 1271 825 1293 ta
836 1263 957 1304 firvct,
972 1265 1165 1304 interpositis
1178 1274 1360 1304 comparan—

792 1309 877 1338 tibus
914 1320 922 1340 :
970 1309 1075 1339 veluti
1104 1311 1212 1339 semita
1242 1310 1359 1347 fervet,

791 1366 888 1395 qaum
903 1354 1064 1396 ingentem
1072 1354 1359 1397 sbrmicoe——repo-

792 1409 892 1437 nunt;
906 1412 992 1431 nnnc
1007 1402 1126 1441 reliqua
1149 1409 1263 1432 ornant
1277 1413 1361 1433 com-

791 1448 995 1487 parationem.
1042 1447 1161 1477 Hiemis
1195 1459 1358 1480 memores.

791 1495 894 1523 Notus
908 1494 1029 1523 Horatii
1042 1494 1131 1523 locus
1147 1495 1159 1523 Ι
1173 1496 1234 1524 Sat.
1255 1506 1267 1524 x
1280 1518 1287 1532 ,
1306 1496 1358 1527 35.

792 1540 824 1568 It
840 1539 964 1580 nigrum
979 1539 1100 1579 campis
1117 1550 1252 1580 agmen,
1271 1555 1286 1566 ιι
1297 1543 1359 1572 He-

790 1585 983 1615 mistichium
1005 1586 1100 1615 Ennii
1123 1586 1162 1615 de
1188 1586 1361 1627 elephantis

789 1631 910 1661 dictum
921 1654 929 1668 ‚
944 1642 1009 1671 quo
1023 1639 1094 1662 ante
1105 1633 1221 1662 Accius
1231 1639 1277 1663 est
1285 1644 1361 1663 usus

790 1676 829 1707 de
848 1677 964 1708 Indis.›
965 1680 1077 1708 Serw.
1097 1677 1187 1708 Calle
1204 1687 1357 1720 angusto,

789 1725 918 1776 proprie
942 1734 983 1753 ex
1007 1724 1210 1754 formicarum
1228 1733 1359 1763 natura,

792 1767 828 1798 ἀε
833 1767 935 1811 μίσυ
965 1768 1105 1812 ἀτραπὸν
1133 1769 1231 1801 πάντ-ε
1234 1781 1246 1805 ς
1268 1768 1359 1810 βαδί-

791 1814 883 1850 ζουσι.
900 1816 998 1846 Arist.
1013 1817 1054 1847 H.
1068 1818 1109 1847 A.
1126 1819 1192 1854 IX,
1212 1817 1265 1847 38.
1284 1819 1359 1848 Tru-

791 1861 870 1891 dunt
883 1873 894 1891 .·
908 1872 980 1901 quae
994 1869 1119 1903 portare
1135 1873 1202 1893 non
1214 1871 1357 1903 possunt,

791 1909 878 1938 Serv.
890 1910 1000 1937 Moras
1009 1910 1163 1949 exquisite
1172 1918 1231 1949 pro
1241 1908 1353 1946 tardas,

791 1961 949 1984 morantes
960 1976 968 1991 ‚
989 1961 1019 1984 et
1050 1955 1153 1984 statim
1179 1964 1272 1994 opere
1298 1966 1357 1995 pro

790 1998 827 2028 iis
843 2010 915 2039 quae
940 2010 1021 2040 opus
1047 2000 1186 2037 faciunt,
1206 2000 1356 2032 formicis.

789 2047 909 2075 Locum
936 2046 1028 2075 etiam
1054 2046 1174 2076 Plinius
1194 2047 1229 2075 in
1253 2048 1358 2077 animo

787 2090 900 2120 habuit
922 2090 978 2121 lib.
1008 2092 1075 2128 XI,
1107 2093 1160 2129 31,
1194 2102 1218 2122 S.
1247 2093 1358 2123 36.—

789 2142 866 2174 407.
882 2138 990 2166 Moras
1000 2147 1123 2176 operae:
1138 2137 1355 2170 omnisHeins.

785 2182 892 2214 laudat
906 2193 945 2213 ex
959 2183 1076 2216 Medic.
1090 2191 1120 2215 et
1133 2186 1152 2216 J
1156 2191 1224 2216 unt.
1235 2184 1286 2218 ed.
1297 2185 1357 2218 Sed
