1433 2460
115 133 179 170 37⁰
571 125 789 155 limttssstffl's
816 125 863 153 III

111 190 239 227 'frojam
255 193 377 227 captam
398 185 537 214 ablatum
554 184 667 221 fuisse,
685 195 715 214 v.
734 186 803 214 AEn.
822 185 873 219 11,
894 183 955 219 164
976 192 1043 224 sqq.
1055 205 1064 220 ‚
1084 182 1198 213 Heleni
1213 186 1316 214 consi-

110 246 173 281 lio,
204 254 234 273 v.
255 243 378 273 Conon.
403 241 442 275 34
458 262 466 276 ,
484 238 522 269 ab
546 241 710 269 Antenore
742 238 904 279 proditum
927 236 1059 269 Achivis
1081 238 1188 280 (conf.
1205 239 1318 270 Tzetza

114 298 276 328 Posthom.
297 294 385 335 505)
405 300 440 324 ut
459 293 510 323 alii
531 293 668 330 addunt;
681 292 735 323 sed
753 304 801 323 res
820 294 914 323 variis
932 292 1033 324 modis
1047 303 1064 323 a
1077 294 1181 334 poetis
1196 300 1316 323 ornata.

110 354 156 381 Ita
174 358 288 392 sponte
313 356 343 380 et
360 349 519 379 volentem
536 354 703 388 sequutam
725 358 790 377 esse
807 347 963 378 Palladem
980 349 1032 379 alii
1051 354 1318 378 memoraverunt.

113 405 176 435 vid.
193 404 288 435 Ovid.
317 405 398 434 Fast.
424 405 470 433 vl
483 426 491 441 ,
509 403 586 438 431.
613 403 650 432 ln
670 412 766 442 quem
788 412 916 431 sensum
931 401 1147 442 Tryphiodori
1170 413 1201 432 v.
1224 402 1266 437 54
1281 412 1320 431 ex

110 460 248 489 lectione
264 458 344 489 Cod.
370 457 489 488 Medic.
505 456 617 497 (secus
632 466 728 497 quam
746 458 886 496 Leunep.
912 454 960 486 ed.
980 455 1107 486 Colmh.
1131 467 1161 487 v,
1183 456 1246 496 196
1265 465 1321 485 vo-

107 513 205 554 lebat)
216 512 523 544 estconstituendus.
536 502 614 542 sime
626 507 660 540 δὲ
672 508 726 542 καὶ
739 510 899 541 Δαναοῖσιν
912 510 958 541 ἐὸν
970 508 1081 553 βρέτας
1093 508 1186 553 ἁγνὸν
1197 508 1321 554 ἄγουσα

111 568 228 605 Amic-A:
243 568 297 612 μὲν
319 568 410 599 ἐοῦσα.
422 591 430 605 ,
445 565 541 609 φίλοις
556 563 585 596 δ’
598 564 776 608 ἐπίκουρος,
792 556 908 602 ᾸΟτῘν-η,
922 564 954 595 h.
973 563 1101 606 &fureo
1117 565 1246 606 quidem
1260 565 1319 595 ad-

111 626 228 660 ducta,
250 622 380 653 Achivis
402 630 511 652 tamen
531 621 687 662 propitia.
715 619 968 661 Distinguendus
993 627 1099 650 autem
1120 619 1173 650 hie
1200 619 1323 660 Ulyssis

111 681 147 709 in
167 678 280 708 urbem
304 678 466 717 ingressus
485 676 524 705 ab
553 675 651 705 altero
676 675 751 713 illo,
769 685 850 716 quo,
870 674 932 704 sub
953 680 1093 705 extrema
1109 675 1323 715 oppugnatio-

110 735 160 764 nis
177 741 319 774 tempora
331 755 339 770 ‚
355 731 495 762 mendici
515 730 628 761 habitu
650 741 699 761 res
716 738 747 761 et
763 730 894 761 consilia
909 731 1123 770 Trojanorum
1141 729 1324 770 speculatus

110 796 166 819 est.
184 799 215 818 v.
231 786 346 827 Odyss.
365 782 386 816 δ
397 809 405 823 ,
423 791 489 821 244
511 796 578 826 sqq.
594 786 704 826 Eurip.
722 784 856 816 Hecuba
872 786 938 825 239
954 795 1022 826 sqq.
1044 784 1115 815 add.
1130 783 1225 816 Rhes.
1246 783 1324 821 501,

112 852 176 879 710
196 852 243 882 sq.
269 840 341 871 add.
360 842 467 870 Tzetz.
492 839 653 870 Posthom.
677 850 708 880 p.
734 840 807 878 157.
832 840 974 880 Quintus
991 839 1058 870 Cal.
1078 845 1252 879 utrumque
1274 838 1324 868 iu-

110 906 253 936 gressum
276 902 401 926 tantum
420 894 555 925 strictim
576 900 729 924 memorat
747 901 778 924 et
799 901 943 935 tempora
962 893 1152 932 confundit,
1166 895 1218 931 X,
1238 893 1323 930 346,

108 949 198 991 quod
213 950 332 986 miror-3
346 959 420 978 nam
434 947 574 978 Leschen
589 948 622 977 iu
638 958 676 977 eo
686 947 879 988 exponendo
893 958 1021 988 operam
1037 958 1165 978 navasse
1174 946 1324 977 discimus

110 1014 150 1033 ex
165 1002 271 1034 Procli
286 1009 474 1044 argumento
491 1001 598 1031 Iliadis
615 1012 720 1042 parvae
732 1012 739 1032 :
753 995 908 1037 ὀδυσσεὺς
926 998 961 1032 δὲ
976 1000 1174 1044 αἰκισάμενος
1194 999 1303 1031 ἑαυτὸν
1315 1023 1323 1038 ,

110 1055 312 1092 κατάσκοπος
325 1054 364 1092 εἰς
378 1048 454 1086 Ϊλιον
468 1053 698 1099 παραγίνεται,
721 1052 775 1086 καὶ
791 1052 1029 1099 ἀναγνωρισθεὶς
1043 1054 1094 1097 ὑφ’
1107 1047 1218 1090 Ἑλένης
1229 1077 1237 1092 ,
1251 1050 1324 1095 περὶ

110 1114 164 1146 τῆς
185 1110 329 1146 ἁλώσεως
348 1113 402 1146 τῆς
421 1108 542 1145 πόλεως
568 1107 740 1140 συντίθεται
763 1108 885 1145 κτείνας
903 1106 940 1140 δέ
966 1120 1050 1145 τινας
1065 1112 1126 1140 τῶν
1142 1107 1256 1152 Τρώων
1274 1105 1325 1139 ἐπὶ

110 1163 167 1201 τὰς
180 1167 252 1201 ναῦς
264 1163 451 1207 &epm-azima.
470 1162 525 1194 καὶ
535 1187 544 1202 ,
558 1161 639 1206 μετὰ
650 1166 753 1195 ταῦτα
767 1162 818 1194 σὺν
834 1161 981 1207 Διομήδε’.
991 1162 1025 1194 τὸ
1039 1160 1220 1195 Παλλάδιον
1238 1171 1326 1194 exm-

112 1217 192 1262 μίξει
205 1218 238 1250 ἐν.
254 1221 308 1254 τῆς
333 1212 424 1250 imon.
441 1218 572 1249 Helenae
582 1218 750 1248 Hecubam
765 1218 913 1257 adjunxit
929 1220 1040 1260 Eurip.
1058 1219 1093 1248 in
1111 1217 1246 1248 Hecuba
1257 1217 1279 1248 l.
1297 1226 1326 1246 c.

112 1273 221 1314 Ulyssi
232 1275 382 1304 comitem
395 1272 484 1304 dedit
496 1272 685 1304 Diomedem
694 1275 810 1304 Tzetza
822 1274 857 1302 in
870 1272 1032 1304 Posthom.
1042 1272 1109 1309 604
1121 1294 1130 1310 ,
1146 1271 1221 1302 loco
1234 1270 1326 1301 valde

115 1328 245 1358 turbato
265 1337 273 1358 ;
297 1328 338 1358 cf.
360 1327 479 1358 Jacobs
501 1327 580 1358 ibid.
598 1339 631 1368 p.
655 1328 716 1366 157
731 1351 739 1365 ,
758 1328 833 1368 159.
852 1327 1018 1359 Creditum
1037 1334 1143 1357 tamen
1162 1328 1246 1356 inter
1261 1327 1326 1356 Ro-

114 1392 226 1412 manos
245 1380 425 1413 Palladium
442 1380 505 1411 hoc
528 1383 640 1412 Romae
657 1382 691 1410 in
713 1383 817 1410 Vestae
835 1381 954 1421 templo
969 1381 1106 1418 servari,
1126 1379 1218 1410 fatale
1233 1373 1328 1410 etiam

114 1436 177 1467 hoc
202 1437 278 1466 urbi
293 1436 459 1472 habitum;
477 1446 536 1465 nec
552 1435 611 1465 ulli
630 1436 718 1471 vim,
735 1445 776 1464 ne
794 1434 944 1475 pontiflci
957 1434 1088 1476 quidem
1102 1436 1242 1466 maximo
1253 1457 1262 1473 ,
1279 1437 1327 1465 vi-

115 1491 189 1521 dere
203 1490 284 1521 illud
295 1491 339 1520 fas
353 1490 423 1520 fuit.
438 1489 565 1530 Quibus
578 1488 617 1518 de
631 1488 728 1518 rebus
742 1489 836 1519 multi
852 1496 996 1531 egerunt.
1011 1501 1042 1521 v.
1056 1491 1193 1531 Dionys.
1207 1490 1279 1521 Hal.
1291 1492 1306 1520 I
1316 1513 1325 1526 ‚

116 1545 173 1576 68.
190 1546 270 1575 Satis
287 1550 333 1574 est
350 1553 536 1584 comparare
552 1542 646 1573 ovid.
661 1543 710 1571 VI
723 1544 805 1573 Fast.
825 1548 888 1578 421
901 1565 910 1581 ‚
933 1545 996 1579 431
1018 1554 1086 1584 sqq.
1101 1545 1186 1574 Hinc
1201 1546 1330 1574 Vestam

115 1599 278 1630 interdum
297 1609 370 1628 cum
388 1597 528 1628 Palladio
551 1596 678 1634 videas,
692 1603 730 1626 ut
753 1598 788 1626 in
803 1597 900 1628 Sarda
922 1597 1009 1638 apud
1027 1598 1182 1628 Masfeum
1203 1599 1328 1630 Gemm.

117 1661 184 1685 ant.
198 1656 232 1684 P.
246 1654 278 1682 II
291 1676 299 1691 ‚
320 1663 352 1682 n.
376 1652 430 1689 76.
449 1651 636 1682 Omitu'mus
657 1660 729 1691 quae
750 1650 790 1680 de
808 1657 901 1692 gente
915 1652 1052 1689 Naufia,
1068 1653 1103 1682 iu
1121 1653 1214 1692 cujus
1233 1653 1331 1683 tutela

117 1706 292 1739 Palladium
313 1705 512 1742 habebatur,
536 1704 668 1745 aliisque
692 1704 788 1735 rebus
807 1704 962 1746 disputari
981 1707 1117 1747 possint.
1135 1706 1254 1737 Adhuc
1269 1706 1331 1737 sub

119 1760 298 1792 Commodo
311 1761 348 1790 iu
360 1759 471 1800 templi
484 1761 590 1788 Vestae
603 1757 754 1789 incendio
763 1765 925 1789 servatum
935 1758 1032 1797 illud,
1046 1769 1097 1800 ap.
1112 1759 1286 1791 Herodian.
1297 1761 1329 1797 1,

120 1816 180 1853 45,
204 1822 235 1845 et
259 1814 299 1844 ab
324 1813 496 1854 Elagabalo
517 1812 590 1842 loeo
613 1819 754 1848 motum,
769 1812 826 1843 lib.
844 1815 885 1851 V,
906 1813 966 1851 15,
981 1820 1137 1844 narratur.
1166 1815 1216 1853 Eg
1234 1814 1330 1844 altera

119 1876 208 1910 parte
226 1879 293 1899 non
314 1870 422 1898 minus
437 1867 648 1898 Athenienses
667 1867 842 1898 Palladium
855 1868 1032 1907 Trojanum
1054 1868 1089 1898 in
1111 1877 1168 1897 sua
1181 1877 1252 1898 arce
1266 1877 1330 1897 ser-

121 1933 195 1953 vare
214 1922 316 1952 videri
335 1922 485 1952 volebant
497 1945 505 1959 ,
529 1933 559 1952 v,
583 1923 718 1953 Pausan.
749 1923 812 1960 283
829 1923 905 1952 item
929 1923 1062 1963 Argivi,
1081 1924 1173 1953 Paus.
1196 1923 1246 1959 ΙΙ,
1265 1921 1326 1957 233

123 1984 154 2006 et
168 1984 281 2007 notum
292 1984 354 2014 est,
365 1978 498 2007 omnino
515 1975 624 2017 plures
643 1976 738 2006 urbes
754 1976 927 2008 Palladium
942 1976 1003 2006 sibi
1018 1975 1193 2006 vindicasse
1208 1984 1216 2005 :
1233 1975 1272 2005 cf.
1287 1974 1329 2004 du

128 2031 235 2068 leeil,
253 2039 298 2062 to.
310 2033 472 2069 XXXIX,
490 2031 573 2062 Hisc.
589 2031 628 2062 de
647 2031 781 2063 l'Acad.
798 2032 854 2062 des
868 2033 968 2062 Jnscr.
984 2042 1017 2072 p.
1037 2031 1114 2061 238.
1129 2031 1160 2061 A
1174 2028 1329 2061 Diomede

124 2087 230 2117 AEueae
262 2086 423 2117 redditum
452 2086 626 2117 Palladium
650 2088 819 2117 commenti
839 2093 928 2116 erant
958 2086 1090 2116 seriores
1101 2108 1109 2124 ,
1141 2092 1178 2116 ut
1195 2085 1328 2116 Cedren.

122 2153 155 2182 p.
178 2142 239 2172 135
259 2142 294 2173 C.
316 2144 356 2172 D.
373 2149 404 2172 et
419 2142 551 2172 Malelas
566 2153 599 2182 p.
617 2152 694 2173 212.
716 2142 844 2173 Scilicet
865 2140 1058 2183 religionum
1071 2140 1187 2171 harum
1204 2147 1269 2170 tam
1283 2138 1331 2170 di-

125 2204 287 2225 versarum
303 2206 318 2225 a
336 2197 437 2236 poetis
452 2196 546 2226 variis
562 2196 665 2227 modis
681 2203 865 2226 ornatarum
882 2205 955 2225 cum
975 2193 1072 2224 fidem
1087 2194 1248 2225 adstruere
1266 2193 1331 2224 vel-

124 2250 191 2280 lent
214 2250 344 2280 urbium
368 2252 558 2291 scriptores,
576 2252 691 2292 passim
716 2259 748 2282 et
775 2251 988 2293 grammatici,
1021 2257 1115 2291 atque
1143 2249 1326 2286 ostendere,
