1433 2460
128 36 192 66 228

632 35 825 66 sext-:mos

125 96 205 132 Nec
223 102 261 130 tu
280 104 493 130 mensarum
512 103 660 130 morsus
676 93 855 131 horresce
877 94 1024 131 futuros
1043 107 1051 128 :

123 157 215 191 Fata
232 154 330 189 viam
351 151 562 199 invenient,
579 152 778 203 aderitque
795 163 951 191 vocatus
972 152 1123 203 Apollo.
1283 161 1331 194 ³9⁵

125 215 202 250 Has
221 221 347 249 autem
366 220 503 258 terras,
526 212 688 262 Italique
707 212 804 250 hanc
822 213 942 250 litoris
961 226 1087 257 oram,

123 274 299 311 Proxima
321 285 405 322 quae
426 273 545 310 nostri
566 273 810 324 perfunditur
828 275 992 324 aequoris
1009 283 1123 318 testu,

125 335 286 384 Essug03
308 341 443 370 cuncta
466 333 572 370 malis
594 334 816 372 habitantur
831 336 969 373 moenia
984 335 1120 373 Graiis.

126 395 196 430 Hic
213 402 249 431 et
270 393 423 443 Narycii
446 402 655 443 posuerunt
671 394 808 432 moenia
824 397 954 443 Locri,

125 457 169 492 Et
187 455 412 492 Sallentinos
433 454 582 492 obsedit
602 455 721 493 milite
741 468 894 506 campos
1283 467 1332 492 2200

125 515 279 564 Lyctius
299 514 546 563 Idomeneus3
563 515 625 553 hic
643 516 831 571 illa-ducis
851 515 1021 554 Meliboei

124 577 242 611 Parva
260 575 479 613 Philoctetae
496 575 660 614 subnixa
679 577 820 615 Petelia
841 590 963 614 muro,

174 731 250 769 394.
280 730 432 769 Harpyia?
461 729 702 770 praedictionem

124 786 195 817 sup.
217 777 281 806 235
292 799 300 813 ,
326 776 390 806 365
422 778 558 817 respicit.
585 777 678 807 Viam
690 801 698 813 ‚

125 824 279 854 rationem
293 828 324 852 et
343 823 466 852 exitum
481 824 614 861 oraculi,
628 825 704 866 ipsae

124 880 175 899 res
204 869 352 906 dabunt,
391 870 616 900 monstrabunt
634 894 642 909 ,
674 878 705 901 et

124 917 284 957 propitius
316 917 375 945 erit
414 917 551 957 Apollo,
582 918 703 948 oraculi

125 970 247 992 auctor.

174 1011 252 1050 397.
269 1008 382 1039 Nostri
401 1008 517 1045 maris,
538 1011 641 1048 Ionii,
655 1011 704 1040 in-

125 1063 173 1085 ter
198 1057 332 1097 Epirum
364 1062 395 1085 et
422 1055 702 1097 Italiam.—399.

129 1103 222 1132 Locri
237 1101 468 1142 Epizephyrii,
491 1104 525 1132 in
550 1105 702 1140 Bruttiis,

126 1149 166 1180 ad
178 1149 255 1179 litus
275 1149 373 1179 Italiae
387 1155 538 1178 extremae
551 1151 703 1186 exterius,

126 1198 301 1227 Locrorum
327 1196 545 1236 Opuntiorum
559 1196 684 1226 colonia
695 1218 703 1233 ‚

126 1253 264 1283 quorum
278 1248 345 1272 erat
361 1241 438 1271 urbs
448 1243 561 1283 Naryx
577 1243 628 1272 vel
645 1244 706 1274 Na-

126 1291 254 1330 ryciam
266 1312 274 1326 ‚
293 1300 334 1319 ex
356 1287 488 1318 adverso
504 1289 636 1319 Euboeae
657 1290 706 1319 in-

125 1337 212 1366 sulae.
232 1338 349 1366 Locros
364 1335 479 1365 Ozolas
491 1335 582 1365 urbis
595 1335 706 1366 condi-

125 1391 211 1414 tores
228 1383 324 1412 fuisse
336 1381 504 1411 contendit
513 1382 626 1413 strabo
640 1384 688 1413 VI
697 1405 705 1420 ‚

127 1442 158 1471 p.
179 1430 244 1471 259
255 1431 290 1460 B.
306 1428 366 1460 Sed
377 1430 581 1459 communior
594 1430 705 1470 opinio

128 1477 224 1507 altera
248 1476 314 1506 illa.
348 1485 380 1505 v.
412 1475 541 1505 Cluver.
575 1476 644 1506 Ital.
670 1487 704 1516 p.

134 1525 216 1554 1301
251 1534 298 1564 sq.
328 1522 479 1562 Sequitur
508 1533 584 1553 vero
611 1529 705 1564 poeta

128 1581 197 1600 eam
213 1570 444 1605 narrationem,
456 1579 517 1609 qua
531 1580 572 1600 ex
585 1571 704 1607 Locris,

129 1618 237 1656 Ajacis
251 1615 334 1647 Oilei
355 1616 448 1645 sociis
459 1638 467 1651 ‚
482 1615 577 1646 fuisse
594 1617 706 1648 crediti

128 1671 205 1694 sunt
214 1687 223 1702 ‚
237 1665 294 1704 qui
308 1663 446 1703 dispersa
455 1662 494 1692 ad
508 1663 707 1704 Caphareum

129 1711 387 1751 promontorium
425 1709 522 1739 classe
551 1711 586 1740 in
617 1712 709 1742 Brut-

130 1754 191 1788 tios
211 1763 315 1788 essent
334 1755 441 1786 delati.
465 1755 504 1786 ef.
527 1758 614 1788 Serv.
639 1759 708 1789 Ali-

131 1812 178 1834 ter
212 1802 373 1846 Lycophr.
397 1813 410 1832 1
422 1808 501 1839 141,
524 1805 610 1841 1148
624 1828 632 1843 ‚
650 1805 710 1836 ubi

132 1852 172 1881 cf.
201 1851 306 1882 Schol.
327 1849 410 1879 Vide
451 1850 565 1890 Opusc.
601 1852 707 1882 Acad.

135 1906 209 1928 tom.
240 1900 282 1929 ΙΙ.
321 1907 392 1937 pag.
421 1896 463 1932 46
501 1907 548 1937 sq.
576 1900 707 1931 Eckhel.

134 1945 291 1974 Doctrina
312 1943 446 1974 Numer.
472 1954 504 1984 p.
524 1945 549 1974 I·
570 1949 635 1979 vol.
655 1950 706 1985 ΙΙ,

133 2002 165 2031 Ρ·
183 2000 262 2030 9³7-

183 2045 260 2074 400.
279 2042 478 2073 Sallentinos
500 2043 610 2073 Heius.
634 2052 708 2072 cum

125 2084 202 2115 *aliis
218 2086 419 2125 melioribus,
435 2101 531 2131 quem
544 2101 576 2121 v,
587 2096 619 2119 et
631 2099 710 2130 quos

134 2131 243 2162 laudat
255 2133 363 2165 Burm.
382 2146 454 2166 cum
476 2144 566 2167 antea
590 2136 712 2166 editum

135 2186 214 2208 esset
237 2179 421 2212 Sallentinos
435 2194 446 2212 :
461 2194 532 2224 quae
551 2184 713 2224 antiquior

758 742 822 761 esse
856 731 967 761 debuit
999 732 1166 771 scriptura.
1192 747 1237 754 —
1264 732 1335 761 Sal-

758 778 947 808 lentinorum
969 779 1024 819 qui
1045 788 1085 808 ex
1101 778 1239 818 antiquis
1251 777 1335 807 Mes-

757 826 852 865 sapiis
882 825 1011 854 suerunt
1023 848 1031 862 ,
1062 832 1181 855 tractus
1208 830 1274 853 erat
1301 825 1337 854 in

758 871 924 912 peninsula
964 871 1118 902 Calabria.
1153 871 1338 901 Insederant

759 929 832 948 eum
856 929 932 948 mox
956 919 1155 949 Cretensium
1178 917 1337 954 coloniae;

758 965 799 996 cf.
829 965 942 995 Strabo
964 966 1028 1002 vt,
1058 975 1089 1004 p.
1115 965 1178 995 281
1217 965 1258 1000 B;
1289 970 1335 992 at-

758 1022 821 1052 que
836 1011 876 1040 ad
893 1012 949 1041 has
964 1011 1169 1041 Idomenenm
1180 1011 1275 1049 Troja
1291 1020 1337 1039 re-

759 1058 893 1093 ducem,
912 1057 967 1088 sed
985 1068 1065 1087 mox
1079 1059 1178 1098 patria
1199 1058 1335 1095 ejectum

759 1104 821 1145 (cf.
836 1115 905 1145 sup.
926 1115 986 1134 121
999 1111 1050 1141 ‚et
1071 1104 1128 1134 inf.
1144 1105 1190 1135 xi
1202 1127 1210 1141 ‚
1229 1103 1334 1145 265),

759 1151 908 1180 nonnulli
921 1150 1113 1181 retulerunt.
1129 1150 1213 1180 conf.
1231 1151 1336 1180 Varro

757 1197 814 1227 lib.
836 1198 884 1227 III
907 1199 981 1228 Rer.
1004 1199 1101 1227 lium.
1123 1196 1208 1238 apud
1229 1197 1334 1226 Valer.

760 1244 855 1274 Prob.
884 1243 923 1273 ad
954 1244 1023 1274 Ecl.
1059 1245 1107 1274 VI
1119 1267 1127 1281 ‚
1158 1245 1195 1274 31
1230 1242 1337 1284 (unde

761 1292 916 1331 Pompon.
932 1291 1002 1321 Sal).
1018 1289 1058 1320 ad
1080 1290 1113 1320 h.
1134 1290 1157 1322 l.
1180 1290 1291 1331 petiit,
1307 1297 1338 1319 et

760 1336 817 1368 inf.
834 1336 873 1366 ad
888 1349 919 1367 v.
938 1335 1037 1376 531).
1056 1339 1172 1376 Lyceus
1195 1336 1337 1376 aliquan—

761 1384 803 1414 do
820 1384 902 1413 inter
914 1385 1087 1425 insigniora
1098 1384 1200 1414 Cretae
1214 1384 1274 1413 fuit
1283 1393 1338 1424 op-

758 1430 844 1471 pida.
875 1431 956 1461 Pliu.
981 1432 1038 1468 IV,
1072 1440 1110 1459 12
1133 1431 1197 1468 jam
1227 1429 1337 1459 Cerdae

758 1477 913 1508 laudatus.

808 1530 870 1560 401
886 1547 894 1561 ,
916 1531 994 1561 402.
1013 1523 1132 1554 Petilia
1145 1523 1195 1553 vel
1210 1522 1337 1553 Petelia

760 1571 795 1601 in
819 1572 953 1601 Bruttiis
982 1582 1078 1612 supra
1113 1571 1286 1601 Crotonem
1319 1581 1338 1599 a

760 1616 948 1656 Philoctete,
959 1618 1106 1648 Herculis
1116 1618 1248 1655 comite,
1263 1627 1338 1647 con-

761 1663 825 1695 djta
840 1664 925 1706 (hoc
939 1666 1025 1695 enim
1048 1671 1095 1695 est
1117 1663 1258 1694 subnixa
1271 1673 1339 1693 mu-

761 1710 837 1752 ro),
857 1722 932 1743 cum
945 1712 1040 1751 Troja
1058 1711 1161 1741 redux
1170 1733 1178 1749 ‚
1194 1710 1275 1741 urbe
1285 1719 1338 1751 pa-

762 1759 821 1788 tria
833 1781 841 1795 ‚
872 1758 1024 1789 Meliboea
1065 1758 1253 1795 Thessaliae,
1280 1767 1338 1797 per

762 1805 950 1836 seditionem
985 1805 1118 1846 fugeret.
1149 1804 1190 1835 cf.
1223 1803 1337 1836 Strabo

763 1854 810 1882 VI
822 1875 830 1889 ‚
846 1863 877 1893 p.
896 1854 973 1889 254.
985 1854 1015 1882 A
1031 1861 1096 1893 quo
1107 1851 1181 1882 loco
1197 1856 1337 1892 apparet,

764 1900 970 1930 Lucanorum
1003 1897 1118 1928 deinde
1156 1897 1337 1938 primariam

765 1945 879 1976 urbem
908 1957 976 1976 eam
1006 1945 1110 1975 fuisse.
1147 1943 1339 1974 Philoctetes

763 1991 831 2021 dux
840 1992 1022 2029 flleHboeus,
1036 2001 1096 2032 pro
1111 1989 1338 2021 Meliboeensis.

762 2046 896 2077 -402,
913 2038 1039 2070 Petelia
1054 2036 1173 2068 Medic.
1192 2043 1224 2066 et
1244 2038 1290 2066 sic
1304 2037 1339 2065 in

764 2087 871 2116 numis
885 2093 917 2116 et
927 2086 1046 2116 Graecis
1056 2087 1164 2125 script.
1175 2083 1337 2114 occurrit:

764 2131 902 2167 Πετηλὶα
914 2144 922 2170 ;
935 2131 997 2162 hoc
1007 2133 1113 2172 itaque
1123 2129 1340 2161 restitui.Vul-

765 2189 806 2221 go
821 2179 941 2211 Peeilia
951 2202 960 2216 ,
982 2178 1071 2220 quod
1086 2178 1216 2220 vulgare
1233 2182 1290 2207 est.
