1402 2460
567 89 690 121 LIBER
714 90 773 119 IV.

69 148 139 185 His
159 160 228 198 ego
247 148 458 199 nigrantem
478 148 681 185 commixta
701 147 883 198 grandine
900 148 1089 196 nimbum,

1210 100 1273 129 ²79

1228 167 1275 182 120

69 209 170 244 Dum
192 207 381 258 trepidant
399 208 482 254 alae,
501 208 693 257 saltusque
710 207 886 258 indagine
903 209 1076 259 cingunt,

69 269 244 318 Desuper
262 267 476 315 infundam,
497 276 533 304 et
554 268 698 304 tonitru
714 268 849 305 coelum
871 281 982 305 omne
1000 269 1121 307 ciebo.

71 327 283 377 Diffugient
300 328 475 374 comites,
492 336 528 365 et
544 336 654 364 nocte
672 336 847 377 tegentur
867 340 1003 378 opaca3

71 387 298 436 Speluncam
316 387 416 424 Dido
436 387 513 424 dux
531 396 568 424 et
586 387 772 437 Trojanus
792 388 964 424 eamdem

71 448 284 486 Devenient
301 462 309 483 :
331 448 463 495 adero,
484 456 540 493 et,
559 455 623 484 tua
639 448 670 484 si
688 447 782 484 mihi
803 458 905 485 certa
924 448 1117 497 voluntas,

1229 458 1276 482 125

72 507 272 544 Connubio
287 509 441 558 jungam
462 507 605 553 stabili,
626 507 898 557 propriamque
918 508 1066 545 dicabo.

72 568 144 605 Hic
161 571 388 618 Hymenaeus
407 569 490 606 erit.
510 587 525 601 υ
547 571 634 606 Non
651 568 850 605 adversata
869 570 1014 618 petenti

74 628 238 676 Adnuit,
257 638 369 680 atque
387 630 482 667 dolis
503 630 585 666 risit
601 629 790 678 Cytherea
806 630 978 679 repertis.

129 692 323 727 Oceanum
341 691 486 728 interea
501 703 658 740 surgens
678 693 830 727 Aurora
851 690 1041 739 relinquit.

77 830 188 861 datum
196 830 335 871 primum
347 842 360 866 ;
377 831 470 860 etiam
480 833 574 861 Rom.
586 829 653 870 pri-

79 888 157 907 mus.
172 877 308 907 Dorvill.
321 876 444 918 primos
460 876 651 907 ubi.—12o.

78 925 162 965 Ergo
169 923 321 953 habemus
331 930 362 954 et
370 924 422 953 hic
432 925 595 954 Junonem
606 934 653 954 κε-

80 968 275 1013 ραυνοβᾶλον·
297 970 380 1001 conf.
400 981 471 1011 sup.
493 973 526 1007 Ι,
549 977 589 1007 42
615 971 654 1002 de

77 1018 284 1047 Minerva.—-
291 1027 303 1046 1
312 1027 329 1046 2
337 1028 349 1046 1
357 1040 364 1047 .
382 1017 465 1046 Alas
474 1018 600 1048 Servius
615 1018 654 1048 de

79 1063 241 1104 equitibus
260 1063 435 1103 accipiebat
452 1086 461 1100 ,
487 1074 582 1103 quem
609 1075 655 1094 se-

81 1116 228 1150 quuntur
238 1109 291 1138 alii
306 1110 367 1138 viri
378 1109 466 1138 docti
475 1132 484 1145 ,
495 1110 587 1140 atilli
599 1118 656 1140 tre-

75 1154 208 1195 pident,
230 1155 389 1185 festinent.
403 1157 485 1186 Sunt
502 1165 576 1185 sane
591 1157 655 1187 aloe

81 1202 238 1242 equitatus
251 1202 428 1237 sociorum3
441 1208 510 1231 tum
522 1204 655 1234 omm'no

80 1248 224 1288 equitum
230 1254 353 1278 turmae.
362 1249 485 1277 Verum
495 1254 558 1277 tam
569 1248 656 1278 abso-

78 1293 145 1324 lute
160 1293 222 1323 alas
243 1293 306 1323 hoc
327 1303 421 1323 sensu
444 1295 534 1332 poni,
555 1304 657 1333 quum

80 1338 171 1377 nihil,
187 1339 276 1380 quod
286 1350 324 1369 eo
337 1338 433 1369 ducat
443 1360 451 1375 ‚
471 1338 657 1377 adjunctum

79 1387 138 1423 sit,
158 1387 271 1416 merito
302 1387 438 1416 mireris.
454 1386 502 1414 De
520 1385 582 1415 illis
601 1388 658 1427 qui

79 1433 263 1474 indaginem
285 1434 504 1469 constituunt,
529 1439 583 1462 aut
601 1435 658 1473 qui

80 1479 174 1509 silvas
187 1480 314 1520 agitant,
329 1486 366 1508 ut
379 1478 458 1508 feras
473 1480 637 1509 excutiant
646 1503 655 1517 ,

81 1525 134 1555 alii
149 1536 156 1556 :
172 1525 237 1556 vid.
256 1527 365 1555 Burm.
385 1525 446 1556 Sed
460 1526 494 1555 id
512 1536 580 1556 non
599 1527 658 1555 mi-

82 1582 143 1601 nus
168 1571 207 1601 ad
231 1572 400 1602 arbitrium
420 1571 480 1603 fit:
497 1583 598 1613 quum
623 1574 658 1603 in

82 1619 250 1649 venatione
274 1629 455 1656 versemur,
482 1629 659 1649 accommo-

83 1663 242 1694 datissima
266 1665 344 1694 mihi
370 1675 493 1705 semper
519 1666 586 1694 visa
616 1673 662 1696 est

83 1711 136 1740 illa
160 1712 260 1748 ratio,
285 1718 321 1740 ut
347 1711 410 1740 alae
434 1711 472 1740 de
496 1712 604 1751 pinnis
627 1713 661 1741 in

84 1757 254 1787 formidine
274 1758 511 1797 acciperentur-3
538 1756 588 1787 Ιιιε
605 1765 664 1788 tre-

80 1803 202 1844 pidant
215 1826 224 1841 ,
250 1810 341 1833 motu
367 1804 502 1834 tremulo
518 1827 526 1841 ,
554 1804 665 1834 saltus-

86 1861 148 1891 que
167 1850 322 1892 indagine
346 1856 376 1879 et
398 1851 497 1892 plagis
521 1859 663 1891 cingunt.

87 1896 156 1928 Silii
170 1897 390 1927 auctoritatem
415 1896 492 1926 huic
513 1898 666 1938 interpre-

87 1943 200 1973 tationi
227 1943 348 1973 laudari
379 1954 470 1984 posse
495 1951 576 1984 puto
607 1944 664 1975 lib.

88 1990 141 2026 ΙΙ,
169 1995 234 2031 419
246 2013 255 2027 ,
285 1989 343 2020 ubi
366 1989 399 2020 h.
421 1990 442 2020 l.
461 1991 612 2031 respicit:
637 1993 668 2020 It

89 2034 215 2065 ‘clamor
241 2036 289 2066 ad
321 2047 418 2066 auras
454 2039 667 2078 Luctatusque

91 2091 210 2112 canum
231 2082 395 2123 subitoque
411 2083 566 2113 exterrita
585 2083 666 2113 nim-

92 2127 131 2158 bo
151 2128 320 2166 Occultum
335 2129 390 2159 alae
403 2138 584 2160 venantum
600 2141 668 2160 cor-

90 2185 171 2215 pora
180 2174 265 2205 silvis
276 2175 309 2206 h.
324 2186 351 2212 e,
365 2184 516 2206 venantes
527 2176 668 2206 latebant

93 2227 166 2262 post
175 2220 237 2252 alas
248 2221 445 2264 indaginum.
462 2224 564 2254 Possis
574 2224 668 2254 etiam

705 830 792 859 Dum
823 828 987 869 trepidant
1022 828 1166 858 absolute
1202 830 1283 859 acci-

706 886 781 916 pere
796 898 804 912 ,
843 875 922 905 dum
959 875 1136 917 trepidatur
1150 898 1158 912 ,
1207 875 1284 905 dum

707 921 813 952 studio
831 922 970 952 venandi·
983 933 1092 953 omues
1111 929 1261 952 tenentnr
1276 944 1285 958 ‚

709 968 849 1008 dumque
862 969 926 999 aloe
939 969 1039 998 saltus
1052 967 1207 1010 indagine
1221 969 1286 997 cin-

705 1022 787 1055 gunt
798 1038 806 1052 ‚
823 1015 856 1045 h.
875 1026 901 1045 e.
918 1016 1014 1045 saltus
1028 1015 1149 1044 retibus
1162 1016 1286 1044 cinctus

709 1068 775 1091 est:
792 1062 836 1090 ita
857 1062 1062 1102 interpunges
1082 1072 1090 1092 :
1113 1062 1198 1090 Dum
1224 1069 1286 1090 cre-

702 1107 842 1147 pidam,
872 1108 936 1137 alae
951 1108 1114 1148 saltusque
1130 1106 1287 1148 indagine

710 1153 855 1194 cingunt.
872 1155 965 1184 Forte
975 1154 1042 1184 haec
1052 1165 1084 1183 ra
1090 1154 1132 1183 tio
1143 1154 1288 1182 omnium

711 1207 791 1229 esset
826 1201 964 1230 maxime
1005 1200 1151 1240 expedita
1166 1222 1175 1237 ,
1208 1199 1289 1229 dura

712 1252 817 1274 tamen
842 1247 966 1285 copulae
992 1248 1163 1283 junctura,
1188 1255 1290 1285 quum

712 1290 843 1320 deberet
861 1302 926 1320 esse
941 1291 1068 1331 alaeque
1083 1292 1182 1321 saltus
1197 1291 1288 1320 inda-

707 1337 787 1377 gine
800 1337 942 1378 cingunt.

763 1384 838 1413 128.
858 1385 970 1413 Venus
984 1384 1053 1413 risit
1068 1384 1218 1414 insidiosa
1232 1385 1253 1415 J
1255 1395 1291 1414 u-

711 1431 806 1460 nonis
839 1430 981 1460 oratione
996 1453 1004 1468 ,
1034 1441 1135 1471 quum
1171 1431 1292 1461 scilicet

711 1477 780 1515 ejus
810 1477 941 1506 consilia
968 1480 1119 1507 eventum
1144 1488 1211 1507 non
1237 1477 1291 1507 ha-

711 1523 820 1553 bitura
836 1534 901 1553 esse
920 1524 1002 1553 bene
1017 1531 1142 1554 nosset:
1159 1535 1190 1554 v.
1205 1523 1244 1553 ad
1259 1535 1291 1554 v.

713 1580 768 1610 90.
786 1570 878 1600 Dolis
897 1570 1028 1610 repertis
1053 1571 1185 1601 Servius
1205 1581 1292 1602 com-

712 1617 810 1657 pertis
834 1617 884 1646 vel
909 1617 1112 1657 deprehensis
1141 1618 1292 1658 interpre-

715 1670 800 1693 tatur
810 1685 819 1700 ,
836 1662 932 1703 idque
942 1664 1050 1693 Burm.
1062 1665 1206 1703 sequitur
1216 1687 1224 1702 ‚
1238 1666 1294 1694 vix

716 1711 789 1739 satis
819 1720 860 1739 ex
893 1721 953 1739 usu
983 1711 1159 1747 sermonjs3
1187 1711 1295 1741 malim

717 1756 807 1785 dolos
819 1764 958 1796 repertos
968 1779 976 1791 ‚
996 1757 1192 1797 excogitatos
1209 1768 1225 1786 a
1239 1759 1297 1788 Ju-

718 1813 803 1832 none
814 1825 822 1839 ‚
850 1804 999 1832 inventos
1011 1826 1018 1839 ‚
1037 1803 1214 1844 intelligere
1225 1827 1234 1841 ‚
1260 1811 1297 1833 nt

719 1849 856 1879 consilia
875 1858 998 1889 reperta
1016 1856 1047 1879 et
1061 1850 1185 1880 similia.
1200 1852 1241 1880 Et
1253 1851 1297 1880 sic

719 1906 789 1936 sup.
815 1897 866 1932 Π,
897 1897 960 1931 164
979 1895 1131 1925 scelerum
1154 1896 1299 1926 inventor

723 1941 835 1971 Ulixes
848 1954 858 1972 :
874 1942 944 1972 risit
959 1942 1051 1972 dolos
1066 1942 1174 1973 fuisset
1189 1943 1297 1984 vulga-

720 1999 762 2017 ris
778 1996 869 2019 rano.

772 2045 845 2074 ¹29·
875 2036 1031 2064 Occasum
1064 2035 1085 2066 i.
1119 2036 1297 2079 Hambnrg.

720 2092 769 2122 pr.
779 2082 921 2122 Fulgens
929 2084 1056 2112 Aurora
1063 2082 1198 2114 Oudart.
1210 2085 1299 2114 Simi-

720 2128 783 2157 lem
806 2128 1020 2158 diversitatem
1041 2129 1125 2170 apud
1143 2130 1240 2161 ovid.
1266 2132 1298 2161 11

721 2176 803 2205 Fast.
823 2176 888 2205 500
904 2182 993 2206 notat
1007 2177 1181 2207 Burmann.
1193 2177 1299 2207 Relin-

722 2221 793 2263 quit
808 2223 919 2253 Heius.
935 2222 1077 2264 praetulit
1095 2234 1112 2253 e
1130 2223 1250 2254 Medic.
1268 2231 1299 2254 et
