1402 2460
531 130 591 159 AD
617 129 780 159 MBRLM
807 130 862 158 111.
1235 128 1293 157 381

102 198 172 228 quce
186 189 279 218 altera
297 199 337 219 ex
356 188 510 230 AEgimuri
527 189 600 218 Aris
623 199 688 218 esse
711 187 857 225 videtur,
884 199 899 218 a
925 189 1027 218 ventis
1051 193 1169 218 tutum.
1189 187 1300 217 Altero

102 242 153 272 die
167 243 206 272 ad
221 242 418 283 exploranda
431 242 500 272 loca
514 241 672 284 digressus
683 266 692 280 ‚
711 250 741 272 et
763 253 780 272 a
798 250 897 272 matre
908 245 1048 279 Venere,
1062 242 1122 272 sub
1141 241 1301 282 Nymphae

101 298 204 338 specie
223 297 317 327 obvia
335 297 431 335 facta,
449 295 655 327 confirmatus
670 298 795 335 animo,
814 308 931 327 novam
945 297 1057 327 urbem
1079 295 1300 337 Carthaginem

101 349 140 380 de
165 350 245 380 colle
266 350 342 380 urbi
368 351 554 381 imminente
580 351 744 391 prospicit.
769 352 941 392 Degressus
959 350 1034 380 inde
1055 350 1132 380 dum
1155 351 1190 379 in
1215 360 1300 379 novo

101 405 121 434 J
125 405 239 434 unonis
254 405 373 445 templo
395 415 489 446 opera
504 405 626 446 singula
642 405 887 445 contemplatur,
907 404 991 435 Dido
1010 405 1117 445 regina
1133 413 1170 433 eo
1188 412 1300 444 proce-

101 457 163 496 dit,
181 469 198 488 a
212 469 274 499 qua
294 459 430 499 benigne
446 462 558 489 AEneas
573 460 731 500 excipitur
750 469 889 500 moxque
906 460 1009 489 socios
1025 470 1098 489 cum
1121 465 1209 498 parte
1224 457 1301 486 clas-

102 513 156 549 sis,
175 523 270 553 quam
289 513 537 549 desideraverat,
556 519 720 553 recuperat
738 511 800 553 (Ι,
819 514 881 553 159
905 513 944 542 ad
966 512 1073 543 finem.
1087 511 1197 552 libri);
1213 520 1302 541 casus

101 577 176 597 suos
191 568 274 597 inter
290 567 397 608 epulas
416 568 509 597 factas
525 569 705 597 narratione
720 569 854 608 exponit
872 567 883 607 (
896 568 952 598 lib.
973 569 1004 598 11
1018 574 1048 597 et
1061 567 1143 607 ΙΙΙ).

148 620 242 650 Gesta
255 620 324 650 haec.
338 622 415 650 anni
434 621 529 660 hujus
546 631 635 658 vere3
649 620 737 661 quod
751 628 890 658 constat,
904 623 930 650 si
943 631 1016 650 cum
1037 620 1093 651 lib.
1110 621 1152 657 V,
1169 619 1236 648 626
1255 629 1301 659 sq.

102 684 264 715 compares
286 674 355 705 illa:
372 675 459 705 Nam
476 675 587 716 tejam
601 676 732 715 septima
743 682 856 715 portat
873 674 1025 704 Omnibus
1038 681 1196 704 errantem
1214 674 1304 703 terris

102 729 297 772 acfluceibus
306 737 411 767 aestas,
428 732 444 760 1
455 753 464 768 ,
481 740 496 768 ς
505 731 562 767 55,
580 730 656 768 756.
674 732 785 770 Itaque
799 732 813 760 I
825 752 833 767 ‚
847 730 864 760 3
873 729 1124 770 1—multosque
1136 739 1193 769 per
1203 737 1302 758 annos

102 783 268 814 Errabant
277 784 344 814 acci
346 784 432 826 sacis
447 784 551 814 maria
567 784 679 814 omnia
697 784 824 814 circum.

147 837 279 868 Desidet
293 838 414 879 aliquot
428 848 550 869 menses
569 837 654 878 apud
674 837 838 867 Didonem
862 839 993 874 AEneas3
1018 834 1146 866 tandem
1169 835 1302 865 deorum

101 892 227 921 monitu
240 892 299 922 hac
311 893 379 933 ipsa
395 899 500 923 aestate
517 903 558 923 ex
574 892 691 922 Africae
705 892 799 922 litore
813 891 908 922 solvit
918 914 926 929 ‚
943 892 1114 933 ingruente
1127 896 1233 920 tamen
1246 889 1303 920 illo

101 951 262 985 tempore,
279 956 344 987 quo
371 946 494 977 turbari
519 947 623 976 ventis
639 956 724 976 mare
749 946 839 976 solet.
865 947 986 976 Versus
1006 951 1083 975 sunt
1104 944 1158 974 hi:
1173 946 1220 974 IV
1231 966 1240 982 ,
1261 944 1302 973 52

100 1008 292 1040 caussasque
305 1000 431 1030 innecte
447 999 597 1030 morandi
605 1023 615 1036 ‚
632 1001 718 1030 Dum
731 999 854 1041 pelago
872 998 1002 1029 desaevit
1021 997 1139 1034 hiems,
1159 1004 1191 1027 et
1201 1006 1303 1037 aquo·

101 1062 152 1083 sus
168 1054 268 1085 Orion
279 1078 288 1093 ‚
309 1057 538 1096 Quassataeque
562 1061 664 1091 rates,
683 1054 758 1084 dum
785 1064 848 1084 non
876 1052 1044 1084 tractabile
1070 1052 1195 1083 coelum.
1221 1052 1304 1082 Mox

105 1107 167 1147 ¹93
184 1108 280 1138 Nunc
295 1107 431 1138 hiemem
447 1109 530 1138 inter
537 1119 570 1139 se
585 1108 665 1138 luxu
675 1131 685 1145 ‚
703 1119 801 1149 quam
817 1108 928 1150 longa,
940 1107 1054 1149 sbvere
1074 1113 1132 1136 etc.
1145 1128 1154 1143 ,
1174 1104 1301 1135 tandem

102 1170 133 1189 v,
149 1161 215 1201 309
234 1161 317 1202 Quin
339 1162 438 1192 etiam
459 1161 591 1192 hiberno
612 1162 733 1192 moliris
748 1162 852 1192 sidere
871 1162 1006 1192 classem
1018 1183 1027 1197 ,
1045 1162 1090 1190 Et
1104 1158 1218 1189 mediis
1225 1167 1304 1198 pro·

97 1224 195 1254 peras
209 1216 414 1257 aquilonibus
431 1216 477 1247 ire
486 1227 551 1257 per
566 1217 678 1247 altum.
695 1217 800 1247 Facile
819 1227 859 1246 ex
882 1216 932 1246 his
951 1216 1079 1257 colligat
1094 1214 1221 1254 aliquiS,
1237 1212 1304 1243 hie-

104 1277 187 1298 mem
200 1269 286 1310 apud
298 1270 461 1301 Didonem
469 1271 565 1301 fuisse
579 1277 723 1301 exactam
735 1293 744 1308 ,
760 1280 821 1301 nec
834 1271 896 1300 nisi
911 1276 1064 1310 sequente
1073 1278 1147 1298 vere
1156 1267 1231 1297 hinc
1241 1266 1304 1297 dis-

100 1323 227 1352 cessIsse
245 1324 410 1363 Trojanos.
435 1326 475 1354 In
488 1324 676 1354 adstruenda
693 1324 753 1354 hac
773 1334 808 1354 re
829 1324 949 1354 multus
965 1329 1011 1353 est
1025 1322 1182 1363 Bargaeus.
1201 1332 1235 1351 v.
1249 1321 1302 1351 Jo.

100 1375 201 1406 Mieh.
214 1377 306 1407 Bruti
325 1379 406 1418 Epp.
424 1378 472 1408 CL
487 1379 595 1408 Viror.
611 1388 643 1418 p.
663 1378 705 1416 75
724 1388 792 1418 sqq.
812 1377 915 1409 Possis
930 1377 1024 1406 etiam
1035 1374 1143 1417 ‚quod
1159 1374 1212 1405 alii
1226 1385 1257 1404 v.
1274 1384 1301 1404 c.

101 1427 244 1460 Catroeus
254 1452 263 1467 ,
277 1430 414 1469 faciunt,
427 1431 471 1461 ita
492 1438 629 1461 statuere
639 1453 648 1468 ,
663 1431 724 1461 sub
740 1432 816 1462 anni
833 1431 1006 1471 superioris
1029 1430 1154 1460 exitum
1173 1429 1304 1458 AEneam

102 1482 141 1512 ad
148 1483 370 1526 Carthaginem
382 1485 545 1515 accessisse
553 1484 664 1524 ibique
674 1485 810 1515 hiemem
826 1487 977 1526 exegisse.
993 1484 1055 1516 Sed
1064 1489 1178 1513 neutra
1190 1481 1304 1513 harum

102 1538 292 1577 opinionum
305 1536 550 1568 difficultatibus
564 1545 659 1568 caret.
674 1539 755 1568 Nam
767 1539 812 1567 sic
824 1545 919 1579 poeta
932 1537 1063 1577 sibiipsi
1076 1536 1304 1573 adversaretur,

102 1592 159 1631 qui
172 1591 307 1632 septima
323 1600 435 1622 aestate
448 1592 590 1622 Africam
605 1591 735 1630 adiisse,
753 1599 785 1621 et
798 1592 935 1632 septima
947 1598 1059 1621 oestace
1073 1592 1151 1620 item
1165 1590 1304 1621 Siciliam

102 1646 262 1686 repetiisse
274 1645 393 1676 diceret
405 1656 458 1676 eos
468 1669 476 1683 ‚
493 1647 549 1686 qui
562 1645 694 1675 diversis
707 1653 811 1675 tamen
825 1646 916 1675 annis
933 1645 996 1675 hoc
1009 1651 1041 1674 et
1053 1643 1135 1674 illud
1148 1644 1304 1674 fecissent.

100 1701 168 1730 Nec
182 1699 250 1730 loca
260 1720 269 1736 ,
287 1699 407 1740 quibus
425 1698 526 1728 hiems
543 1704 754 1735 memoratur,
769 1698 946 1727 necessario
961 1696 1001 1726 ad
1022 1696 1164 1726 brumale
1179 1703 1304 1736 tempus

102 1752 238 1785 ducunt.
251 1753 311 1785 Sed
323 1754 428 1794 primo
440 1753 514 1784 loco
529 1752 568 1782 de
583 1758 766 1793 tempestate
781 1752 902 1792 agitur,
918 1762 981 1792 qua
995 1753 1108 1781 AEneas
1121 1750 1161 1780 ad
1175 1751 1304 1781 Cartha?

103 1808 209 1847 ginem
223 1807 326 1837 fuerat
349 1807 520 1847 appulsus3
536 1813 583 1836 est
601 1807 686 1836 enim
703 1805 769 1835 dies
791 1805 830 1835 ab
852 1804 991 1835 adventu
1007 1803 1184 1841 secundus3
1200 1814 1304 1844 neque

102 1861 201 1892 altero
218 1861 292 1892 loeo
310 1861 412 1891 hiems
427 1861 517 1891 aliter
541 1860 743 1901 accipienda,
760 1870 856 1901 quam
878 1860 918 1890 de
935 1867 1078 1900 tempore
1098 1859 1277 1900 procelloso
1289 1882 1300 1895 ,

103 1916 191 1957 quod
202 1939 210 1953 ,
224 1916 316 1957 quale
333 1916 442 1953 fuerit,
460 1917 554 1946 tertio
572 1916 646 1946 loco
661 1923 810 1956 apparet,
824 1915 955 1946 hiberno
973 1915 1076 1945 sidere
1094 1921 1126 1945 et
1140 1914 1303 1956 aquiloni-

88 1972 178 2008 ·bus‚·
191 1973 248 2012 qui
275 1982 340 2001 esse
355 1977 489 2012 possunt
507 1971 555 2000 iili
574 1972 635 2012 ipsi
651 1972 723 2000 stati
745 1972 851 2008 venti,
871 1971 975 2000 etesiae
987 1969 1082 2007 dicti,
1098 1979 1179 2010 quos
1196 1969 1303 2010 paullo

103 2034 174 2057 ante
191 2026 230 2056 ad
242 2038 268 2057 a.
293 2038 306 2056 1
327 2026 433 2057 medio
448 2026 537 2057 sulio
552 2033 583 2055 et
598 2027 746 2067 Augusto
769 2025 846 2055 flare
864 2024 1014 2056 diximus,
1037 2026 1140 2055 Etiam
1161 2023 1220 2055 lib.
1237 2025 1283 2054 IV
1295 2047 1303 2060 ‚

106 2086 171 2120 429
181 2102 190 2116 ,
208 2081 273 2116 430
291 2087 467 2110 extremum
487 2078 546 2109 hoc
565 2081 689 2109 miseras·
703 2079 759 2109 det
769 2089 884 2109 munus
901 2078 1030 2108 amanti
1042 2089 1054 2108 .·
1067 2076 1304 2119 Exspectetfa-

101 2133 383 2176 cilemquefugam
398 2142 576 2176 ventosque
583 2133 738 2176 serentes.
753 2135 819 2165 Nec
836 2134 935 2164 Orion
951 2134 1009 2164 lib.
1023 2135 1057 2171 1,
1075 2134 1160 2171 5353
1178 2135 1226 2164 IV
1228 2155 1237 2170 ‚
1260 2133 1300 2163 52

105 2188 196 2218 aliam
208 2198 303 2228 quam
326 2189 515 2229 tempestau's
537 2194 615 2219 ortae
633 2187 897 2230 significationem
920 2187 1025 2218 habet.
1044 2185 1084 2219 cs.
1101 2188 1189 2219 Serv.
1208 2186 1247 2216 ad
1262 2188 1303 2223 V,

108 2243 174 2273 626
192 2249 223 2273 et
237 2241 372 2273 Cerdam
385 2242 425 2273 ad
439 2253 468 2274 e.
485 2243 507 2274 1.
