1402 2460
582 142 703 172 LIBER
728 141 785 171 IV.

85 199 213 248 Erige,
234 208 270 235 ct
291 211 394 235 arma
413 198 504 246 viri,
521 198 687 236 thalamo
704 212 788 249 quae
810 199 882 236 fixa
903 199 1055 250 reliquit

1217 144 1281 180 3¹9

1234 211 1282 242 ἴου]

84 259 246 308 Impius,
263 259 494 309 exuviasque
513 259 653 306 omnis,
671 260 886 309 lectumque
903 260 1069 309 jugalem

87 320 174 364 Quo
191 319 306 368 perii,
323 319 623 370 superimponas.
645 319 810 357 Abolere
829 319 981 356 nefandi

84 380 230 415 Cuncta
250 379 321 415 viri
342 390 586 418 monumenta
597 380 728 431 jubet,
749 389 1010 431 monstratque
1030 380 1215 418 sacerdos.
1235 397 1250 413 υ

139 439 230 474 Haec
246 437 359 474 effata
378 439 479 484 silet3
499 439 619 488 pallor
635 438 746 476 simul
766 448 927 489 occupat
944 452 1024 476 ora.

84 500 171 535 Non
192 507 316 535 tamen
335 502 445 536 Anna
460 501 568 537 novis
588 508 801 550 praetexere
821 501 954 538 funera
974 502 1088 538 sacris

1239 511 1287 534 500

86 563 313 598 Germanam
334 559 473 604 credit,
490 573 560 597 nec
580 568 703 597 tantos
724 568 848 596 mente
867 561 1016 598 furores

87 619 278 669 Concipit,
299 627 363 656 aut
381 621 557 669 graviora
577 621 701 667 timet,
719 634 834 671 quam
850 630 972 658 morte
992 620 1152 671 Sychaei.

87 681 188 730 Ergo
203 680 307 730 jussa
327 689 446 730 parat.

140 744 189 777 At
209 741 358 791 regina,
381 754 475 791 pyra
497 742 681 792 penetrali
699 742 738 779 in
757 742 845 780 sede
866 741 936 779 sub
955 755 1065 779 auras

87 880 172 911 divo.
185 882 270 912 conf.
285 882 394 912 Burm.
409 883 582 913 Penetralia
593 882 661 912 haec

87 928 201 958 domus
214 927 350 957 Didonis
362 929 396 957 in
415 929 568 969 templum
585 929 663 959 Elis-

88 985 129 1004 sae
155 975 290 1004 mutavit
319 973 413 1005 Silius
438 976 471 1012 Ι,
495 976 534 1005 81
571 986 660 1016 sqq.,

88 1020 145 1050 uhi
178 1021 271 1061 plura
293 1031 334 1050 ex
360 1020 392 1051 h.
417 1021 439 1051 l.
463 1021 660 1052 adumbrata.

87 1085 133 1090 —
143 1067 219 1107 495.
236 1068 341 1096 Arma
355 1067 469 1097 relicta
483 1068 567 1098 idem
580 1070 661 1098 Bur-

89 1124 196 1143 mann.
222 1112 262 1142 de
279 1124 353 1142 ense
381 1124 440 1153 pro
466 1125 597 1144 munere
621 1115 662 1144 ab

90 1163 186 1190 AEnea
194 1158 315 1189 Didoni
324 1158 397 1189 dato
403 1162 467 1201 neci
471 1171 545 1200 pere
552 1160 662 1198 jubet:

90 1217 156 1236 non
165 1205 256 1235 male.
271 1216 300 1235 v.
316 1206 375 1243 507
388 1217 495 1235 ensem
504 1206 659 1243 relictum,

91 1259 122 1282 et
140 1252 204 1290 647
227 1262 334 1281 ensem
352 1251 517 1292 qucesitum
529 1275 537 1290 ‚
557 1263 665 1294 accep-

91 1306 159 1328 tum
168 1320 176 1335 ‚
192 1305 354 1328 memorat.
366 1298 510 1328 Exuvias
524 1298 588 1329 vid.
603 1300 662 1330 inf.

91 1344 169 1381 648,
188 1344 266 1374 6:31.
287 1344 411 1374 Scilicet
429 1345 464 1374 in
481 1347 577 1375 sacris
598 1356 663 1375 ma-

90 1392 168 1433 gicis
183 1391 299 1420 amoris
317 1391 542 1432 exstinguendi
558 1402 665 1421 caussa

91 1437 260 1468 abolentur
273 1447 310 1467 ea
320 1460 328 1475 ‚
343 1447 414 1478 quae
427 1436 543 1478 perfidi
559 1448 666 1468 aman-

91 1486 130 1515 tis
149 1490 299 1514 contactu
316 1494 349 1513 se
372 1484 593 1514 commendare
608 1495 666 1525 po-

91 1538 213 1568 terant;
236 1537 273 1560 ut
296 1537 407 1560 contra
424 1531 459 1560 in
484 1531 665 1561 revocando

91 1584 231 1608 amatore
245 1577 305 1607 sub
319 1577 429 1607 limine
452 1587 489 1607 ea
504 1577 600 1608 condi
621 1579 667 1607 vi-

93 1624 196 1653 dimus
214 1623 282 1653 Ecl.
305 1625 402 1660 VIII,
421 1634 476 1663 91.
503 1625 572 1664 Quo
582 1624 669 1664 perii

93 1681 167 1701 cum
186 1669 306 1700 dilectu
317 1671 420 1710 posita
441 1680 526 1707 vox,
544 1678 574 1700 et
592 1681 666 1700 cnm

92 1716 367 1758 pudore—498.
396 1717 563 1746 stlomenca
582 1718 665 1746 Ven.

94 1762 292 1793 monimenta
304 1762 458 1803 plerique.
477 1764 574 1792 Juvat
585 1773 668 1804 mat,-

93 1820 155 1840 nns
171 1808 264 1839 codd.
278 1819 430 1838 numerus
444 1808 529 1849 apud
542 1810 622 1840 Pier.
637 1816 668 1838 et

95 1856 204 1886 Heius.
214 1879 223 1891 ,
242 1855 360 1896 quibus
379 1853 457 1885 adde
471 1856 494 1885 F
496 1865 594 1895 ragm.
608 1857 669 1885 Va-

96 1904 168 1940 tic.;
183 1903 289 1942 itaque
306 1902 412 1931 Burm.
431 1903 560 1942 recepit.
581 1901 647 1932 Alii
659 1925 666 1938 ‚

95 1960 154 1979 nec
168 1949 273 1978 minus
288 1947 398 1985 multi,
407 1947 515 1989 jubet,
535 1959 606 1988 quae
625 1949 665 1979 A·

96 1996 251 2036 proniana
259 1994 355 2024 lectio
369 2005 434 2024 esse
445 1994 579 2031 videtum
595 2005 668 2024 nam

98 2043 132 2071 in
157 2040 302 2072 Mediceo
330 2042 366 2071 iu
390 2041 487 2071 litura
513 2042 669 2082 scriptum

99 2087 220 2124 fidem,
244 2098 437 2129 quamquam
463 2098 504 2117 ex
526 2098 669 2128 pronun-

99 2134 230 2164 tiatione
254 2133 350 2175 jubat
383 2141 452 2164 orta
480 2144 545 2164 esse
570 2134 670 2164 videri

99 2187 212 2221 potest.
232 2181 427 2222 Dignitatem
449 2187 554 2210 tamen
573 2181 670 2219 majo-

101 2237 168 2257 rem
196 2225 292 2256 habet
318 2226 411 2267 jubet
440 2235 668 2268 monstratque.

103 2274 282 2314 Utrumque
295 2272 333 2304 de
351 2273 410 2303 diis
425 2280 456 2303 et
473 2273 597 2304 vatibus
614 2274 671 2304 sol-

714 882 822 912 lenne.
840 883 951 923 Itaque
970 882 1117 923 equidem
1133 893 1206 912 cum
1221 884 1290 914 Pie-

715 929 763 958 rio
771 928 865 969 jubet
879 931 1014 959 retinere
1034 930 1159 966 malim3
1177 931 1203 958 si
1215 941 1290 969 poe-

716 982 747 1004 ta
775 975 907 1015 quidem
937 977 979 1005 ita
1001 977 1161 1016 scripsisse
1191 975 1292 1006 videri

715 1028 836 1061 potest,
853 1029 890 1051 ut
912 1022 1050 1052 scribere
1076 1021 1198 1052 debuit.
1224 1023 1290 1052 Nec

714 1067 913 1098 Brunckinm
940 1069 973 1098 id
998 1069 1100 1098 faeere
1125 1067 1293 1098 audentem

715 1113 775 1143 hac
802 1114 942 1145 editione
970 1115 1112 1145 deserere
1137 1115 1236 1144 volui.

765 1165 843 1200 499.
853 1162 901 1190 Ex
911 1162 1022 1191 intima
1031 1168 1097 1190 arte
1107 1168 1138 1190 et
1146 1160 1294 1190 humanae

717 1208 831 1236 mentis
858 1207 1033 1237 recessibus
1059 1207 1156 1246 hujus
1184 1218 1294 1237 versus

717 1253 871 1282 sententia
893 1253 1090 1294 deprompta.
1115 1253 1230 1282 Pallor
1255 1264 1295 1282 ex

717 1299 911 1329 conscientia
922 1301 1065 1340 cogitatae
1075 1300 1196 1329 mortis.
1205 1301 1293 1330 Serv.

766 1344 960 1375 500—503.
979 1347 1084 1375 Annae
1105 1346 1240 1375 omnino
1261 1344 1294 1375 fl-

718 1389 791 1420 dem
814 1397 846 1421 et
867 1391 1123 1421 benevolentiam
1144 1392 1294 1430 majorem

719 1437 848 1474 tribuit,
872 1448 969 1479 quam
990 1439 1113 1479 ingenii
1145 1439 1295 1479 sagacita-

719 1491 794 1514 tem.
814 1485 925 1524 Itaque
943 1491 974 1514 et
990 1484 1059 1514 haec
1077 1491 1175 1514 recte.
1198 1485 1295 1514 zVovis

714 1538 898 1571 proetexere
905 1529 1032 1572 fitnertz
1054 1530 1152 1560 sacris
1163 1553 1171 1566 ‚
1185 1533 1297 1570 exqui-

718 1577 809 1607 sitior
841 1578 924 1607 ratio
957 1587 1055 1617 quam
1091 1578 1271 1607 eommunis
1288 1588 1294 1606 :

721 1633 804 1652 ηονα
833 1633 947 1659 sacra,
975 1623 1136 1653 insolitam
1167 1623 1294 1663 religio-

721 1680 795 1698 nem
816 1679 852 1698 ac
891 1667 1102 1706 sacrificinm,
1121 1676 1296 1710 praetexere

712 1714 899 1757 fimet-ibus,
917 1715 1022 1745 funeri
1035 1714 1068 1745 h.
1089 1725 1116 1745 e.
1134 1716 1230 1745 morti
1242 1715 1297 1745 ob-

720 1761 864 1798 tendere,
890 1772 1015 1791 sacrum
1039 1771 1097 1802 per
1121 1761 1296 1791 simulatio-

721 1818 794 1838 nem
810 1809 965 1838 instruere
976 1830 984 1844 ,
1001 1817 1103 1848 eoque
1125 1807 1296 1837 consilium

721 1855 832 1885 mortis
859 1854 1029 1884 occultare.
1049 1853 1090 1884 cf.
1112 1864 1183 1894 sup.
1211 1864 1297 1892 1723

721 1911 780 1930 nec
809 1901 865 1930 illa
891 1907 997 1930 mente
1021 1901 1181 1941 concipit,
1196 1900 1298 1930 Dido-

721 1948 844 1978 nemin
864 1949 970 1977 animo
989 1946 1106 1976 habere
1127 1953 1190 1976 tam
1214 1947 1297 1976 insa·

721 2004 801 2023 num
834 1994 945 2023 mortis
972 1993 1035 2023 sibi
1065 1992 1298 2024 consciscenda-

724 2040 903 2070 consilinm.
921 2040 963 2070 cf.
982 2041 1092 2070 Burm.

772 2086 966 2122 504-508.
982 2086 1156 2116 Exsolvete
1168 2096 1200 2116 se
1213 2096 1299 2116 arno-

725 2144 757 2162 re
779 2133 848 2163 vult
871 2133 956 2163 Dido
979 2134 1073 2163 sacris
1094 2133 1241 2174 magicis:
1263 2135 1298 2163 in

724 2180 860 2220 quibus,
881 2187 918 2210 ut
934 2179 1030 2210 modo
1051 2178 1137 2216 dixi,
1152 2179 1234 2209 illud
1250 2181 1298 2209 in-

723 2228 835 2266 primis
852 2226 936 2256 facru
951 2237 1032 2267 opus
1056 2233 1140 2261 erat,
1161 2233 1197 2255 ut
1213 2225 1298 2255 flam-

725 2283 774 2303 ma
806 2273 1008 2304 abolerentur
1032 2274 1143 2314 priscae
1168 2282 1298 2302 consue-
