1402 2460
0 1831 4 1977 ι

0 1981 6 2199 ἒ

3 2239 7 2280 5

0 2280 8 2346 l

6 2353 9 2387 ε

6 2394 10 2460 ἒ

0 2348 3 2460 l

514 123 638 153 LIBER
663 123 705 152 11.
1150 125 1208 162 157

14 182 164 233 Frigida
184 181 255 219 sub
277 189 378 217 terra
395 181 583 217 tumidum
603 193 718 230 quem
738 180 874 219 bruma
894 181 1063 233 tegebat3

13 245 123 279 Nunc
140 241 271 291 positis
287 253 409 277 novus
426 240 592 287 exuviis,
609 240 828 290 nitidusque
844 242 1021 292 juventa,

13 300 178 337 Lubrica
194 300 386 337 convolvit
402 300 552 337 sublato
572 308 727 350 pectore
744 309 850 351 terga

14 361 169 399 Arduus
185 361 232 399 ad
250 362 385 409 solem,
407 371 444 399 et
462 361 598 412 linguis
615 361 728 399 micat
748 374 815 399 oro
836 363 1009 401 trisulcis.

1165 374 1215 407 675

16 425 101 460 Una
117 423 247 474 ingens
264 423 465 473 Periphas,
485 432 522 460 et
540 435 729 472 equorum
748 423 912 473 agitator
930 423 1086 463 Achillis

16 483 191 533 Armiger
207 482 449 520 Automedon
461 511 471 529 ,
487 496 564 519 una
584 483 705 519 omnis
725 483 858 532 Scyria
878 483 999 534 pubes

17 544 234 581 Succedunt
250 553 369 590 tecto,
388 553 425 581 ct
441 544 608 580 flammas
629 543 676 580 ad
694 544 857 581 culmina
871 544 1024 595 jactant.

18 609 104 655 Ipse
125 606 223 642 inter
242 605 385 654 primos
403 614 585 656 conrepta
601 605 697 642 dura
713 604 871 654 bipenni

19 667 166 704 Limina
188 666 418 716 perrumpit,
440 675 642 717 postesque
663 680 685 703 a
704 665 858 704 cardine
875 666 979 703 vellit

24 830 128 852 atram
139 820 303 862 Improbus
313 819 484 861 ingluviem
499 819 600 848 ranis-

24 880 86 909 que
116 867 299 908 loquacibus
327 867 459 906 exple&
475 876 515 895 ex
532 876 598 906 quo

23 915 95 945 loco
109 915 202 944 etiam
219 914 277 943 alia
292 915 327 943 in
341 912 422 943 hanc
438 922 599 953 compara-

23 963 143 992 tionem
154 960 295 990 traducta
312 970 388 989 mox
406 959 539 990 videbis.
554 960 599 989 Ut

25 1009 123 1049 igitur
138 1007 183 1037 ibi
199 1008 329 1048 explere
345 1006 515 1047 ingluviem
527 1029 536 1042 ,
554 1006 598 1034 sic

25 1054 57 1085 h.
73 1054 95 1084 l.
118 1054 240 1084 dictum
269 1060 315 1084 est
340 1063 475 1093 pascere
496 1052 600 1093 inglu-

27 1101 105 1130 viem
118 1124 125 1139 ,
142 1102 206 1130 fere
220 1108 257 1130 ut
272 1100 349 1130 alibi
358 1110 493 1139 pascere
519 1109 601 1128 ven—

28 1156 118 1178 trem.
136 1147 230 1177 Silius
245 1154 349 1176 autc-in
365 1145 485 1173 satiare
500 1145 602 1184 inglu-

29 1195 109 1223 viem
138 1192 236 1230 dixit,
247 1192 424 1222 imitatione
441 1191 532 1231 Virg.
546 1189 603 1220 lib.

26 1242 86 1277 VI,
103 1240 164 1270 155
179 1238 355 1280 Ingllwiem
366 1236 515 1266 immensi
524 1247 605 1266 ven-

27 1287 82 1318 tris
96 1286 331 1328 gravidamque
343 1283 482 1314 ‘venenis
488 1283 604 1312 Alvum

28 1332 180 1374 deprensi
201 1331 364 1362 satiabant
372 1330 470 1372 fonte
486 1330 604 1360 leones.

29 1379 170 1411 Malebat
182 1378 275 1409 Valk.
293 1377 332 1407 ad
345 1377 480 1408 Theocr.
492 1387 524 1416 p.
538 1377 603 1406 252

28 1428 113 1456 inter
138 1428 209 1458 loca
228 1424 346 1455 hahere
361 1435 433 1464 quae
453 1423 607 1464 Virgilius

33 1480 259 1506 retractaturus
295 1472 414 1501 fuisset.
439 1469 605 1501 Schrader.

33 1521 118 1550 xarie
130 1518 383 1550 tentabatlocum
396 1527 403 1547 :
415 1517 447 1547 in
459 1516 537 1547 lucis
546 1528 559 1553 ,·
574 1516 607 1545 in

32 1567 117 1596 silvis
129 1578 139 1596 .·
151 1574 187 1597 ut
197 1564 281 1606 apud
291 1565 401 1595 Silium
410 1564 518 1600 XVII,
530 1568 607 1603 449,

33 1614 107 1643 loco
129 1624 170 1643 ex
194 1618 305 1642 nostro
326 1620 495 1650 expresso,
513 1617 559 1639 est
576 1609 608 1638 in

34 1659 167 1700 campis.
178 1660 304 1689 Poterat
315 1664 344 1687 et
354 1657 508 1696 scriptum
525 1665 603 1686 esse:

38 1705 150 1746 Qualis
185 1703 238 1733 ubi
268 1702 375 1733 exiliit
406 1702 458 1732 vel
483 1702 611 1731 exultat

34 1751 261 1787 cohibea—47
272 1759 284 1778 ι
301 1767 348 1773 ·—-
364 1754 402 1786 47
411 1748 441 1779 5.
456 1749 610 1787 Respexit

38 1799 146 1828 locum
168 1795 321 1828 Nicandri
344 1795 440 1826 Ther.
459 1794 608 1831 31——343

36 1844 132 1875 simul
149 1851 252 1874 tamen
267 1842 304 1871 ad
320 1841 452 1872 Homeri
461 1839 608 1876 ductum,

36 1890 91 1921 sed
109 1892 251 1921 ornatius
269 1896 300 1918 et
319 1899 392 1918 cum
416 1886 609 1922 variatione,

36 1937 127 1968 Iliad.
143 1948 184 1977 χ,
203 1936 353 1976 93--95
371 1927 411 1969 ζ’ὶς
431 1929 465 1963 δὲ
483 1928 609 1974 δράκων

39 1981 89 2015 ἐπὶ
103 1986 173 2025 χειῇ
187 1982 342 2026 ὀρέστερος
366 1977 468 2023 ἄνδρα.
483 1977 608 2021 μένῃσι,

38 2027 207 2073 Bae-ponne
222 2026 309 2060 κακὰ
326 2026 468 2071 φάρμακ’
480 2025 589 2066 (mala
598 2049 607 2063 ‚

37 2078 134 2108 noxia
149 2084 180 2107 et
192 2083 346 2106 venenata
356 2097 365 2112 ,
379 2081 416 2104 ut
430 2083 527 2113 saepe,
537 2082 611 2113 gra-

41 2124 131 2154 mina
144 2122 278 2164 pastus)
293 2119 346 2153 ἔδυ
362 2118 398 2152 δέ
407 2120 442 2151 τέ
456 2130 505 2163 μιν
519 2115 610 2158 χόλος

41 2169 133 2206 αἰνὸς·
159 2166 353 2214 Σμερὸαλέον
377 2164 412 2198 δὲ
442 2161 608 2207 δέδορκεν,

44 2212 231 2259 ἑλισσόμενος
238 2214 310 2259 περὶ
318 2218 388 2258 χειῇ
396 2214 532 2257 (lubrica
542 2222 613 2244 con-

41 2265 136 2296 volvit
145 2263 312 2306 pectora)·
330 2262 368 2299 ὣς
386 2256 614 2306 Europ—0137„

168 2332 216 2367 11.

1172 680 1221 706 480

652 816 819 862 ὑπεχώρει.
844 819 889 849 At
914 819 1000 860 apud
1022 820 1136 861 Virgil.
1152 823 1229 862 Pyr-

652 865 730 895 rhus
744 876 811 896 non
826 867 960 896 sustinet
968 866 1103 905 hostem,
1115 867 1168 897 sed
1177 878 1230 909 ag-

651 912 805 954 greditur.
823 930 868 936 --
889 919 966 952 474,
994 914 1132 954 Corpore
1148 914 1228 946 Cod.

653 959 780 990 Tliuan.
794 960 955 990 Macrobii
972 962 1002 989 V
1020 962 1081 992 Sat.
1106 961 1141 999 5,
1160 972 1230 1002 per-

653 1013 748 1046 petua
762 1007 957 1038 variatione:
971 1007 1232 1048 sublatopectora

655 1060 745 1093 tergo
773 1063 831 1084 ms„
853 1053 937 1094 apud
957 1054 1116 1091 Pierium3
1138 1054 1229 1085 male.

655 1100 774 1139 Georg.
803 1101 870 1137 ΙΙΙ,
896 1100 961 1135 426
985 1100 1103 1142 anguis
1128 1102 1232 1142 Squa-

656 1156 729 1173 mea
750 1146 938 1175 convolvens
964 1146 1088 1176 sublato
1100 1155 1232 1186 pectore

659 1197 748 1231 terga
760 1203 772 1226 ;
787 1191 863 1221 hinc
887 1193 931 1234 τῷ
954 1192 1111 1223 convolvit
1124 1201 1213 1235 terga
1225 1217 1233 1231 ,

658 1239 716 1277 qui
730 1236 768 1267 fit
783 1238 907 1268 sublaco
922 1246 1069 1278 pectore,
1087 1239 1160 1269 addi
1174 1250 1233 1280 po-

659 1290 739 1313 terat
756 1291 866 1314 ornate
882 1294 890 1315 :
904 1285 1034 1314 Arduus
1058 1286 1105 1314 ad
1122 1287 1233 1316 solem.

657 1347 703 1352 —-
715 1336 754 1369 47
763 1330 793 1361 5.
810 1331 900 1363 Idem
924 1342 1034 1361 versus
1050 1333 1098 1362 III
1116 1333 1233 1374 Georg.

660 1378 738 1417 439.
755 1377 796 1408 cf.
813 1378 908 1408 Silius
924 1379 990 1416 VI,
1006 1388 1070 1408 222
1087 1402 1095 1417 ,
1109 1380 1187 1410 223.

708 1424 863 1463 476—47
872 1425 902 1456 8.
918 1426 1068 1456 Occurrit
1086 1426 1236 1466 Periphas

661 1471 745 1511 apud
772 1473 968 1509 Homerum,
992 1471 1047 1501 sed
1065 1482 1132 1502 non
1156 1472 1209 1502 hic
1227 1484 1235 1510 3

662 1518 910 1548 Automedontis
931 1516 1108 1552 ἱππηλάτου
1121 1542 1129 1557 ,
1153 1519 1235 1548 auri-

662 1574 709 1605 gae
733 1564 888 1602 Achillis,
907 1566 1022 1605 saepius
1043 1563 1081 1594 fit
1103 1567 1236 1596 mentio.

664 1612 774 1650 Scyro,
790 1611 894 1640 insula
904 1610 942 1641 de
957 1610 1151 1653 Cycladibus
1160 1622 1236 1650 una,

663 1658 770 1698 copias
805 1657 980 1688 adduxerat
1007 1657 1150 1699 Pyrrhus
1161 1681 1169 1695 ,
1198 1658 1236 1687 ab

662 1714 721 1733 avo
749 1703 928 1745 Lycomede
959 1710 1101 1744 acceptas
1112 1726 1121 1742 ,
1146 1704 1238 1742 cujus

661 1748 745 1787 filia,
777 1749 955 1787 Deidamia,
984 1750 1099 1790 Pyrrhi
1138 1757 1239 1780 mater

662 1806 703 1824 ex
718 1795 844 1826 Achille
858 1806 866 1826 ε
881 1797 921 1826 cs.
933 1796 1023 1826 Iliad.
1034 1806 1052 1825 τ
1063 1818 1071 1832 ,
1088 1796 1154 1825 326
1169 1806 1237 1837 sqq.

662 1841 778 1882 odyss,
798 1845 836 1872 λ.
852 1842 917 1872 505
942 1852 988 1882 sq.
1011 1841 1072 1872 Sed
1099 1841 1239 1872 fabulam

663 1887 702 1917 de
720 1887 844 1918 Achin„
864 1888 950 1929 apud
969 1887 1182 1929 Lycomedem
1196 1888 1239 1918 la-

664 1940 750 1964 tente
767 1936 926 1965 Homerus
947 1944 1014 1964 non
1037 1934 1143 1966 hahet.
1161 1935 1237 1964 Suc-

664 1980 782 2011 cedunt
794 1988 875 2011 tecto
886 2003 894 2018 ‚
908 1980 940 2011 h.
949 1991 976 2011 e.
991 1980 1075 2011 fores
1089 1980 1239 2012 adoriun-

662 2033 726 2058 tur.

712 2080 778 2115 479
794 2090 840 2097 --
857 2074 934 2109 482.
959 2075 1049 2115 Ipse,
1072 2072 1235 2116 Pyrrhus,

665 2122 736 2162 quis
758 2120 884 2151 dubitet
904 2130 912 2152 :
939 2130 980 2150 ex
1010 2120 1095 2161 469,
1123 2126 1188 2159 470
1206 2127 1238 2150 et

667 2174 745 2208 491.
760 2168 850 2197 Dura
869 2165 996 2206 limina,
1012 2167 1098 2211 ipsas¹
1116 2167 1199 2197 fores
1221 2177 1238 2196 e

666 2213 746 2244 dura
769 2214 897 2244 materia
911 2236 920 2252 ,
945 2213 1018 2244 ilice
1048 2214 1162 2251 facta53
1188 2223 1239 2242 eas

667 2261 761 2292 etiam
774 2271 831 2301 per
841 2267 964 2301 postes,
984 2267 1015 2291 et
1033 2259 1161 2301 quidem
1180 2269 1239 2290 aere

1032 2330 1076 2368 14
