1433 2460
630 95 751 125 LIBER
777 96 801 124 1.
1282 99 1321 128 33

115 157 243 193 Litore
256 153 471 200 Trinacrio,
491 153 725 204 dederatque
746 153 976 192 abeuntibus
998 154 1129 202 heros,

113 215 276 262 Dividit,
293 225 331 253 et
348 214 457 254 dictis
472 215 670 252 moerentia
687 225 847 265 pectora
865 216 1004 253 mulcet
1023 230 1030 252 ι

114 295 129 309 «
151 279 186 314 Ο
202 278 310 315 socii!
332 291 456 328 neque
472 278 572 314 enim
588 277 712 328 ignari
729 290 860 314 sumus
879 287 965 315 aute
984 278 1188 325 malorum,

113 341 147 375 Ο
164 339 262 389 passi
282 339 475 390 graviora3
493 338 599 377 dabit
617 339 708 377 deus
734 338 793 376 his
812 351 966 389 quoque
985 340 1108 377 finem.

111 401 188 435 Vos
207 408 244 436 et
260 399 457 448 Scyllaeam
473 399 636 447 rabiem,
658 400 886 450 penitusque
904 401 1070 437 sonantis

1270 418 1317 433 200

111 457 282 496 Adcestis
301 460 498 509 scopulos;
520 473 586 498 vos
607 468 645 497 et
663 460 845 511 Cyclopia
864 473 955 497 saxa

107 608 207 647 ν’ἡιῡν,
238 611 270 640 id
293 618 329 641 ut
352 618 462 652 poeta,
496 619 527 642 et
551 614 683 643 Homeri

106 658 300 694 imitatione,
329 657 425 688 facit:
450 658 566 699 Odyss.
592 670 610 689 ι.
635 677 682 682 —-

110 703 197 733 Vina
223 715 357 734 onerare
385 704 474 734 cadis
499 706 588 745 quasi
619 715 679 744 pro

106 760 202 780 onere
224 750 358 787 inferre,
379 750 550 780 infundere
575 750 677 788 cadis,

103 806 163 837 pro
190 796 313 837 vulgari
343 796 441 825 cados
469 807 604 826 onerare
626 797 678 827 vi-

103 842 162 873 nis.
191 860 238 865 ——
267 842 342 882 196.
382 842 520 872 Tenario
554 843 678 874 Zulich.

100 888 166 919 sed.
181 900 208 919 c.
224 899 381 930 superscr.
399 888 597 919 Abeuntibus
615 890 680 920 illis

100 936 204 976 Bigot.
220 935 409 965 abeuntibus
429 935 541 977 hospes
558 936 677 967 Medic.

101 983 196 1012 Pierii
222 993 290 1013 non
320 983 402 1013 malo
432 983 536 1024 lapsu.

150 1029 225 1069 198.
236 1029 337 1059 Enim
351 1029 439 1059 abest
453 1040 470 1059 a
485 1031 602 1060 Moret.
613 1041 675 1060 sec.

99 1076 214 1104 Sumus
235 1074 344 1117 ignari
352 1078 445 1106 Voss.
456 1077 571 1116 IVeque
587 1076 674 1106 enim

99 1121 302 1152 immemores
328 1133 434 1152 sumus
463 1122 582 1153 Medic.
606 1123 674 1153 Pie-

98 1169 150 1198 rii.
171 1185 221 1191 —
244 1169 306 1208 198
319 1191 328 1206 ‚
354 1179 429 1209 199.
454 1170 494 1198 In
509 1179 603 1209 prosa
618 1178 626 1199 ἰ
643 1172 672 1200 O

98 1214 195 1245 socii!
218 1215 292 1245 satis
305 1216 509 1252 meministis,
533 1226 590 1244 vos
605 1226 674 1256 gra-

97 1261 186 1290 viora
207 1260 257 1290 his
280 1271 353 1301 quae
373 1261 470 1292 modo
486 1262 610 1301 experti
624 1272 676 1291 sun

95 1316 166 1336 mus
175 1330 184 1344 ‚
198 1317 306 1347 passos
317 1317 399 1338 esse:
410 1318 499 1348 spem
514 1308 621 1347 itaque
631 1319 675 1338 re-

94 1353 194 1383 tinete
204 1376 213 1391 ‚
231 1353 379 1384 habitura
393 1365 459 1384 esse
470 1353 569 1383 finem
579 1355 674 1384 etiam

94 1398 163 1429 haec
178 1400 258 1430 mala
275 1401 442 1440 praeteritis
455 1401 586 1431 leviora.
597 1402 669 1430 Λη-

93 1452 125 1474 te
141 1446 250 1484 mala,
263 1443 305 1476 τὰ
320 1444 392 1489 πρὶν
406 1444 504 1477 mni.
519 1448 630 1478 Horat.
642 1449 668 1485 Ι,

95 1491 200 1524 Carm,
220 1503 235 1530 7
250 1515 259 1530 ‚
279 1494 320 1523 30
339 1495 366 1523 Ο
374 1493 480 1535 sbrces
489 1492 670 1544 pejoraque

87 1539 181 1578 passi
201 1540 329 1569 Blecum
352 1551 437 1580 saepe
463 1539 540 1570 viri.
566 1542 669 1570 Locus

92 1592 198 1616 autem
208 1596 389 1633 expressus
413 1597 454 1616 ex
481 1585 598 1627 Odyss.
623 1597 665 1629 μ,

94 1631 180 1668 208,
202 1635 229 1661 Ω
248 1630 316 1672 φίὶσ
321 1643 346 1670 ι,
364 1632 397 1662 οὐ
413 1642 500 1676 γαο
491 1630 542 1662 πώ
561 1643 591 1662 τι
610 1643 668 1662 κα-

91 1678 155 1706 κῶν
178 1673 353 1719 &Struma
373 1677 438 1720 ely-3
440 1688 468 1707 ν·
484 1678 530 1709 Οὐ
547 1676 585 1720 use
587 1690 601 1708 ν
625 1675 666 1712 δὴ

91 1719 164 1752 τάδε
179 1733 217 1752 υ.
218 1722 246 1759 ι
249 1733 279 1753 ον
296 1722 441 1754 ε”πικοικΰ
431 1722 480 1760 ’ν,
501 1722 521 1757 ἢ
538 1723 588 1754 ὅτε
604 1723 667 1755 Κύ-

90 1754 264 1832 κλωψᾝῐίιᾱ
269 1780 304 1799 ιε
297 1766 419 1803 'vivait
417 1770 630 1821 ’.γὶαφυρῷκε
635 1781 669 1800 2-

90 1817 199 1857 τερῇφι
213 1813 328 1856 βίπῳιι·
342 1807 498 1847 Amazoni.
514 1815 575 1845 ἐνθ;
578 1827 592 1844 ι
608 1818 667 1869 ευῖῇ

90 1858 146 1904 ip
149 1864 208 1903 τῇ,
233 1860 268 1901 βε
272 1864 329 1896 υὶῆ
347 1873 380 1892 τε
406 1860 466 1892 νόω
489 1855 665 1903 ‡3‚E21.32·3-

89 1917 137 1963 γε
117 1918 198 1938 tie-e·
219 1906 274 1938 *az-1
294 1919 335 1938 πο
339 1919 355 1938 υ
379 1897 478 1939 τῶνδε
499 1906 666 1950 uncte-'512

89 1951 155 1985 ἆιω.
170 1954 318 1985 Macrob.
332 1957 382 1993 V,
401 1957 462 1985 Sat.
486 1965 497 1984 1
509 1966 545 1992 1,
563 1956 667 1985 Maro-

87 2011 163 2032 nem
179 2002 214 2032 in
230 2001 278 2031 his
291 2001 536 2043 locupletiorem
551 2003 666 2031 Home-

88 2057 126 2078 ro
150 2049 319 2079 existimat.
343 2050 389 2078 At
410 2049 495 2078 inter
518 2050 665 2078 Serviaua

87 2094 205 2136 legitur
219 2105 229 2126 :
247 2097 341 2125 Totus
355 2094 406 2125 hic
423 2095 511 2125 Iocus
524 2094 565 2124 de
587 2096 664 2125 Nce-

89 2140 136 2170 vio
166 2141 244 2174 belli
266 2141 384 2172 Punici
409 2142 463 2173 lib.
489 2141 664 2171 translatus

89 2195 145 2218 est.
165 2188 289 2219 Scilicet
303 2189 330 2218 is
347 2190 414 2229 ipse
429 2190 608 2220 Homerum
621 2188 665 2219 la-

89 2235 156 2264 tine
167 2234 258 2276 loqui
276 2235 402 2266 fecerat.

785 624 862 643 200.
894 613 1067 651 Scylloeam
1089 613 1230 651 rabiem,
1260 625 1315 644 seu

735 661 888 699 quoniam
915 660 1000 699 Sylla
1027 660 1162 689 canibus
1191 661 1314 697 cincta,

735 705 798 735 vid.
819 715 889 744 sup.
918 705 957 734 ad
982 706 1048 735 Ecl.
1067 707 1133 743 VI,
1155 707 1215 743 75,
1235 718 1314 747 quo-

732 761 804 780 rum
823 750 926 780 rabies
946 752 1076 792 proprie
1098 751 1235 790 dicitur,
1258 764 1314 783 seu

733 797 938 838 simpliciter,
962 805 1118 838 quatenus
1135 798 1224 828 furor
1235 821 1243 835 ‚
1261 810 1313 829 sae-

732 844 827 881 vitia,
857 843 975 881 rabies,
1008 846 1088 874 mari
1115 848 1310 886 tempestati,

731 890 880 930 procellis
895 913 904 928 ‚
945 890 1108 922 tribuitur.
1151 893 1312 922 Sotzances

731 936 872 977 scopuli,
894 936 1048 967 fluctibus
1062 938 1174 975 allisis,
1193 946 1223 968 et
1238 942 1310 978 qui-

731 982 803 1012 dem
813 982 955 1023 penitus,
965 985 1001 1013 in
1011 984 1218 1014 interioribus
1232 985 1310 1015 adeo

730 1031 819 1070 rupis
843 1030 1017 1060 recessibus
1041 1038 1073 1060 et
1096 1032 1214 1069 antris,
1236 1040 1310 1061 sunt

727 1076 751 1105 ii
771 1077 852 1117 ipsi,
872 1076 989 1116 quihus
1011 1077 1115 1118 Scylla
1138 1077 1308 1108 insidebat.

731 1123 793 1152 Ter
808 1122 932 1162 scopuli
954 1123 1129 1152 clamorem
1153 1123 1240 1153 inter
1259 1135 1308 1153 ca-

726 1179 765 1198 va
786 1179 859 1198 saxa
880 1169 1016 1205 dedere,
1044 1170 1112 1206 111,
1143 1170 1220 1199 566.
1241 1172 1308 1200 Ac-

728 1214 862 1244 cessistis
877 1215 916 1244 ad
935 1226 987 1245 eos
999 1238 1007 1252 ‚
1026 1215 1200 1252 hactenus,
1221 1217 1308 1256 quod

725 1262 789 1299 jam
803 1261 920 1291 fretum
935 1261 1077 1291 Siculum
1091 1262 1225 1302 ingressi
1240 1272 1307 1292 non

726 1307 821 1349 longe
837 1308 876 1337 ab
894 1309 932 1337 iis
949 1307 1098 1344 aberant,
1122 1318 1223 1347 quum
1242 1308 1308 1338 dati

727 1354 766 1383 ab
782 1355 906 1384 Heleno
923 1353 1044 1384 oraculi
1066 1364 1223 1384 memores
1245 1361 1305 1384 sta-

726 1402 785 1430 tim
811 1401 850 1430 ad
875 1401 987 1430 laevam
1014 1407 1210 1430 convertunt
1233 1411 1305 1430 cur-

723 1458 804 1478 sum.
816 1458 848 1478 v.
865 1447 950 1477 infra
965 1448 1032 1483 ΠΙ,
1055 1447 1141 1483 555,
1161 1447 1196 1484 8,
1217 1447 1304 1485 566,

726 1504 756 1532 7.
785 1493 939 1533 Cyclopia
959 1503 1064 1530 saxa,
1086 1493 1163 1522 litus
1186 1493 1304 1534 Cyclo-

721 1551 800 1580 pum
826 1550 975 1570 saxosum
1000 1541 1036 1568 in
1060 1539 1185 1576 Sicilia,
1211 1541 1303 1578 cujus

720 1586 768 1615 illi
783 1597 878 1627 rupes
899 1593 930 1616 et
951 1592 1040 1615 antra
1057 1585 1244 1615 incolebant
1267 1587 1302 1616 in

721 1635 824 1663 AEtnae
836 1633 953 1662 vicinia
964 1655 973 1669 ‚
986 1633 1022 1662 in
1036 1631 1184 1662 orientali
1195 1631 1299 1662 litore.

720 1689 751 1708 v.
767 1679 826 1709 inf.
844 1680 913 1716 ΙΙΙ,
933 1679 999 1718 569
1012 1701 1020 1716 ,
1038 1679 1105 1714 644
1117 1701 1125 1713 ,
1146 1678 1224 1716 675.
1240 1681 1302 1708 Ac-

722 1733 878 1755 cesserant
894 1725 1042 1766 (doctins
1056 1725 1139 1754 dixit
1149 1746 1157 1760 ‚
1176 1725 1304 1763 experti

721 1771 846 1811 erant),
859 1771 978 1801 scilicet
1000 1777 1031 1800 et
1046 1771 1087 1800 ad
1100 1769 1162 1799 hoc
1177 1769 1253 1799 litus
1270 1777 1302 1800 et

720 1817 754 1845 in
768 1824 865 1856 portu
879 1816 1103 1852 ascenderant,
1126 1815 1182 1845 sed
1200 1815 1240 1844 ab
1260 1818 1301 1846 A-

720 1861 914 1892 chaemenide
937 1863 1052 1892 moniti
1079 1862 1216 1903 fugiunt.
1244 1863 1300 1892 Est

720 1908 850 1948 quidem
863 1910 898 1939 in
919 1909 1077 1940 Servianis
1092 1907 1186 1938 docta
1198 1915 1275 1938 nota
1289 1919 1298 1939 z

723 1954 862 1995 Quidam
883 1963 992 1985 tamen
1015 1954 1084 1984 lzaec
1107 1965 1193 1984 saxa
1215 1954 1301 1984 inter

722 2001 884 2031 catanam
918 2009 950 2031 ec
982 2001 1232 2031 Tauromenium
1263 2001 1297 2032 in

719 2048 849 2078 modum
881 2055 1038 2078 metarum
1063 2047 1126 2078 situ
1153 2048 1300 2078 naturali

718 2094 829 2125 dicunt
853 2106 935 2132 esse,
958 2105 1031 2135 quae
1057 2094 1218 2136 Cyclopea
1236 2105 1295 2135 ap—

713 2142 901 2182 pellantur,
942 2151 1074 2182 quorum
1101 2141 1244 2172 medium
1266 2149 1299 2171 ee

719 2188 1006 2219 eminentissimum
1030 2187 1141 2218 Galate
1167 2187 1293 2218 dicitur.

719 2234 780 2266 Sed
795 2243 870 2266 sunt
881 2235 950 2266 haec
965 2246 981 2265 a
995 2242 1088 2276 poeta
1101 2235 1202 2265 aliena
1212 2257 1220 2271 ‚
1238 2235 1294 2275 qui
