1402 2460
512 132 573 167 'AD
598 137 762 167 LIBRUM
787 137 811 166 Ι.
1200 136 1260 167 351

66 198 170 228 lorum
187 195 385 226 edendorum
400 202 525 237 tempus
540 206 548 226 z
562 195 600 226 de
615 196 732 237 quibus
747 206 835 226 nunc
855 206 921 226 uon
944 196 1046 237 agitur
1056 217 1064 232 ,
1093 202 1123 225 et
1139 196 1266 236 copiose

66 259 171 282 actum
187 252 226 281 ab
245 251 329 289 aliis,
354 252 438 291 inpr.
456 261 472 280 a
491 250 650 291 Spanhem
675 250 713 280 ad
737 251 859 282 Callim.
881 253 990 291 Itaque
1012 261 1072 281 nec
1094 252 1264 292 attingam,

67 318 138 348 quae
153 317 194 337 ex
209 306 257 336 his
273 307 349 347 ipsis
366 306 500 336 deorum
520 306 771 347 apparitionibus
788 305 825 336 ad
842 308 953 336 Manes
977 313 1030 336 aut
1051 306 1186 336 Umbras
1210 317 1267 347 per

65 371 213 391 somnum
227 361 348 391 oblatas
364 361 511 391 translata
526 367 621 399 sunt3
641 367 678 390 ut
690 360 729 391 de
744 362 859 391 Creusa
874 363 944 391 AEn.
963 362 993 390 II
1005 384 1013 398 ,
1034 361 1098 398 773
1115 370 1123 391 :
1139 359 1266 390 tandem

66 417 158 446 etiam
173 415 212 445 ad
225 415 370 446 homines
387 415 542 446 divinitus
562 414 700 453 afflatos;
721 422 757 445 ut
773 415 812 445 de
827 415 947 456 Sibylla
961 418 1006 446 VI
1017 439 1025 453 ,
1048 421 1090 456 49
1102 438 1110 453 ‚
1133 416 1187 446 50.
1204 416 1267 445 Ve-

64 481 135 499 rum
157 476 193 499 ut
218 470 257 500 ad
276 470 368 499 illum
388 470 521 500 deorum
538 476 743 510 conspectum
760 469 944 506 redeamus,
964 480 1028 510 quo
1040 493 1048 507 ,
1076 470 1201 509 quoties
1216 479 1269 499 eo-

63 533 135 555 rum
152 526 329 555 ministerio
342 532 435 566 poeta
451 526 571 562 utitur,
589 524 634 554 illi
650 525 810 565 prodeunt
826 535 832 554 ε
848 526 873 555 si
889 526 1055 555 manifesto
1071 526 1203 555 numine
1217 535 1267 555 oc-

65 586 219 616 currunt,
235 578 306 609 fieri
321 579 353 609 id
373 579 436 609 fere
453 579 686 609 animadvertas
701 580 753 609 vel
775 590 913 609 occursu
930 579 1057 609 alterius
1072 578 1141 615 dei,
1160 579 1212 608 vel
1231 584 1267 608 ut

62 631 131 662 filio
144 656 152 669 ,
168 634 297 670 marito,
326 640 379 663 aut
395 640 498 663 amato
511 644 527 662 a
545 644 576 663 se
598 633 741 672 homini,
768 636 802 664 in
826 641 1033 675 conspectum
1053 634 1195 664 veniant.
1216 635 1267 663 Sic

63 688 146 717 iuter
164 698 286 728 pugnas
301 687 346 717 dii
363 687 423 717 sibi
437 695 605 718 occursant
622 690 656 718 iu
671 688 780 727 Iliade,
796 690 840 719 sic
855 689 971 721 Achilli
980 689 1100 726 Thetis,
1117 696 1147 719 et
1161 691 1268 719 AEneae

64 751 97 771 se
115 748 215 771 mater
230 743 342 771 Venus
354 759 402 766 -—
417 753 482 772 non
497 749 575 772 ante
590 742 688 772 oculis
703 751 771 773 tam
785 744 877 773 clara
887 767 896 779 ,
922 743 1104 773 videndam
1125 742 1264 779 Obtulit,

63 803 96 826 ee
106 806 190 836 pura
199 807 263 837 per
275 804 398 826 noctem
420 796 452 826 in
470 797 540 827 luce
555 796 890 839 refidsic—-confi’ssa
904 797 999 827 deam
1011 821 1019 833 ,
1034 797 1202 838 qualisque
1217 795 1268 827 vi-

62 849 133 879 deti
147 850 320 887 Coelt'colis‚
341 858 373 880 ec
387 858 529 892 quanta,
552 851 648 887 solet,
673 851 730 881 lib.
749 853 799 888 ΙΙ,
825 852 901 890 591.
918 853 1061 880 Veniunt
1078 862 1207 891 quoque
1224 851 1269 881 dii

62 904 97 932 in
116 912 324 945 conspectum
343 906 439 935 unius
461 911 585 934 tantum
596 928 604 942 ,
629 906 688 934 etsi
708 906 743 934 in
760 915 873 946 magna
885 905 1056 935 hominum
1072 905 1248 945 frequentia
1259 928 1268 943 ,

63 958 106 986 ita
126 965 162 987 ut
177 959 274 988 ceteri
290 969 399 989 omnes
418 969 458 988 ne
476 969 604 988 sensum
619 958 749 999 quidem
766 960 910 989 numinis
924 960 1089 999 praesentis
1102 958 1240 989 habeant
1260 970 1268 990 ;

64 1013 108 1042 sic
121 1013 179 1042 uni
195 1013 304 1054 Ulyssi
319 1015 450 1054 ejusque
464 1014 596 1044 canibus
610 1014 775 1044 manifesta
787 1013 825 1044 fit
838 1015 984 1045 Minerva
998 1013 1113 1054 Odyss.
1124 1025 1149 1043 π
1161 1037 1169 1051 ,
1191 1015 1266 1045 160.

64 1068 116 1098 Sic
132 1067 191 1098 soli
205 1068 298 1098 Peleo
313 1068 421 1098 Thetis
437 1079 487 1108 ap.
501 1069 655 1109 Apollon.
671 1071 718 1098 IV
728 1092 737 1106 ,
765 1070 831 1104 854
847 1080 915 1109 sqq.
934 1075 965 1098 et
983 1063 1104 1098 Achilli
1115 1070 1150 1097 in
1166 1069 1269 1100 media

64 1122 263 1153 Achivorum
274 1124 445 1161 concione,
456 1123 511 1152 sed
523 1123 593 1160 soli,
604 1125 802 1164 conspicitur
813 1125 971 1160 Minerva,
983 1125 1152 1163 statimque
1161 1134 1270 1164 agnos-

65 1179 167 1214 citur,
184 1174 274 1207 δεινὼ
291 1174 328 1207 δέ
345 1175 371 1207 οἱ
387 1177 456 1208 ἕσσε
472 1176 605 1219 φάανθεν
616 1201 624 1215 ,
640 1178 678 1208 Il.
702 1188 742 1215 α,
763 1188 826 1208 200
839 1179 895 1215 311.
910 1189 923 1220 ρ
937 1200 945 1215 ,
964 1179 1029 1213 334
1043 1180 1155 1208 J'Eneas
1169 1178 1268 1219 Apol-

63 1233 162 1263 linem
179 1232 258 1278 ἔγνω
274 1231 388 1263 ἐσάντα
405 1229 490 1263 ίδων.
508 1233 657 1263 Ceterum
671 1242 712 1261 ex
726 1232 799 1261 loco
813 1231 875 1260 hoc
892 1231 1086 1262 Heliodorus
1112 1233 1194 1263 illud
1212 1233 1267 1263 du-

64 1289 146 1317 xisse
157 1287 283 1317 videtur
293 1309 301 1324 ,
313 1287 401 1327 quod
419 1298 460 1317 ex
470 1285 539 1316 fixo
554 1293 585 1315 et
604 1286 762 1315 constanti
777 1285 895 1315 obtutu
914 1286 1008 1315 deum
1022 1287 1157 1328 intelligi
1173 1287 1265 1318 dixit.

66 1342 192 1381 Species
207 1348 312 1371 autem
334 1341 443 1370 divina
460 1340 556 1370 modo
578 1340 617 1369 ab
640 1346 756 1369 aeterna
774 1339 905 1370 deorum
926 1342 1114 1379 juventute,
1141 1351 1176 1370 ac
1193 1341 1266 1381 pul-

64 1395 245 1426 chritudiue
255 1419 264 1433 ‚
278 1395 375 1426 modo
390 1405 465 1425 cum
481 1394 642 1424 attributis
658 1405 698 1424 ex
713 1400 881 1434 poetarum
896 1401 927 1424 et
942 1393 1102 1424 artificum
1120 1394 1266 1425 doctrina

64 1457 96 1480 et
114 1461 174 1481 usu
185 1474 194 1489 ,
212 1451 399 1482 declaratur.

111 1507 233 1536 Verum
245 1506 496 1546 frequentissima
509 1507 590 1536 ratio
606 1516 640 1536 ea
657 1514 703 1537 est
714 1530 721 1544 ,
737 1513 774 1537 ut
787 1506 827 1536 ad
839 1517 911 1536 eum
923 1531 931 1545 ,
955 1518 1051 1548 quem
1066 1509 1182 1538 volunt
1192 1530 1200 1545 ‚
1217 1518 1266 1538 ac-

64 1559 189 1597 cedant,
203 1570 340 1600 eumque
354 1560 576 1600 alloquantur,
593 1560 735 1590 humana
744 1560 859 1602 forma
875 1561 995 1598 induci,
1008 1563 1078 1591 noti
1092 1562 1156 1592 fere
1172 1562 1267 1592 alicu-

62 1617 114 1654 jus
127 1621 158 1643 et
174 1613 353 1651 familiaris,
381 1615 490 1654 sicque
508 1615 537 1644 ei
551 1614 667 1644 ludum
681 1615 816 1653 faciant,
836 1622 872 1644 ut
894 1626 966 1645 cum
982 1615 1109 1645 mortali
1125 1627 1157 1645 se
1176 1625 1267 1656 agere

64 1669 117 1699 ille
138 1675 249 1710 putet3
269 1675 401 1708 tumque
414 1668 459 1698 dii
472 1670 661 1708 consequuti
673 1668 707 1698 id
717 1691 726 1706 ‚
745 1668 834 1709 quod
850 1669 1002 1698 volebant
1012 1692 1020 1706 ‚
1037 1669 1201 1699 interdum
1215 1669 1268 1700 ab·

64 1730 162 1760 eunt,
177 1730 213 1753 ut
228 1734 286 1753 nec
299 1729 511 1765 agnoscantur
525 1733 533 1753 ε
547 1734 581 1767 V.
593 1733 620 1753 c.
636 1722 726 1753 Iliad.
739 1733 753 1765 ρ
766 1746 774 1760 ,
791 1734 853 1761 703
869 1724 908 1754 cf.
921 1733 954 1764 φ,
974 1716 1039 1754 ὲ85
1056 1735 1124 1764 sqq.
1141 1736 1162 1764 χ
1173 1748 1182 1762 ,
1200 1725 1266 1755 226

65 1790 132 1821 sqq.
153 1781 204 1809 Sic
219 1779 312 1808 etiam
328 1778 523 1808 inobservati
539 1777 708 1807 discedunt
719 1800 727 1815 ,
744 1779 800 1818 qui
813 1788 871 1818 per
885 1789 1033 1808 somnum
1054 1790 1086 1808 se
1104 1779 1248 1809 offerunt
1258 1804 1268 1819 .-

65 1840 103 1863 ut
118 1835 263 1863 Minerva
278 1832 339 1863 Od.
355 1831 390 1869 ζ,
411 1838 450 1869 41
470 1843 538 1873 sqq.
555 1828 594 1869 ὃ,
618 1833 682 1872 795
699 1843 766 1873 sqq.
786 1839 818 1862 et
837 1843 911 1862 cum
926 1832 1034 1874 Tiphy
1046 1833 1101 1863 illa
1116 1844 1173 1874 per
1185 1844 1268 1864 som-

66 1898 144 1918 num
161 1887 262 1917 adstat
277 1886 379 1927 Orph.
394 1888 471 1928 Arg.
494 1886 572 1924 538,
593 1887 669 1922 554.
693 1886 858 1917 Interdum
870 1910 878 1924 ,
894 1894 931 1916 ut
947 1898 1068 1917 numen
1086 1899 1181 1918 suum
1194 1900 1269 1929 pro—

22 1932 25 1934 *
65 1941 142 1971 dant
152 1964 160 1978 ,
177 1940 278 1971 forma
291 1940 428 1971 humana
444 1940 602 1981 deposita,
619 1941 728 1971 divina
743 1941 909 1982 conspicui
924 1940 1018 1972 fiunt.
1045 1943 1095 1973 Sic
1110 1943 1222 1972 Venus
1234 1944 1268 1972 in

64 1994 215 2026 Anchisae
228 1995 427 2036 amplexibus
444 2006 452 2026 :
468 1997 589 2036 Hymn.
607 1997 642 2025 in
656 1997 740 2026 Ven.
771 1997 831 2025 181
850 2006 918 2036 sqq.
942 1997 1016 2034 175.
1035 1997 1076 2027 cf.
1100 1999 1208 2028 Burm.
1229 1997 1268 2028 ad

66 2042 200 2081 Anthol.
219 2052 286 2080 Lat.
305 2051 364 2087 IV,
392 2051 430 2080 13
443 2073 452 2087 ,
474 2061 525 2080 12.
539 2052 572 2080 Si
593 2051 665 2080 irati
689 2057 763 2080 suut
781 2050 920 2092 majores
943 2051 1143 2093 majoresque
1158 2051 1243 2082 fiunt
1259 2063 1267 2082 :

67 2104 190 2135 Gallim.
201 2105 236 2133 in
250 2105 320 2135 Cer.
339 2104 381 2144 59
394 2115 402 2142 ;
415 2104 454 2135 cf.
471 2104 593 2135 Wessel
607 2104 646 2134 ad
659 2104 780 2135 Herod.
796 2106 877 2135 VIII
888 2128 896 2143 ,
915 2106 956 2136 38
974 2115 981 2136 :
1001 2114 1055 2136 aut
1066 2107 1150 2137 inter
1163 2106 1267 2138 dieen-

66 2158 143 2188 dum
162 2157 380 2199 agendumque
396 2158 498 2189 oculis
506 2181 516 2195 ‚
536 2169 615 2189 voce
626 2182 634 2196 ,
660 2166 729 2189 toto
745 2161 888 2200 corporis
900 2159 1013 2190 habitu
1025 2161 1153 2190 mortali
1166 2161 1269 2191 forma

66 2214 184 2252 majore
197 2212 340 2253 produnt
352 2225 402 2251 se,
428 2221 465 2244 ut
477 2215 610 2244 omnino
625 2214 742 2244 diviuae
761 2221 882 2244 naturae
900 2215 1056 2245 iudicium
1071 2216 1123 2245 vel
1137 2217 1269 2257 originis

67 2266 175 2297 habita
188 2272 234 2296 est
248 2268 312 2298 oris
326 2268 534 2308 corporisque
548 2268 691 2308 majestas
700 2291 710 2305 ,
723 2268 773 2298 vel
789 2268 1007 2309 pulchritudo.
1019 2271 1145 2310 Specto,
1159 2271 1202 2299 ait
1215 2270 1268 2299 ille

577 2358 594 2367 κ
