1402 2460
555 73 679 103 LIBER
706 72 748 102 ΙΙ.

1190 76 1252 112 145

57 134 317 186 Mygdonides.
339 133 415 170 Illis
432 131 480 169 ad
495 132 648 182 Trojam
666 131 764 168 forte
780 130 915 169 diebus

55 199 236 241 Venerat,
256 194 388 232 insano
403 191 622 231 Cassandrae
642 192 815 229 incensus
834 204 981 238 amore,

54 259 100 293 Et
119 269 233 305 gener
247 254 430 292 auxilium
446 253 595 291 Priamo
610 252 900 302 Phrygibusque
922 251 1076 290 ferebat.

52 314 204 360 Infelix,
224 314 290 364 qui
306 326 381 350 non
398 325 544 363 sponsae
567 321 758 363 praecepta
776 312 935 349 furentis

55 374 230 411 Audierit
246 377 254 410 l

1200 323 1251 352 345

52 435 158 479 Quos
176 433 243 471 ubi
265 433 456 471 confertos
477 432 617 470 audere
633 433 671 470 in
687 432 817 482 praelia
832 431 911 468 vidi
924 460 936 478 ,

50 494 196 544 Incipio
216 507 330 544 super
345 493 427 531 his:
450 496 659 540 «Juvenes‚
681 492 884 529 fortissima
900 492 1039 530 frustra

50 556 226 600 Pectora,
242 554 272 591 si
288 553 398 591 vobis
415 553 616 590 audentem
635 561 804 590 extrema
822 552 963 602 cupido

48 617 160 652 Certa
175 615 281 665 sequi
298 643 307 661 ‚
324 628 408 664 quae
427 615 475 652 sit
497 614 610 651 rebus
628 614 780 650 fortuna
795 613 942 650 videtis.

1197 623 1245 648 350

50 677 253 712 Excessere
273 687 418 721 omnes,
435 674 556 724 adytis
573 674 724 723 arisque
741 672 899 718 relictis,

48 734 113 779 Di,
133 734 270 784 quibus
290 735 491 784 imperium
507 733 580 771 hoc
600 740 772 778 steterat3
789 731 1008 769 succurritis
1024 731 1113 769 urbi

47 797 212 831 Incensae
229 809 239 841 ;
262 795 488 841 moriamur,
509 802 545 830 et
561 793 599 830 in
615 792 740 830 media
755 804 860 829 arma
878 805 1043 829 ruamus.

46 952 144 983 rebus.
158 969 204 975 -—
222 952 299 987 342.
324 951 500 981 ,Mirdoneis
516 951 614 982 Goth.

46 1006 117 1029 tert.
142 1000 175 1028 in
200 999 307 1029 litura.
328 1000 383 1028 Est
403 994 615 1042 Μυγδενίδης.

46 1045 117 1075 Illis
129 1044 186 1086 qui
197 1052 268 1075 ante
285 1046 407 1081 Heius„
424 1047 481 1085 qm·
496 1044 614 1076 Medic.

46 1098 77 1121 et
92 1099 207 1122 vetust.
223 1091 303 1122 libb.
319 1090 413 1131 (adde
423 1091 525 1131 δεῖν.)
541 1102 616 1121 auc-

46 1139 172 1168 toritate
189 1138 246 1178 qui
259 1137 404 1175 sustulit3
420 1144 455 1167 ut
470 1138 535 1176 jam
549 1139 617 1168 Pie-

43 1186 108 1214 rius
132 1195 148 1214 e
171 1186 235 1214 suis
258 1184 347 1213 libris
368 1191 479 1214 auctor
502 1184 614 1215 fuerat.

43 1230 158 1261 Suadet
170 1230 255 1260 idem
268 1230 386 1270 poetici
399 1230 554 1259 sermonis
566 1240 616 1271 ge-

43 1278 125 1308 nius.
147 1276 230 1307 conf.
251 1287 319 1316 sup.
337 1278 370 1313 Ι,
395 1276 472 1313 378.
490 1275 546 1305 Illi
559 1275 616 1316 qui

45 1323 174 1364 Trojam
191 1322 330 1354 Parrhas.
346 1339 393 1344 ——
410 1322 486 1358 344.
508 1321 616 1352 Gener

43 1377 147 1400 autem
174 1369 207 1401 h.
230 1369 252 1399 l.
277 1379 342 1410 spe.
361 1385 408 1391 —-
423 1368 501 1404 345.
524 1370 612 1398 Proe-

41 1424 133 1456 cepta
154 1415 187 1447 h.
211 1415 233 1446 l.
258 1422 334 1445 sunt
353 1416 474 1445 mom'ta
492 1416 573 1444 vatis
596 1425 614 1445 a

41 1462 102 1493 deo
115 1469 210 1500 actae3
226 1462 293 1492 scil.
304 1472 344 1492 ne
359 1462 525 1492 communi
537 1463 614 1492 Tro·

38 1510 187 1548 janorum
203 1508 285 1539 cladi
297 1510 363 1550 ipse
378 1515 530 1549 tanquam
541 1518 614 1549 pars

41 1556 221 1593 accederet,
243 1566 302 1586 nec
319 1566 390 1585 suas
406 1556 533 1596 nuptias
544 1565 612 1595 spe-

40 1610 134 1633 raret.
136 1601 276 1646 Infilix
295 1603 452 1639 suaviter,
476 1608 513 1631 ut
527 1611 610 1642 saepe

40 1639 143 1688 poetae'
165 1659 222 1689 per
244 1648 463 1688 epiphonema.
486 1649 538 1678 Sic
560 1645 610 1680 ντ’.-

39 1704 108 1729 πιο,
96 1705 127 1730 ς,
152 1701 188 1724 ut
203 1695 304 1724 statim
322 1694 410 1725 Iliad.
433 1692 473 1732 β,
502 1694 556 1725 38.
563 1712 610 1717 —

41 1741 119 1777 346.
133 1740 283 1770 Audierit
295 1741 484 1770 concinnius
499 1741 608 1771 Heius·

38 1799 56 1818 e
72 1787 187 1819 Medic.
199 1793 230 1816 et
242 1786 443 1823 melioribus;
459 1785 538 1816 adde
551 1787 610 1817 Co-

38 1834 96 1865 lot.
115 1834 233 1864 Ursini.
253 1833 349 1873 Vulg.
365 1832 524 1863 audierat.
543 1833 608 1862 Etsi

38 1881 108 1911 aliis
119 1881 154 1910 in
169 1880 248 1910 locis
261 1880 457 1909 contrarium
469 1889 606 1919 sequun-

39 1934 93 1958 tur
114 1926 216 1957 critici
243 1933 273 1956 et
302 1926 510 1956 indicativum
540 1926 617 1955 vin-2

38 1973 146 2004 dioent
172 1979 274 2014 poetae
291 1995 299 2009 ‚
333 1973 391 2003 ubi
421 1972 609 2012 exquisitior

40 2020 203 2052 Ciceronis
234 2021 336 2050 oratio
367 2018 609 2057 subjunctivum

39 2077 158 2107 ponere
181 2066 271 2096 solet.
293 2068 372 2097 Tam
395 2067 517 2096 incerta
536 2070 610 2094 sunt

38 2112 176 2154 plurima
192 2113 228 2143 in
239 2112 414 2143 verborum
428 2112 547 2142 critica.

77 2159 153 2195 348.
163 2160 243 2200 Quae
251 2166 442 2199 sequuntur,
451 2156 611 2197 meojudi-

38 2206 89 2236 cio
102 2212 156 2236 aut
167 2206 223 2243 sic,
233 2212 270 2235 ut
278 2205 349 2244 feci,
361 2212 437 2237 suut
445 2206 611 2246 interpun-

200 2259 251 2295 11.

669 950 780 993 guida,
797 957 832 981 nt
846 951 1041 992 parenthesis
1055 953 1138 982 intra
1150 952 1245 994 (quoe

669 998 713 1028 sit
724 1016 772 1021 —
786 998 964 1028 succurri’tzs
989 998 1059 1028 urbi
1075 1000 1242 1043 lncensae)

670 1046 891 1082 contineatur3
904 1051 940 1074 ut
949 1045 1006 1075 sit:
1020 1055 1046 1074 ει
1043 1045 1148 1076 'vobis
1158 1047 1242 1087 cupi-

670 1091 710 1120 do
725 1099 771 1120 est
782 1068 954 1120 audentem
973 1098 1119 1121 extrema
1139 1093 1237 1134 sequi,

670 1137 857 1173 moriamur;
869 1139 984 1167 caussis
992 1148 1007 1167 3
1015 1139 1176 1179 principio
1185 1146 1242 1170 sta-

670 1185 726 1213 tim
738 1207 746 1221 ‚
764 1190 800 1213 ut
818 1184 1006 1224 plerumque
1022 1182 1078 1221 fit,
1102 1195 1241 1217 comme-

668 1231 796 1259 moratis
807 1240 815 1267 3
833 1236 887 1259 aut
900 1231 945 1259 sic
958 1237 1032 1260 sunt
1045 1232 1241 1262 constituen-

668 1274 708 1304 da
738 1276 807 1305 sine
841 1275 1019 1316 parenthesi
1049 1286 1058 1307 ε
1085 1278 1237 1315 Juvenes,

656 1320 837 1363 fhrtissima
838 1321 965 1362 frustra
977 1324 1124 1359 Pectora,
1144 1324 1173 1353 si
1182 1335 1239 1354 vo—

666 1367 713 1397 bis
744 1368 915 1398 audentem
943 1375 1090 1398 extrema
1121 1370 1238 1410 cupido

669 1414 762 1444 Certa
785 1414 876 1455 sequi
904 1413 1013 1455 (agite
1027 1437 1036 1452 ,
1066 1416 1239 1456 sequimini

666 1471 735 1498 me;
767 1461 855 1501 quod
879 1461 1059 1491 membrum
1084 1464 1238 1494 orationis

666 1509 710 1537 ita
725 1508 831 1538 omitti
845 1518 927 1548 saepe
939 1507 1045 1538 videas
1058 1508 1070 1549 )
1082 1531 1091 1546 ,
1110 1520 1183 1549 quae
1197 1510 1238 1540 sie

666 1554 756 1584 rebus
758 1554 897 1596 fortuna
908 1577 916 1591 ‚
926 1554 1046 1584 videtis
1055 1566 1068 1591 ,-
1079 1556 1234 1586 Excesse-

662 1611 697 1631 re
710 1618 758 1625 —-
770 1601 834 1638 Di,
861 1601 970 1642 quibus
989 1601 1156 1642 imperium
1175 1602 1234 1632 lzoc

662 1655 815 1685 steterat;
842 1647 1021 1677 succurritis
1039 1647 1109 1678 urbi
1128 1648 1235 1679 incen-

662 1704 716 1725 soe.
732 1694 912 1724 Bloriamur
925 1702 957 1724 et
968 1693 1002 1723 in
1017 1693 1124 1723 media
1140 1705 1235 1724 arma

661 1750 801 1770 ruamus.
819 1743 858 1770 In
870 1740 994 1782 vulgari
1006 1741 1129 1771 ratione
1142 1747 1173 1771 et
1186 1742 1235 1771 in-

662 1788 883 1826 terpunctione
894 1809 903 1824 ,
936 1796 1007 1826 quae
1035 1786 1103 1816 haec
1128 1793 1194 1817 erat
1222 1797 1233 1819 :

661 1842 733 1872 quae
751 1832 793 1862 sit
811 1832 902 1862 rebus
909 1831 943 1873 f
961 1843 996 1862 v.
1014 1849 1060 1854 -—
1080 1832 1143 1870 Di,
1163 1832 1232 1874 qui-

661 1877 717 1907 bus
744 1878 909 1919 imperium
939 1877 998 1908 lzoc
1025 1885 1181 1916 steterat;
1197 1880 1232 1910 in

660 1923 732 1962 hac,
745 1926 887 1965 inquam,
898 1924 1075 1955 succurritis
1084 1925 1166 1956 nihil
1177 1925 1232 1956 ha—

660 1971 716 2001 bet
746 1973 878 2012 quicum
910 1971 1076 2002 commode
1101 1971 1231 2014 copule-

662 2024 726 2050 tur.
742 2019 869 2049 Servius
886 2017 1015 2059 quidem
1022 2018 1150 2060 frustra
1165 2029 1233 2049 sue-

663 2065 787 2095 curritis
808 2065 913 2106 jungit
935 2064 1133 2106 parenthesi,
1149 2065 1230 2095 inci-

663 2111 778 2153 pienda
787 2122 804 2141 a
817 2111 845 2141 si
853 2111 955 2142 vobis.
968 2110 1029 2142 Sed
1042 2112 1188 2142 intricate
1201 2118 1233 2142 et

664 2165 809 2189 contorte
827 2159 933 2188 omnia
946 2167 954 2188 :
961 2157 1141 2199 fortissima
1148 2157 1233 2201 srus·

663 2214 713 2236 tra
729 2204 899 2248 separanda
914 2215 980 2235 non
995 2212 1081 2236 sunt.

998 2270 1040 2306 13
