1423 2517
605 160 726 192 LIBER
750 161 776 191 I.
1254 175 1287 202 ιζ’

90 218 219 256 Omnis
240 227 281 254 ut
303 226 444 263 tecum,
463 216 604 253 meritis
626 229 696 266 pro
718 216 875 264 talibus,
894 230 1009 256 annos

87 280 240 328 Exigat‚
256 287 292 315 et
308 277 466 328 pulchra
487 277 598 314 saciat
619 286 653 314 te
675 278 780 327 prole
799 288 1004 326 parentem.
1028 297 1041 311 υ
1258 290 1288 322 75

139 340 269 376 AEolus
289 338 369 375 haec
386 347 517 374 contra
534 352 542 374 :
566 356 581 372 «
601 341 724 386 Tuus,
747 352 770 375 ο
787 339 934 388 regina,
952 340 1044 389 quid
1063 350 1169 391 optes

88 399 295 449 Explorare
311 398 420 435 labor
439 411 446 432 :
464 398 558 435 mihi
573 399 676 448 jussa
691 412 888 448 capessere
906 400 959 437 sas
977 409 1043 437 est.

87 463 146 498 Tu
162 460 272 506 mihi,
291 459 558 509 quodcumque
579 459 651 495 hoc
668 460 792 508 regni,
813 468 852 497 tu
868 470 1016 510 sceptra
1035 465 1244 511 ,lovemque

88 519 290 567 Concilias;
308 528 349 556 tu
366 519 431 556 das
449 519 568 568 epulis
586 518 814 556 adcumberc
832 520 979 567 divom,

87 578 390 627 Nimborumque
408 579 497 615 sacis
517 588 857 628 tempestatumque
877 589 1078 629 potentem.
1100 598 1114 612 υ
1257 590 1289 613 so

141 642 231 676 Haec
247 638 313 675 ubi
333 638 449 684 dicta,
471 651 605 674 cavum
626 651 807 675 conversa
827 639 982 688 cuspide
1002 648 1166 676 montem

89 699 242 748 Impulit
263 699 300 734 in
321 699 434 744 latus;
457 711 498 734 ac
515 698 636 742 venti,
657 698 760 733 velut
777 698 925 746 agmine
943 699 1061 743 [εις-[0,

89 761 174 804 Qua
191 758 277 794 data
293 765 420 806 porta,
439 765 570 802 ruunt,
592 765 628 792 et
648 765 766 793 terras
787 755 938 793 turbine
956 757 1127 807 perflant.

86 896 198 927 ncndis
211 897 248 926 iis
263 906 334 937 quae
349 897 414 926 vim
433 894 472 925 ad
489 895 571 925 AEoh·
593 896 658 925 ani-

85 954 173 973 mum
185 943 300 972 habere
316 944 448 983 possint.
461 959 508 964 ——-
519 953 534 980 7
543 948 572 977 4.
586 943 658 971 Om-

86 1000 142 1019 nes
171 997 206 1019 uc
225 997 337 1019 tecum.
355 980 396 1024 ἧς
433 987 496 1018 αι’ὲν
535 985 656 1019 ἐέλδεαι

85 1034 194 1078 ἤματα
220 1034 337 1066 πάντα..
362 1053 408 1059 —-
421 1036 473 1073 75.
496 1035 611 1066 Faciat
627 1043 657 1065 te

79 1082 173 1122 prole
186 1083 312 1112 beatum
327 1083 430 1124 Bigot.
441 1099 487 1104 —
499 1082 550 1120 76.
566 1082 661 1121 Quod

85 1136 175 1168 optas
206 1128 271 1158 duo
295 1130 410 1160 Hamb.
438 1136 469 1158 et
497 1128 546 1159 ed.
574 1129 656 1159 Veu.

90 1181 192 1213 14723
213 1182 249 1204 ut
264 1182 295 1204 et
309 1175 394 1206 alibi.

136 1232 188 1259 77.
210 1222 408 1261 Explorate,
428 1229 513 1252 recte
529 1232 659 1251 secusne

84 1267 117 1297 id
130 1266 196 1305 fiat,
208 1268 296 1308 quod
311 1269 388 1298 velis
401 1267 480 1298 fieri.
496 1268 528 1298 h.
546 1279 572 1298 e.
588 1278 656 1297 rec—

84 1321 155 1344 tene
170 1314 237 1344 haec
253 1325 293 1344 an
307 1325 396 1345 secus
410 1326 426 1344 a
440 1326 489 1344 me
505 1314 654 1355 postules,

84 1368 119 1391 tu
139 1362 207 1401 ipsa
218 1360 344 1392 videris.
360 1363 533 1392 Praemunit
550 1361 658 1390 transi-

83 1414 152 1436 tum
162 1407 201 1437 ad
209 1408 351 1448 Neptuni
359 1407 608 1448 indignationem
618 1407 657 1436 de

83 1453 166 1483 AEoli
190 1453 320 1483 audacia
346 1465 376 1484 v.
406 1456 468 1484 130
492 1465 560 1494 sqq.
577 1455 657 1484 Sim-

81 1499 196 1539 plicius
220 1502 378 1530 Homerus
400 1500 489 1531 Iliad.
506 1498 537 1536 ξ,
566 1500 651 1539 195:

81 1542 180 1576 Aaou·
196 1544 222 1582 ὅ,
237 1557 265 1576 τι
279 1545 411 1589 φρονέεις
425 1546 548 1577 τελέσαι
563 1542 599 1575 δέ
613 1555 652 1588 με

81 1591 171 1634 θυμὸς
196 1589 315 1636 ἄνωγεν
346 1596 456 1623 Venus
478 1592 517 1622 ad
550 1594 570 1622 J
573 1602 653 1621 uno-

82 1649 170 1675 nem;
183 1650 278 1679 quem
294 1650 374 1670 vers,
390 1646 421 1669 et
434 1639 508 1669 alibi
523 1639 652 1679 repetit,

81 1691 117 1714 ut
130 1684 193 1715 Od.
210 1695 239 1722 ε,
256 1685 310 1724 89.
329 1703 375 1708 -—-
387 1687 439 1724 78.
454 1685 560 1716 Verba
571 1685 654 1714 hanc

81 1732 267 1760 sententiam
289 1731 452 1762 fundunt:
471 1733 531 1761 tuis
549 1732 583 1760 in
604 1742 654 1760 me

81 1775 196 1806 officiis
212 1776 313 1806 debeo
342 1784 444 1806 totum
461 1777 524 1807 hoc
545 1784 654 1807 vento-

81 1833 151 1852 rum
168 1833 319 1863 regnum,
337 1823 425 1863 quod
446 1823 523 1853 mihi
539 1834 556 1852 a
574 1824 656 1853 Jove

80 1870 272 1910 impetrasti,
294 1871 374 1909 quin
393 1876 423 1898 et
447 1871 552 1909 ipsum
574 1870 656 1898 inter

80 1915 214 1946 deorum
236 1916 364 1946 ordines
383 1916 509 1952 locum;
525 1917 551 1945 is
571 1916 656 1944 enim

81 1962 262 2004 designatur
280 1963 409 2002 antiqua
433 1963 521 2002 poesi
542 1972 598 2001 per
615 1962 655 1990 is-

81 2008 138 2038 tud
152 2019 164 2051 ;’
177 2008 289 2049 Epulis
305 2009 490 2038 accumbere
516 2008 629 2037 Divum
641 2019 654 2043 ;

81 2061 116 2084 nt
130 2055 168 2085 de
181 2057 300 2086 Somno
312 2056 442 2085 Homer.
459 2055 480 2085 l.
498 2055 519 2084 l.
535 2065 565 2084 v,
588 2060 649 2089 241

82 2099 296 2137 εἰλαπινάζων.
328 2101 555 2132 obscuriorem
597 2101 652 2130 ali-

80 2158 176 2187 quam
198 2148 337 2178 fabulam
349 2170 356 2184 ‚
373 2158 469 2187 quam
494 2148 654 2187 antiquior

79 2201 171 2234 poeta
202 2194 289 2224 haud
318 2194 447 2224 indocte
478 2195 653 2230 invenerat,

81 2241 207 2271 subesse
225 2251 350 2270 necesse
375 2247 442 2270 est:
462 2240 580 2270 scilicet
603 2251 655 2269 an-

82 2287 233 2327 tiquiores
243 2295 344 2328 poetae
354 2288 409 2329 qui
419 2297 537 2325 aerem,
555 2294 653 2317 atmo-

711 895 864 936 sphaeram
877 906 936 926 nos
952 895 1098 934 dicimus,
1115 908 1172 937 per
1188 899 1208 928 J
1211 908 1286 928 uno-

711 953 784 972 uem
800 942 1000 972 declararunt
1010 966 1018 979 ‚
1034 944 1101 981 ejus
1128 943 1284 975 beneficio

711 989 837 1018 AEolum
851 989 944 1018 deum
958 989 1075 1018 factum
1086 1000 1225 1020 narrasse
1241 993 1287 1021 vi-

710 1034 827 1064 dentur
846 1045 853 1065 :
869 1035 1125 1076 quandoquidem
1145 1047 1197 1066 aer
1213 1047 1287 1067 eon-

712 1082 825 1110 citatus
844 1088 956 1111 ventos
973 1089 1066 1113 creat.
1080 1083 1218 1113 Certavit
1231 1094 1286 1113 au·

713 1134 776 1157 tem
798 1129 890 1158 Maro
910 1139 982 1157 cum
996 1130 1134 1159 Homero
1151 1129 1240 1160 Iliad.
1257 1127 1284 1167 ξ,

717 1174 780 1203 238
793 1197 800 1210 ,
819 1174 875 1204 ubi
897 1176 986 1205 Juno
1005 1177 1123 1205 Somno
1144 1173 1245 1217 θρόνον
1269 1188 1286 1205 a

712 1220 859 1250 Vulcano
901 1221 1019 1250 affabre
1064 1221 1286 1252 fabricandum

709 1268 877 1307 promittit.
894 1267 994 1297 Cerda
1015 1269 1057 1296 ita
1079 1268 1216 1298 illustrat
1227 1291 1235 1305 ,
1250 1275 1286 1298 ut

709 1320 829 1343 veteres
844 1313 928 1343 djeat
943 1313 1122 1350 credidisse,
1137 1315 1169 1343 in
1185 1316 1286 1345 Juno-

710 1361 759 1389 nis
772 1367 925 1400 potestate
940 1371 1034 1402 regna
1048 1367 1079 1389 et
1091 1360 1222 1401 imperia
1238 1372 1284 1390 es-

710 1417 759 1443 se3
773 1417 885 1446 parum
899 1407 1074 1437 commode.
1085 1425 1131 1430 —-
1143 1418 1195 1447 79.
1206 1410 1283 1437 Ver-

711 1454 750 1483 ba
764 1453 927 1489 concilias,
943 1453 1013 1489 das,
1030 1464 1089 1493 pro
1103 1454 1282 1494 praeteritis.

709 1499 887 1530 Conciliare
903 1500 942 1529 ad
966 1500 1058 1540 plura
1075 1499 1218 1531 refertur.
1231 1502 1283 1530 Jo-

706 1557 784 1581 vem,
802 1546 978 1586 propitium
991 1545 1170 1583 reddendo,
1188 1546 1283 1576 bene-

707 1592 878 1622 volentiam
892 1593 958 1631 ejus
971 1603 1168 1634 regnumque
1184 1593 1223 1622 ab
1242 1603 1280 1623 eo

706 1637 917 1678 impetrando.

757 1685 796 1714 81
816 1703 863 1709 --
883 1686 936 1716 83.
963 1687 1038 1715 Haec
1064 1685 1170 1715 eadem
1197 1685 1282 1726 apud

709 1732 867 1771 Quintum
882 1732 904 1762 l.
927 1732 949 1761 l.
972 1734 1063 1769 XIV,
1082 1743 1112 1762 v.
1129 1739 1194 1770 479
1211 1742 1280 1771 sqq,

709 1777 819 1807 AEolus
853 1774 955 1820 χερσὶν
986 1776 1040 1807 ὑπ’
1074 1775 1281 1819 ἀκαμάτοιο-ιν

710 1820 776 1864 ὅρος
793 1821 879 1866 μέγα.
895 1820 970 1863 τύψε
992 1821 1111 1864 τριαίνῃ
1122 1841 1168 1846 -——
1179 1821 1233 1865 βίᾳ
1250 1820 1280 1853 δ’

712 1866 816 1910 ἓρρηξε
841 1867 988 1901 κολώνην.
1011 1869 1107 1909 (Nou
1122 1870 1203 1899 male
1219 1871 1283 1910 epi-

710 1913 821 1944 theton
831 1915 942 1953 adjecit
951 1922 1059 1945 noster
1072 1927 1182 1945 cavum
1195 1926 1283 1946 mon-

710 1966 771 1990 tem
787 1984 794 1997 ‚
825 1969 954 2001 propter
976 1961 1135 2003 antrum.)
1160 1962 1198 1993 cf.
1217 1962 1279 1993 loc.

708 2007 778 2037 val.
799 2007 845 2037 Fl.
866 2009 900 2045 Ι,
916 2008 981 2037 603
1005 2019 1050 2049 sq.
1070 2010 1148 2038 Tum
1164 2008 1279 2038 valido

708 2061 886 2083 contortam
903 2053 1024 2084 turbine
1030 2062 1160 2095 portam
1176 2057 1282 2095 Impu-

708 2098 745 2129 lic
753 2099 951 2140 Hippotades
960 2106 1019 2132 ete.
1031 2102 1162 2142 Egregie
1175 2108 1281 2131 autem

707 2145 758 2175 dei
785 2153 815 2175 et
838 2148 980 2186 potentia
1009 2155 1039 2178 et
1065 2149 1281 2189 impetuosum

707 2192 895 2233 obsequium
913 2193 1107 2231 declaratur,
1129 2205 1196 2224 uno
1220 2194 1282 2223 sub

707 2240 774 2268 ictu
786 2246 893 2268 monte
908 2239 920 2280 (
931 2251 996 2270 non
1009 2248 1045 2270 ut
1058 2241 1134 2271 olim
1151 2241 1282 2280 accipie-

707 2285 779 2316 bam
791 2309 799 2324 ,
818 2287 853 2316 iu
879 2285 960 2317 latus
985 2286 1106 2318 dimoto
1118 2310 1126 2325 ‚
1146 2286 1280 2330 verum)

1111 2340 1152 2377 2*
