1433 2460
108 119 148 148 32
612 116 807 147 AENEIDos

106 175 291 226 Prospicit
307 174 486 221 erranti53
508 172 578 213 hos
599 183 677 213 tota
693 184 864 213 armenta
882 182 1095 224 sequuntur
1261 183 1307 209 18⁵

106 240 139 273 A
164 246 289 285 tergo,
308 244 344 271 et
361 235 514 285 longum
532 249 601 286 per
617 236 724 273 vallis
745 235 913 286 pascitur
933 247 1080 285 agmen.

107 297 279 334 Constitit
300 296 379 341 hic,
401 308 607 346 arcumque
625 310 739 334 manu
756 296 965 346 celerisque
986 297 1140 347 sagittas

107 358 324 408 Com-ipuit,
343 357 438 395 {idus
455 372 540 409 quae
557 360 629 396 tela
647 359 804 409 gerebat
823 357 1006 404 Achatcs;

107 421 371 467 Ducunt-sque
389 418 490 468 ipsos
507 420 691 468 primum,
713 419 837 468 capita
855 418 929 455 alta
946 417 1101 455 serentis

108 478 296 516 Cornibus
316 477 505 524 arboreis,
526 479 678 524 sternit3
701 487 780 514 tum
797 479 951 527 volgus,
969 487 1005 515 et
1023 491 1173 516 omnem
1267 495 1313 519 ¹90

107 539 242 576 Miscvt
261 551 374 588 agens
393 539 475 575 telis
491 551 648 575 nemora
666 538 764 575 inter
783 537 942 575 frondea
960 537 1131 585 turbam3

107 602 187 637 Nee
203 600 308 650 prius
325 599 490 646 absistit,
512 612 626 649 quam
647 609 791 650 septem
812 598 979 648 ingentia
1001 598 1125 635 victor

107 660 279 708 Corpora
297 660 427 696 fundat
449 659 576 706 humi,
593 668 629 696 ct
645 672 846 696 numerum
863 671 950 696 cum
965 658 1128 696 navibus
1143 667 1267 709 aequct
1284 673 1292 694 ι

110 720 207 757 Hinc
224 730 376 771 portum
394 721 507 771 petit,
524 729 559 757 et
576 720 699 757 socios
717 720 882 770 partitur
898 720 936 756 in
964 720 1098 757 omnis.

108 781 205 818 Vina
224 781 346 818 bouus
363 794 448 831 quae
468 781 605 819 deinde
626 781 730 818 cadis
750 790 928 818 onerarat
944 783 1099 818 Acestes
1272 789 1320 822 195

77 943 84 950 ¹
109 908 205 938 ralem
215 915 360 949 spectans
370 909 469 938 aliena
484 915 530 938 est
546 920 561 938 a
575 914 686 949 poeta;

109 961 155 984 est
175 965 304 996 quoque
320 953 435 998 ἄλογον
456 954 513 991 ἔξω
530 954 687 997 μυθεύμα-

109 1010 159 1036 rog
184 1000 196 1041 (
218 1008 255 1031 ut
279 1002 415 1042 appellat
439 1001 626 1031 Aristoteles
648 1001 688 1031 de

108 1049 252 1088 poetica,
283 1059 308 1077 s.
339 1048 408 1089 44)
438 1055 505 1076 tum
528 1048 609 1077 forte
633 1058 687 1078 eos

109 1103 183 1123 cum
212 1093 395 1124 adversariis
424 1095 466 1123 ita
493 1095 529 1123 in
555 1095 686 1135 gratiam

109 1150 239 1169 revoces
251 1163 259 1177 ‚
281 1147 335 1170 aut
350 1151 461 1170 cervos
476 1147 549 1181 post
566 1142 688 1171 Aristo-

109 1186 203 1216 telem
217 1188 250 1216 in
265 1186 407 1216 Africam
420 1187 534 1223 illatos,
554 1193 609 1216 aut
623 1198 686 1217 cer-

108 1234 141 1262 vi
154 1243 272 1262 nomen
285 1233 379 1263 latius
391 1233 430 1263 ab
440 1234 478 1262 iis
493 1241 684 1273 usurpatum

107 1277 202 1310 dicas.
221 1281 301 1309 Sunt
321 1287 423 1316 certe,
439 1279 526 1320 quod
544 1280 684 1310 historiae

108 1325 260 1355 naturalis
278 1333 422 1356 auctores
439 1325 574 1364 docent,
599 1328 685 1356 varia

108 1381 278 1402 cervorum
299 1379 331 1402 et
347 1372 568 1413 capreolorum
590 1384 684 1415 geue-

108 1429 143 1448 ra
169 1429 228 1459 per
255 1419 397 1449 Africam
425 1429 542 1459 sparsa.
563 1421 686 1450 Verum

108 1475 219 1495 cervos
232 1466 326 1495 etiam
339 1467 470 1506 proprie
484 1465 585 1497 dictos
602 1477 688 1496 nnnc

106 1522 165 1553 per
187 1522 258 1541 oras
282 1512 400 1542 Africae
422 1523 530 1542 versus
551 1520 687 1553 septem-

109 1559 246 1588 trionem
275 1559 348 1588 sitas
373 1569 493 1595 errare,
525 1558 663 1589 affirmat
677 1570 686 1597 3

108 1611 147 1635 ut
168 1606 308 1634 Leonem
334 1604 527 1646 Africanum
543 1628 552 1643 ,
583 1606 624 1635 de
653 1606 687 1636 la

111 1651 229 1689 Croix,
257 1658 289 1681 et
318 1651 394 1681 alios
420 1658 539 1681 taceam
550 1674 558 1689 ‚
590 1651 687 1682 Slzaw

112 1697 240 1727 Travels
261 1708 293 1739 p.
317 1699 394 1734 243.
411 1698 496 1728 conf.
514 1698 570 1729 inf.
587 1698 626 1727 ad
643 1700 685 1736 V,

111 1744 164 1781 37.

160 1801 172 1819 1
181 1790 352 1831 89—193.
370 1789 522 1821 Cornibus
535 1789 685 1823 arboreis.

109 1837 175 1866 Ecl.
187 1839 251 1866 VII
262 1860 270 1875 ‚
290 1839 332 1867 30
357 1848 487 1867 ramosa
501 1848 622 1867 cornua
635 1848 688 1867 ca-

105 1883 178 1922 pita
193 1884 262 1913 alta
276 1884 438 1920 cornibus,
457 1885 581 1926 vulgari
596 1885 687 1914 ratio-

109 1939 149 1959 ne
161 1952 168 1966 ,
184 1930 294 1970 capita
306 1930 380 1960 altis
392 1930 538 1960 cornibus
547 1954 556 1967 ‚
575 1931 627 1961 vel
641 1930 687 1962 al-

110 1981 145 2003 ta
173 1985 199 2005 c.
228 1975 391 2007 habentia.
417 1979 521 2007 Etiam
539 1975 688 2018 serentes

109 2030 170 2060 pro
186 2022 260 2050 exili
275 2033 372 2061 voce,
390 2022 553 2054 habentes.
575 2022 689 2053 Miscet·

110 2077 211 2107 agens
224 2067 345 2098 turbam
356 2092 364 2105 ‚
385 2077 494 2100 ornate
505 2092 513 2107 ‚
529 2080 589 2110 pro
604 2070 683 2110 agit,

110 2114 221 2153 agitat,
238 2115 418 2153 perturbat,
433 2115 545 2153 κλονεῖ,
561 2122 598 2145 ut
613 2126 686 2156 pro-

110 2160 228 2188 miscua
247 2159 319 2200 fuga
335 2172 366 2191 se
384 2163 444 2202 ipsi
462 2163 601 2193 invicem
616 2168 684 2191 tru-

110 2204 187 2234 dant
198 2227 206 2241 ‚
221 2216 321 2246 quum
337 2214 425 2237 antea
439 2209 536 2249 longo
552 2207 685 2249 agmine

110 2250 303 2283 incederent.
316 2271 362 2276 —
380 2264 453 2294 19²·
481 2257 607 2297 Septem
634 2254 683 2285 in-

737 907 854 950 gentia
876 918 1012 947 corpora
1028 906 1197 949 grandius,
1224 917 1323 948 quam

741 965 858 984 cervos.
873 954 991 990 Victor,
1015 961 1147 983 ornatus
1164 955 1322 994 poeticus).

742 1002 826 1030 Mox
840 1011 920 1031 verS.
941 1005 1003 1040 194
1017 1007 1145 1040 portum
1163 1010 1229 1030 non
1246 1010 1322 1041 pro·

739 1048 808 1087 prie
828 1046 930 1085 dixit,
957 1045 1011 1076 sed
1029 1057 1088 1087 pro
1109 1047 1246 1077 statione
1266 1057 1322 1077 nn-

740 1094 829 1123 vium
844 1103 852 1124 :
867 1104 898 1124 v.
927 1104 998 1134 sup.
1027 1092 1066 1122 ad
1093 1093 1167 1133 159.
1180 1110 1228 1116 —-
1246 1093 1322 1134 193.

740 1139 861 1169 Fundit
872 1146 904 1169 et
918 1146 1029 1180 aequac
1045 1139 1161 1170 Hamb.
1178 1150 1228 1181 pr.
1247 1150 1323 1170 cum

740 1186 838 1217 Goth.
862 1193 934 1217 tert.
957 1185 1046 1227 quod
1068 1187 1152 1216 tueri
1170 1186 1246 1217 licet
1261 1197 1324 1216 usu

738 1240 926 1273 poetarum,
949 1232 1165 1262 substituendi
1188 1233 1320 1263 modum

737 1279 949 1309 indicativum
963 1280 1088 1319 quoties
1097 1279 1235 1321 vulgaris
1244 1289 1321 1309 usus

737 1326 984 1364 subjunctivum
1006 1332 1089 1355 amat
1106 1334 1114 1355 :
1133 1326 1186 1356 alii
1204 1325 1323 1368 fimdic

739 1379 770 1402 et
788 1379 913 1413 oequet,
938 1379 993 1402 aut
1003 1371 1132 1414 fimdat
1151 1379 1183 1402 et
1199 1379 1319 1414 aequat.

740 1420 810 1449 Hoc
832 1419 937 1459 placet
958 1420 1154 1450 Burmanno.
1175 1419 1226 1449 Sic
1244 1420 1319 1459 jun-

741 1465 842 1507 genda
857 1464 982 1495 absistit
995 1471 1026 1495 et
1041 1471 1160 1506 aequae.

793 1513 867 1552 195.
889 1511 1016 1542 Deinde
1035 1511 1133 1542 bonus
1150 1522 1223 1552 quae
1236 1511 1320 1542 vina

741 1559 869 1600 Hugeu.
889 1565 920 1588 et
937 1560 981 1588 sic
992 1559 1055 1596 jam
1071 1557 1166 1588 codd.
1186 1568 1235 1599 ap.
1254 1559 1320 1589 Pie-

741 1606 836 1636 rium.
853 1622 899 1627 -—-
917 1605 1109 1645 195—197.
1128 1604 1256 1635 Deinde
1270 1604 1320 1634 vi·

741 1662 805 1688 na,
835 1662 907 1692 quoe
931 1658 991 1681 etc.
1017 1653 1056 1681 Iu
1080 1651 1222 1691 Drepani
1242 1661 1318 1691 por·

740 1705 807 1727 tum
819 1720 827 1735 ,
845 1698 901 1738 qui
917 1697 1031 1727 Siciliae
1044 1704 1091 1727 est
1100 1720 1108 1734 ‚
1123 1697 1228 1727 elassis
1241 1699 1317 1728 Tro·

737 1744 809 1782 jana
828 1743 928 1773 delata
944 1744 1062 1781 fuerat,
1085 1745 1157 1774 En,
1174 1743 1230 1774 lib.
1248 1745 1317 1783 111,

743 1801 805 1829 707
820 1801 829 1827 ;
856 1800 924 1820 nou
939 1790 1034 1832 louge
1056 1790 1166 1820 aberat
1181 1790 1319 1831 AEgesta

740 1837 791 1866 vel
808 1838 958 1878 Segesta,
987 1847 1084 1877 quam
1104 1837 1210 1866 Graeci
1225 1843 1257 1866 et
1274 1838 1319 1867 E·

737 1891 864 1924 gestam
877 1883 1024 1913 scribunt
1034 1905 1042 1921 ‚
1063 1882 1191 1912 condita
1207 1882 1246 1912 ab
1263 1883 1318 1914 ΑΞ-

736 1938 840 1970 gesto,
850 1932 945 1967 Troe,
956 1940 1051 1969 quem
1057 1929 1212 1969 Virgilius
1223 1930 1318 1959 Aces-

740 1983 807 2006 tam
821 1976 957 2017 appellat
973 1985 981 2005 :
1002 1974 1086 2005 conf.
1103 1974 1160 2004 lib.
1179 1976 1219 2011 V,
1234 1986 1316 2007 vers,

742 2023 759 2052 3
770 2032 782 2051 1
796 2044 806 2059 ‚
840 2022 895 2052 61.
930 2022 1071 2062 Benigne
1115 2020 1243 2051 fuerant
1275 2021 1316 2053 ab

738 2068 809 2108 ipso
825 2067 951 2107 excepti
962 2090 970 2104 ‚
987 2073 1024 2096 ut
1050 2067 1145 2097 etiam
1174 2067 1256 2097 infra
1279 2069 1312 2106 Ι,

740 2114 821 2151 558,
837 2114 902 2152 570
915 2123 923 2144 ε
936 2113 1012 2143 hinc
1028 2113 1138 2145 bonus.
1156 2113 1245 2143 Idem
1258 2114 1301 2144 ite

737 2171 810 2190 rum
844 2160 984 2200 hospitio
1011 2162 1142 2191 AEneam
1175 2161 1314 2202 excipit,

738 2208 810 2238 AEn.
825 2208 866 2242 V,
886 2207 927 2236 36
947 2216 1015 2248 sqq.
1030 2206 1128 2247 Quod
1141 2207 1215 2237 vina
1231 2217 1316 2238 com-

738 2251 882 2291 mendat‚
912 2259 949 2284 ut
976 2255 1100 2284 Acestae
1120 2263 1239 2284 munus
1265 2249 1314 2292 ξε-
