1402 2460
579 81 702 111 LIBER
726 80 785 110 111.

86 145 176 180 Pars
196 140 359 186 Helen03
376 138 442 188 qui
459 137 649 175 Chaonios
665 135 889 187 cognomine
907 148 1079 186 campos,

87 200 371 249 Chaoniamque
391 210 541 234 omnem
557 197 723 247 Trojano
740 208 761 233 a
777 196 930 233 Chaone
949 195 1063 241 dixit,

86 264 359 310 Pergamaque,
375 258 605 306 Iliacamque
617 257 718 306 jugis
738 253 835 293 hanc
856 255 1002 293 addidit
1020 267 1155 292 arcem.

87 320 163 357 Sed
184 319 253 356 tibi
271 318 338 368 qui
354 330 508 354 cursum
526 316 648 362 venti,
669 329 754 366 quae
772 316 847 352 fata
863 316 1024 353 dedere?

87 384 165 419 Aut
178 380 351 430 quisnam
369 379 544 428 ignarum
559 377 700 415 nostris
720 376 813 413 deus
836 375 984 425 adpulit
1002 378 1103 413 oris?

90 440 192 488 Quid
208 453 305 492 puer
323 439 531 477 Ascanius?
548 447 770 489 superatne,
787 445 824 474 et
842 438 1008 475 vescitur
1023 439 1139 475 aura?

90 505 214 547 Quem
235 498 304 537 tibi
318 500 397 550 jam
413 499 581 548 Troja....

91 641 202 675 spectu
218 633 346 663 alterius
363 633 462 674 partis
484 632 606 663 Phthiae
632 633 665 662 in

92 680 262 712 Thessalia.
283 681 320 710 In
337 690 366 710 v.
384 680 469 715 334,
491 680 555 709 335
574 686 666 719 poeta

93 727 224 757 inservit
246 733 432 768 argumento
443 748 450 762 ‚
466 732 501 755 ut
514 726 667 763 Trojano-

93 784 165 804 rum
181 783 300 811 nomeu
313 783 370 812 per
392 778 496 801 totum
511 777 666 800 terrarum

94 820 204 851 orbem
225 819 345 848 clarum
361 829 396 847 ac
416 817 539 847 celebre
553 817 668 846 habea-

95 874 149 896 tur
158 889 166 901 ,
184 865 260 895 dum
277 864 414 894 fabulam
426 863 508 894 hanc
522 863 560 894 de
571 863 671 894 Chao-

95 923 173 942 num
192 913 320 942 nomine
342 911 553 952 amplectitur.
570 909 670 941 Chao-

95 970 151 989 nes
181 959 267 988 enim
291 957 385 999 longe
413 964 483 987 ante
508 957 670 988 Chaonem

96 1006 271 1043 Trojanum
281 1003 293 1045 (
303 1004 342 1034 de
355 1015 420 1045 quo
430 1004 577 1036 Serviana
594 1013 671 1032 con-

97 1050 187 1093 sule)
213 1058 244 1081 et
273 1051 433 1081 Helenum
464 1050 614 1086 fuerunt,
633 1060 673 1078 ex

99 1098 314 1138 antiquissima
331 1098 452 1127 seilicet
470 1096 673 1136 Pelasgorum

99 1145 254 1185 stirpe.-—
265 1144 342 1174 336.
354 1142 507 1178 Addidit,
521 1143 674 1183 imposuit

100 1192 203 1221 monti
224 1201 326 1221 arcem
359 1191 502 1231 Pergami
523 1190 674 1225 nomine,

102 1245 251 1277 tanquam
261 1239 295 1267 in
304 1247 390 1267 novo
406 1237 478 1266 Ilio.

149 1285 166 1313 3
174 1285 227 1323 37.
241 1286 351 1315 Burm.
363 1284 398 1313 in
407 1281 610 1312 difficultates
622 1281 674 1310 hic

102 1331 208 1362 nescio
221 1341 297 1370 quas
313 1341 345 1360 se
359 1328 521 1367 induerat,
540 1336 571 1359 et
591 1329 674 1366 conj.

102 1377 153 1407 vel
166 1377 223 1418 qui
234 1387 357 1408 cursum
373 1376 432 1406 lmc
448 1375 541 1406 venti
550 1375 602 1405 vel
614 1385 676 1415 quo

103 1434 225 1455 cursum
238 1424 347 1460 venti,
361 1434 424 1465 quo
433 1422 466 1465 s
484 1424 516 1454 d.
535 1423 677 1453 Potuisse

104 1471 190 1500 enim
216 1471 467 1502 Andromachen
491 1471 563 1500 satis
578 1469 676 1504 scire,

105 1518 161 1558 qui
182 1519 269 1549 venti
287 1529 327 1548 ex
350 1516 474 1548 Troade
498 1517 626 1547 ferrent.
642 1516 679 1544 E-

105 1565 250 1596 nimvero
267 1566 312 1595 sic
332 1565 469 1607 argutari
487 1563 587 1605 possis
595 1563 631 1591 'et
646 1562 679 1589 in

107 1612 250 1653 vulgari:
266 1611 426 1652 quomodo
449 1609 508 1640 huc
534 1606 654 1639 venisti
664 1609 680 1635 ,2

109 1659 192 1687 etin
205 1657 268 1689 Od.
286 1667 326 1694 α,
346 1668 406 1696 171
427 1659 494 1691 πῶς
510 1652 547 1685 δέ
562 1664 595 1683 σε
609 1654 679 1682 ναῦ-

111 1714 162 1734 710.
184 1697 314 1747 Ιῖγσιγιν
339 1702 378 1738 εἰς
395 1697 505 1735 fficium
523 1708 603 1736 etc.;
621 1699 680 1727 sci-

109 1751 184 1780 licet
196 1751 222 1779 si
238 1750 360 1791 vulgari
373 1758 517 1779 sermone
531 1756 587 1776 usa
603 1751 682 1774 esset

111 1796 348 1832 Andromache,
375 1795 547 1825 uaesivisset
556 1792 609 1822 illa
618 1791 662 1820 sic
675 1799 682 1820 ι

112 1854 174 1884 quo
185 1853 260 1873 casu
272 1842 318 1872 ad
325 1841 383 1871 lias
391 1849 491 1871 terras
503 1836 681 1869 accessisti?

113 1892 186 1921 Jam
207 1889 268 1920 hoc
293 1895 417 1930 poterat
441 1887 556 1917 factum
579 1883 682 1914 videri

115 1939 165 1968 vel
183 1943 366 1977 tempestate
384 1934 436 1965 vel
458 1934 522 1963 fato
542 1932 592 1963 vel
610 1930 684 1960 deo-

115 1996 187 2016 rum
205 1985 348 2016 numine.
368 1983 410 2012 Et
428 1980 512 2017 haec,
527 1986 564 2009 ut
579 1978 684 2012 vides,

87 2024 92 2028 ¹
117 2034 269 2074 expressit
282 2037 385 2071 poeta.
394 2046 441 2052 ——
456 2028 532 2067 339.
545 2025 688 2056 Affectus

116 2078 185 2110 haec
202 2076 364 2110 muliebris
386 2076 479 2117 plena
507 2080 538 2103 et
561 2070 688 2103 Andro-

119 2126 244 2157 maches
259 2125 389 2166 ingenio
403 2127 612 2153 consentanea
623 2120 630 2148 !
641 2119 689 2147 De

122 2174 259 2204 Ascanio
287 2171 422 2202 sollicita
449 2175 514 2204 est,
531 2177 572 2197 ex
598 2165 691 2195 tacita

122 2220 321 2261 Astyanactis
335 2218 386 2248 sui
397 2215 558 2247 memoria.
575 2212 616 2244 cf.
632 2210 689 2242 inf.

1243 506 1290 535 340

717 644 749 664 v.
766 633 830 672 489
848 643 894 672 sq.
917 633 1094 672 Superatne
1112 638 1143 660 ec
1158 630 1298 661 vescitur

719 690 800 708 aura
829 689 869 708 ex
903 680 1034 718 antiquo
1066 687 1220 707 sermone.
1256 677 1296 708 cf.

719 736 790 766 sup.
807 726 838 762 Ι,
866 725 942 760 546.
970 727 1050 756 Sane
1074 725 1298 764 interrogatio·

720 782 793 801 nem
818 772 905 801 illam
928 782 959 801 v,
985 772 1048 806 341
1075 770 1113 800 de
1142 770 1299 800 desiderio

722 819 839 848 amissae
854 818 960 847 matris
976 818 1101 848 Creusae
1114 827 1172 857 per
1184 827 1216 846 se
1232 827 1301 846 non

721 865 834 894 malam
850 864 914 905 (cf.
943 865 1054 904 Eurip.
1077 863 1204 893 Hecnb.
1231 873 1297 903 992

725 909 750 941 εἰ
777 913 831 946 τῆς
859 909 1003 945 ramus-ng
1022 906 1118 943 τῆσδε
1144 908 1300 952 gaiu-rani

724 956 754 988 τί
769 968 838 1000 μου.
865 957 944 987 adde
958 957 1073 987 Electr.
1090 956 1176 997 351)
1194 964 1300 986 tamen

725 1005 778 1035 hie
789 1005 872 1035 forte
894 1004 1000 1034 abesse
1016 1003 1125 1041 malis3
1145 1004 1202 1033 vix
1215 1005 1302 1034 enim

727 1051 952 1082 Andromache
985 1051 1110 1081 Creusae
1137 1050 1235 1080 fatum
1258 1060 1302 1080 re-

727 1100 852 1128 scivisse
863 1104 918 1128 aut
933 1103 1073 1138 poterat,
1091 1103 1146 1126 aut
1163 1103 1236 1136 post
1248 1096 1303 1126 illa

727 1157 757 1175 v.
782 1146 846 1175 310
863 1156 910 1185 sq.
931 1145 993 1182 337
1012 1155 1058 1184 sq.
1075 1142 1221 1174 debebat.
1236 1144 1306 1173 Ma-

728 1192 840 1222 nifeste
855 1199 960 1221 tamen
974 1197 1067 1230 poeta
1082 1190 1190 1230 ponit,
1209 1190 1306 1220 Creu-

729 1249 770 1268 sae
785 1238 883 1268 fatum
895 1236 1128 1267 Andromachae
1133 1237 1197 1274 jam
1207 1235 1306 1265 aliun-

731 1285 769 1315 de
778 1285 954 1314 innotuisse
966 1294 974 1320 ;
985 1290 1026 1319 et,
1035 1293 1108 1312 cum
1118 1281 1305 1312 deAscam‘o

729 1337 891 1372 quaeratur
902 1353 910 1366 ,
929 1336 1018 1359 recto
1037 1328 1149 1358 ordine
1162 1327 1307 1369 procedit

729 1377 934 1418 interrogatio
956 1376 1096 1416 primum
1126 1374 1165 1404 de
1192 1375 1309 1415 pietate

731 1427 765 1454 in
789 1424 897 1453 matris
934 1422 1117 1451 memoriam
1130 1444 1138 1458 ‚
1170 1428 1238 1451 tum
1269 1420 1308 1450 de

733 1469 879 1510 exemplo
888 1469 985 1509 patris
996 1474 1026 1498 et
1039 1469 1108 1505 avi,
1123 1478 1218 1508 quam
1225 1467 1310 1497 fflud

734 1517 772 1547 ad
800 1516 893 1557 pueri
921 1515 1063 1544 animum
1091 1515 1157 1544 vim
1171 1514 1286 1544 habeat
1302 1516 1307 1542 ἶ

734 1567 904 1594 Parentem
942 1561 980 1590 de
1011 1562 1113 1601 patria
1151 1562 1309 1601 accipere,

733 1612 965 1649 importunum.
994 1625 1040 1630 -—
1070 1609 1148 1643 340.
1188 1609 1309 1636 Versus

734 1665 865 1685 mancus
881 1661 926 1684 est
950 1654 1079 1684 relictus
1092 1665 1100 1690 ;
1115 1655 1149 1683 in
1174 1653 1241 1682 aliis
1260 1663 1311 1681 va-

734 1703 779 1731 rie
810 1701 976 1740 suppletus
993 1711 1000 1730 :
1027 1701 1128 1740 Quem
1158 1698 1215 1728 tibi
1240 1698 1310 1738 jam

739 1746 834 1786 Troja
842 1746 966 1786 peperit
970 1745 1118 1785 filmante
1131 1746 1258 1776 Creusa.
1266 1763 1313 1768 —-

737 1793 862 1823 obsessa
875 1800 921 1822 est
933 1793 1035 1822 enixa
1055 1792 1230 1822 Creusa.—
1236 1794 1265 1822 T
1262 1803 1312 1821 ro-

732 1840 771 1881 ja
791 1846 838 1869 esc
850 1838 975 1868 obsessa
990 1839 1091 1868 enixa
1111 1839 1161 1869 Cr.
1178 1856 1224 1861 —
1237 1839 1313 1868 Tro-

730 1886 769 1928 jcz
786 1893 896 1915 natum
901 1884 1056 1927 fiunante
1071 1884 1188 1926 reliqui
1198 1897 1212 1922 ,·
1227 1886 1315 1926 inep-

738 1940 768 1962 te
797 1933 914 1962 omnia.
944 1932 1010 1962 rid.
1038 1933 1211 1962 Burmann.
1241 1938 1316 1971 post

741 1980 821 2010 Pier.
834 1980 882 2009 Ex
892 1989 958 2009 uno
972 1978 1170 2020 Guelpherb.
1183 1979 1217 2007 in
1232 1979 1312 2008 Exc.

743 2026 830 2056 Cort.
849 2032 994 2056 notatum
1008 2025 1103 2056 video
1120 2023 1314 2066 Troja——pc-

737 2071 965 2115 peritflorente
973 2072 1109 2114 ῥ’νειιεα.
1123 2071 1250 2102 Scilicet
1259 2073 1315 2101 As-

743 2119 823 2149 canii
839 2125 912 2148 aetas
927 2118 960 2148 id
975 2119 1135 2160 postulare
1156 2118 1223 2148 visa
1237 2124 1315 2147 erat.

744 2165 866 2196 Dubito
882 2165 1027 2206 equidem
1038 2188 1047 2204 ,
1064 2175 1106 2196 an
1126 2175 1167 2194 ex
1187 2164 1318 2204 Virgilii

745 2211 1317 2255 schedishocfragmentumservatum

1175 2275 1191 2289 ᾗ

1127 2289 1171 2324 19
