1433 2460
136 100 194 129 132
635 98 827 128 AExlittms

124 161 342 195 Laocoonta
360 164 503 206 petunt.
525 158 570 192 Et
592 157 757 205 primum
778 169 895 206 parva
913 155 1078 192 duorum

126 222 295 268 Corpora
317 225 491 253 natorum
510 230 664 266 serpens
682 218 876 267 amplexus
896 226 1055 266 uterque

127 280 295 328 Implivat
307 307 316 320 ,
336 286 372 314 ut
389 277 547 314 miseros
565 290 695 313 morsu
713 278 931 328 ‹lt-pascitur
947 286 1069 321 artus;
1286 284 1331 308 21⁵

126 340 211 374 Post
231 339 372 386 ipsum,
393 337 537 373 auxilio
558 336 784 374 subeuntem
806 351 848 373 ae
871 337 942 373 tela
960 337 1160 381 serentem,

126 398 370 447 (loitripiutlt,
389 397 577 447 spirisque
596 397 712 445 ligant
733 396 970 446 ingentib1153
989 404 1025 432 et
1043 397 1119 446 jam

126 459 186 494 Bis
205 458 370 495 medium
390 457 573 507 amplexi,
591 456 649 493 bis
667 457 766 494 collo
783 471 960 507 squamea
978 458 1120 494 circum

125 522 246 568 Terga
264 519 360 565 dati,
378 527 559 568 superant
577 519 700 567 capite
717 527 753 554 ct
773 518 985 555 cervicibus
1003 518 1096 555 altis.

126 579 192 615 Ille
209 579 318 615 simul
336 578 510 615 manibus
532 578 649 614 tendit
668 578 847 614 divellere
865 578 1003 623 nodos,
1282 595 1328 609 210

125 638 302 675 Perfusus
319 639 422 675 sanie
442 639 568 684 vittas,
590 647 750 688 atroque
770 651 934 685 vent-1103

122 699 314 736 Clamores
334 699 445 735 simul
463 698 676 735 horrendos
698 699 743 735 ad
761 700 886 736 sidera
904 698 999 735 tollit
1017 713 1024 732 :

123 759 254 805 Qualis
272 760 438 810 mugitus
451 787 460 805 ,
482 759 576 809 sugit
593 772 711 809 quum
728 759 877 796 saucius
895 772 997 796 aram

120 898 169 916 su.
183 887 312 916 —215.
334 888 471 916 Teucros
491 897 531 916 m.
555 886 586 916 d.
610 893 698 915 artur

123 934 172 963 vir
213 933 326 963 doctus
355 933 403 973 (Ι.
428 932 597 973 Jortinus)
613 934 696 971 conj.

121 981 156 1009 in
170 980 263 1011 Obss.
281 980 374 1009 Misc.
390 980 467 1010 Crit.
488 986 510 1008 t.
532 980 545 1007 1
557 1002 564 1016 ,
583 990 613 1018 p.
632 990 696 1018 293

122 1027 179 1063 lv,
197 1038 228 1067 p.
251 1037 311 1065 29,
337 1026 410 1065 quia
436 1035 608 1065 puerorum
627 1036 698 1054 cor-

121 1082 209 1112 pora.
227 1074 266 1103 Et
279 1072 353 1101 ferri
369 1082 443 1100 saue
461 1071 493 1100 id
516 1071 624 1111 possit.
639 1071 699 1101 Sed

122 1126 224 1158 poetae
243 1119 334 1148 aliter
347 1118 477 1158 placuit.
495 1117 628 1147 Miseros
650 1129 700 1147 ar-

121 1173 172 1195 tus
192 1166 350 1206 exquisite
374 1175 433 1205 pro
462 1171 548 1194 artus
570 1165 699 1193 misero-

123 1223 193 1242 rum
224 1222 411 1252 puerorum.
445 1229 492 1234 -—
528 1210 696 1250 Implicae,

122 1257 298 1289 circumdat
311 1259 404 1298 spiris
420 1268 475 1287 seu
491 1256 584 1287 nodis
599 1267 635 1287 ac
648 1268 701 1287 vo-

119 1305 308 1335 luminibus.
349 1305 456 1333 'norm
493 1303 693 1344 depascitur,

122 1351 204 1381 ἔπινε
207 1361 246 1395 με
248 1361 300 1382 ται
312 1374 320 1387 ,
339 1357 467 1388 ornate,
491 1361 551 1391 pro
571 1350 696 1380 admor-

120 1397 192 1434 det,
217 1397 349 1428 devorat
364 1397 430 1438 (sic
453 1404 575 1438 poetae,
593 1408 696 1426 morsu

119 1445 281 1480 lacerare,
305 1443 534 1485 οοιι(ιιιηενε);
561 1454 619 1474 nec
644 1444 696 1473 ali-

119 1498 167 1521 ter
205 1490 430 1531 intelligendus
474 1490 696 1531 Lycophronis

119 1534 304 1580 παιὸοὲρὼς
331 1535 464 1579 Ilipam.
493 1538 571 1567 Tela
585 1536 696 1578 seren-

118 1593 201 1621 tem,
226 1595 299 1614 cum
323 1584 386 1614 telo
410 1585 444 1613 in
463 1594 560 1613 mauu
583 1594 696 1624 appro-

118 1637 292 1673 perantem.
321 1630 378 1660 Bis
396 1630 587 1660 circumdati
612 1630 695 1659 collo

118 1688 273 1718 squamea
306 1684 397 1718 terga
413 1700 423 1713 ,
456 1687 530 1706 cum
560 1683 695 1716 uterque

117 1733 246 1765 serpens
256 1734 373 1764 corpus
379 1730 410 1753 et
420 1723 539 1753 collum
550 1724 617 1761 ejus
626 1722 657 1753 h.
667 1734 694 1754 e.

117 1771 251 1801 omnino
260 1771 456 1811 superiorem
473 1770 615 1809 corporis
625 1780 696 1810 par-

119 1825 200 1855 tem,
223 1816 378 1847 tractibus
402 1817 562 1846 inferioris
581 1826 695 1856 corpo-

118 1866 160 1894 ris
170 1864 220 1893 sui
229 1863 278 1893 bis
290 1862 584 1899 circumdedissent,
601 1873 696 1903 super

117 1911 184 1949 ejus
203 1916 297 1950 caput
307 1910 467 1946 eminent,
481 1910 618 1939 emicant
629 1910 694 1939 suis

118 1956 286 1997 capitibus,
306 1956 362 1986 Bis
371 1957 556 1997 improprie
569 1955 693 1985 dictum

118 2003 251 2043 accipio.
274 2004 320 2032 At
333 2003 360 2033 si
378 2003 462 2032 collo
480 2003 609 2044 proprie
625 2001 692 2032 die.—

119 2055 186 2078 tum
207 2048 341 2087 habeas,
357 2049 446 2089 quod
468 2049 514 2078 bis
541 2049 580 2078 ab
605 2055 693 2079 utro-

117 2105 180 2136 que
193 2102 337 2135 serpente
351 2095 543 2125 circumdari
558 2096 614 2125 vix
633 2106 691 2136 po-

118 2141 198 2178 tuit,
223 2140 270 2170 bis
289 2149 386 2178 esset,
408 2142 492 2172 binis
507 2142 619 2183 spiris,
636 2152 692 2171 seu

117 2186 269 2217 binorum
277 2195 459 2228 serpentum
467 2189 630 2229 spiren—2
640 2199 652 2217 1
659 2199 690 2228 9.

121 2233 212 2264 Collo
235 2243 320 2264 unus
344 2234 541 2276 Guelpherb.
561 2236 595 2266 in
618 2235 691 2266 Col-

750 886 823 916 lect.
849 889 921 917 Sax.
938 888 982 916 Ec
1001 886 1232 916 crinibusVoss.
1254 887 1330 917 Alte

753 932 849 963 Goth.
882 944 943 963 sec.
977 933 1088 973 Capite
1113 941 1145 962 et
1163 931 1331 963 cervicibus

753 979 827 1009 aleis
837 991 849 1015 ;
866 979 954 1020 quod
973 979 1109 1009 debebat
1130 990 1195 1009 esse
1219 979 1331 1020 capiti—

754 1025 808 1054 bus
822 1034 853 1055 et
868 1026 1036 1056 cen-icibas
1053 1027 1126 1056 suis.

801 1082 867 1102 2¹20
884 1090 930 1094 ——
948 1079 1024 1108 2⁴24.
1045 1075 1105 1103 Pro
1127 1072 1328 1112 serpentibus

753 1117 846 1148 docte
863 1119 962 1147 nodos
982 1120 1092 1159 ponit3
1109 1126 1139 1149 et
1153 1120 1276 1160 egregie
1289 1119 1327 1149 ad

748 1164 918 1194 ’horrorem
932 1165 1007 1195 facit
1018 1177 1046 1195 v.
1065 1175 1127 1195 221
1143 1188 1151 1202 ‚
1167 1165 1256 1206 quod
1268 1165 1328 1196 vit-

753 1219 820 1248 tas,
850 1212 966 1241 infulas
994 1211 1186 1249 sacerdotis,
1211 1219 1326 1243 narrat.

757 1258 919 1288 Clamores
935 1270 944 1287 :
961 1266 1036 1288 sunt
1052 1265 1158 1288 autem
1175 1258 1326 1299 praeclare

752 1306 923 1345 comparati
956 1304 994 1334 ad
1026 1312 1178 1335 terrorem
1215 1306 1327 1335 animis

750 1351 969 1389 injiciendum.
998 1353 1160 1381 Incertam
1190 1351 1324 1382 securim

750 1408 817 1431 non
831 1399 903 1427 satis
919 1405 1006 1428 certo
1027 1405 1058 1427 et
1070 1398 1177 1428 valido
1190 1398 1258 1428 ictu
1273 1397 1323 1428 de-

748 1455 897 1484 pressam.
941 1445 1154 1474 Imitationem
1201 1446 1327 1475 Senecae

750 1493 861 1532 Agam.
880 1501 956 1529 777.
981 1490 1105 1521 Cervice
1127 1498 1236 1520 taurus
1252 1492 1326 1522 vul-

750 1548 810 1566 nus
817 1537 1088 1579 incertumfirens
1097 1537 1205 1568 laudat
1213 1538 1324 1569 Burm.

750 1584 843 1614 Adde
859 1585 950 1614 aliam
974 1583 1058 1625 apud
1073 1584 1184 1614 Silium
1199 1585 1239 1621 V,
1257 1585 1300 1620 64
1311 1607 1321 1621 ,

750 1631 806 1661 65.
830 1632 993 1671 Sapienter
1016 1637 1120 1660 autem
1145 1630 1228 1660 bove
1256 1641 1324 1661 non

750 1687 940 1717 quacunque
952 1700 961 1713 ,
990 1676 1061 1714 sed,
1078 1683 1116 1706 ut
1138 1677 1322 1718 dignitatem

749 1734 798 1753 res
818 1724 966 1760 haberet,
991 1723 1074 1753 hove
1093 1724 1222 1753 victima
1235 1733 1322 1754 com-

748 1771 912 1810 paratione
930 1780 1006 1799 usus
1022 1777 1084 1807 est3
1102 1769 1190 1810 quod
1208 1770 1323 1808 jamin

749 1826 838 1847 sacro
863 1817 1007 1857 Neptuni
1026 1816 1186 1847 Heliconii
1208 1817 1324 1847 fecerat

750 1864 910 1893 Homerus
929 1863 1002 1893 loco
1023 1873 1119 1904 quem
1129 1870 1237 1894 noster
1252 1870 1324 1894 ante

748 1910 858 1940 oculos
883 1909 998 1939 habuit
1023 1909 1112 1940 Iliad.
1138 1920 1172 1947 υ,
1195 1910 1260 1945 403
1275 1927 1321 1933 —-

748 1957 826 1993 405.
855 1956 940 1986 Male
963 1962 1148 1996 comparant
1172 1955 1261 1986 Iliad.
1281 1966 1320 1999 ρ,

749 2003 814 2032 520
831 2003 1045 2042 sqq.—223.
1071 2001 1186 2042 Qualis
1208 2003 1320 2032 Gram-

745 2049 932 2079 maticorum
958 2055 989 2079 et
1012 2047 1167 2079 Codicum
1191 2049 1322 2079 auctori-

745 2102 808 2125 tate
824 2096 944 2136 recepit
954 2095 1064 2125 Heius.
1084 2095 1183 2137 vulgo
1197 2095 1321 2137 quales.

745 2143 801 2172 Est
826 2148 930 2171 tamen
953 2148 985 2172 et
1013 2140 1119 2182 qualis
1141 2142 1181 2172 de
1202 2142 1319 2183 plurali

746 2187 977 2228 accipiendum.
989 2187 1131 2230 Illugitus
1145 2188 1254 2219 veluti
1266 2198 1318 2230 ap.

744 2234 889 2266 Macrob.
914 2237 947 2266 II
973 2237 1034 2267 Sat.
1051 2235 1089 2272 5,
1111 2241 1142 2266 at
1163 2234 1248 2266 idem
1260 2235 1318 2267 lib.
