1402 2460
556 82 677 114 LIBER
702 82 759 112 lv.

1196 86 1259 125 289

66 137 218 188 Quippe
234 139 308 175 tuis
326 138 498 184 ferimus,
522 139 735 188 famamque
755 139 925 177 fovemus
946 141 1104 179 inanem.
1124 157 1139 175 r>

116 198 270 235 Talibus
286 208 457 236 orantem
477 199 603 245 dictis,
625 212 784 249 arasque
804 208 992 239 tenentem

66 257 198 294 Audiit
218 258 475 308 omnipotens,
495 259 701 309 oculosque
721 259 768 296 ad
787 260 924 297 moenia
945 262 1053 299 torsit

1215 279 1262 295 220

63 318 200 366 Regia,
218 327 254 355 et
273 317 411 356 oblitos
433 319 539 356 famae
557 320 723 357 melioris
743 321 912 358 amantis.

64 378 162 413 Tum
182 377 235 414 sic
251 379 487 415 Mercurium
507 380 732 429 alloquitur,
753 394 795 417 ac
812 382 899 418 talia
919 382 1094 419 mandat:

117 455 132 470 α
151 437 256 475 Vade
276 451 362 489 age,
380 448 488 485 nate,
509 453 604 477 voca
623 441 838 491 Zephyros,
859 451 895 478 et
915 441 1044 479 labere
1064 443 1217 493 pennis;

64 496 376 548 Dardaniumque
393 499 546 546 ducem,
565 501 680 550 Tyria
695 501 922 551 Carthagine
942 503 1007 552 qui
1026 516 1126 539 nunc

62 561 281 608 Exspectat,
299 559 461 609 fatisque
478 560 583 598 datas
602 573 679 597 non
697 561 850 611 respicit
870 561 993 608 urbis,

1216 572 1263 596 225

62 618 298 668 Adloquere,
316 629 353 657 et
373 620 504 657 celeris
520 621 626 657 defer
644 634 728 658 mea
748 622 848 658 dicta
867 635 936 672 per
956 635 1078 659 auras.

63 681 150 715 Non
165 678 269 716 illum
287 679 398 717 nobis
418 681 589 729 genetrix
608 681 865 730 pulcherrima
882 682 993 718 talem

64 738 258 784 Promisit,
278 739 512 789 Graiumque
528 739 614 776 ideo
634 738 692 776 bis
712 739 881 776 vindicat
898 740 1028 785 armis5

65 866 99 886 ea
122 867 155 886 re
180 855 282 886 videri
305 863 420 897 potest.
445 859 551 897 Rapta
578 868 636 888 ms.

63 903 180 943 Georg.
207 903 332 933 Fabric.
355 910 386 933 et
411 913 459 943 pr.
484 903 636 934 Rottend.

63 959 78 977 a
95 959 136 979 m.
152 959 213 979 sec.
230 950 322 979 Certe
333 956 458 989 raptum
469 949 531 979 hoc
544 959 638 979 sensu

63 994 292 1035 accipiendum.
324 997 430 1035 Rapta
460 995 635 1026 Zulichem.

61 1040 94 1070 id
109 1048 172 1078 est,
188 1048 337 1082 stuprata.
357 1042 396 1072 cf.
415 1043 588 1072 Burmann.

109 1097 186 1127 219.
207 1089 269 1118 Hic
286 1098 396 1117 versus
419 1087 526 1117 deerat
548 1088 637 1117 alteri

60 1134 186 1175 Menag.
218 1140 249 1163 et
280 1140 404 1174 poterat
418 1156 426 1171 ‚
451 1134 636 1164 Burmanno

57 1179 184 1217 judice,
205 1179 330 1216 abesse;
353 1179 407 1209 sed
432 1186 542 1209 tuetur
563 1190 636 1209 eum

59 1225 204 1256 Macrob.
231 1227 279 1254 ΙΙΙ
299 1227 360 1256 Sat.
389 1236 406 1255 2
431 1232 462 1255 et
484 1225 541 1255 inf.
569 1227 634 1263 VI,

64 1278 127 1307 124
144 1270 228 1302 idem
249 1271 314 1301 fere
328 1282 448 1302 versus.
466 1273 634 1312 Aramque

59 1319 150 1348 Witt.
165 1325 196 1348 et
211 1317 260 1348 ed.
276 1319 358 1348 Ven.
374 1328 445 1347 eum
460 1317 557 1348 Goth.
568 1328 631 1348 see.

59 1382 103 1387 —-
115 1375 133 1395 2
142 1375 182 1405 19
194 1382 242 1388 —-
258 1374 299 1393 22
308 1374 335 1394 1.
349 1366 438 1393 Aras
451 1371 609 1393 tenentem
618 1387 628 1400 ,

58 1421 99 1441 ex
118 1412 183 1442 ritu
210 1412 419 1451 precantium.
448 1409 568 1439 Oblitos
576 1410 633 1451 sa-

58 1468 119 1488 mae
144 1457 282 1487 melioris
311 1464 476 1493 amantes,
509 1457 632 1498 egregie

58 1504 178 1534 dictum
189 1526 198 1541 ,
213 1510 243 1534 et
256 1503 295 1533 ad
308 1513 434 1533 sensum
444 1503 541 1532 animi
553 1513 630 1543 prae-

57 1551 149 1581 clare.
166 1550 206 1580 cf.
223 1561 294 1590 sup.
317 1560 390 1588 17⁰·

104 1607 168 1626 222
191 1607 259 1637 sqq.
284 1598 334 1626 Ex
359 1595 421 1627 Od.
440 1606 470 1632 ε,
497 1595 538 1626 28
559 1606 627 1636 sqq.

58 1643 99 1679 43
117 1653 184 1684 sqq.
197 1665 206 1679 ,
230 1642 288 1673 ubi
312 1643 493 1672 Mercurius
513 1642 553 1671 ad
573 1643 630 1672 Ca-

23 1711 25 1714 ·
56 1689 150 1731 lypso
168 1689 324 1725 mittitur,
351 1694 388 1717 ut
411 1688 558 1728 Ulyssem
575 1687 632 1717 illo

59 1735 195 1765 dimittat
217 1733 307 1774 (non
325 1744 367 1763 ex
381 1733 471 1763 Iliad.
495 1744 519 1763 ω
532 1756 541 1770 ,
566 1734 630 1763 333

58 1791 125 1822 sqq.
139 1781 151 1821 )
163 1803 171 1818 ‚
189 1780 258 1810 haee
278 1789 443 1820 expressa3
460 1786 497 1808 ut
511 1780 575 1818 jam
593 1779 633 1809 ab

0 1851 1 1854 η
58 1827 126 1857 aliis
140 1833 298 1857 notatum.
315 1827 389 1856 Non
406 1832 509 1855 tamen
524 1826 633 1866 copio-

0 1868 1 1904 ]
59 1884 91 1903 sa
106 1873 158 1903 illa
178 1873 332 1903 Mercurii
345 1871 386 1901 ad
400 1873 461 1901 iter
478 1882 511 1901 se
529 1873 630 1901 accin-

59 1920 161 1960 gentis
176 1918 346 1958 descriptio
363 1928 452 1958 aeque
467 1917 613 1958 displicet
623 1940 632 1955 ‚

0 1966 1 1971 ’
59 1967 107 1996 uti
120 1975 153 1996 ea
164 1988 172 2003 ,
188 1975 281 2006 quam
299 1964 453 2005 Virgilius
468 1963 635 2005 subjungit

59 2012 170 2042 v..238
188 2022 275 2052 sqq„
292 2010 374 2040 forte
385 2033 393 2047 ‚
411 2011 563 2050 quoniam
580 2010 634 2039 hic

59 2058 176 2096 majore
203 2068 277 2088 cum
302 2056 500 2087 festinatione
528 2057 633 2086 omnia

59 2110 214 2144 aguntur,
227 2111 321 2144 atque
336 2103 414 2134 adeo
428 2104 531 2133 omnis
544 2113 633 2133 mora

59 2150 244 2190 interposita
266 2150 385 2191 legenti
408 2150 511 2191 gravis
533 2155 579 2180 est
603 2155 634 2179 et

60 2195 200 2227 molesta.

220 2262 270 2297 11.

740 868 757 886 2
764 868 781 887 2
788 858 817 887 3.
831 857 1008 897 Zephyros,
1020 857 1146 887 elabere
1154 859 1266 890 Franc.

686 903 801 943 pinnis
818 904 937 934 Medic.
955 911 985 934 et
1008 903 1095 934 Gud.
1111 920 1159 927 —-
1178 907 1268 934 Voca

691 948 867 989 Zephyros.
891 951 935 980 Ut
958 950 1054 979 venri
1078 957 1262 986 vocantur,

690 998 764 1025 navi
800 1003 908 1035 parata
943 996 1085 1036 velisque
1121 998 1268 1036 expansis

691 1041 742 1081 (v.
760 1051 829 1081 sup.
846 1043 912 1077 111,
928 1043 1005 1078 2533
1019 1044 1060 1078 V,
1077 1052 1115 1071 21
1127 1044 1264 1079 131⁷111,

693 1097 770 1124 707.
789 1088 829 1116 cf.
856 1087 894 1115 ad
919 1088 1036 1127 Georg.
1055 1089 1123 1125 111,
1154 1088 1265 1128 193),

690 1134 735 1162 sic
759 1132 792 1164 h.
820 1132 842 1163 l.
869 1132 1014 1172 Zephyri
1034 1133 1190 1173 (omnino
1205 1145 1266 1175 pro

689 1180 792 1208 ventis
804 1179 815 1219 )
828 1202 836 1215 ‚
846 1179 965 1218 pennis
975 1201 984 1216 ,
1004 1180 1070 1209 sive
1087 1180 1143 1209 alis
1154 1203 1162 1217 ,
1180 1187 1265 1220 apta·

690 1226 729 1254 tis
744 1235 760 1254 a
773 1226 936 1254 Mercurio
951 1225 1088 1265 pedibus
1099 1249 1107 1263 ,
1122 1226 1162 1256 ad
1180 1228 1265 1256 exci-

686 1270 840 1311 piendum
853 1278 997 1308 ventum,
1011 1282 1077 1311 quo
1087 1282 1144 1312 per
1159 1283 1262 1302 aerem

687 1310 830 1354 feratur,
852 1317 949 1347 volet.
973 1318 1012 1347 ef.
1036 1319 1094 1348 inf.
1121 1329 1152 1349 v,
1185 1321 1262 1359 239.

686 1364 836 1393 Heinsius
850 1370 881 1393 et
893 1363 947 1392 hic
960 1366 1094 1404 exponit
1112 1375 1264 1404 provoca,

686 1417 722 1439 ut
738 1410 854 1451 Georg.
874 1411 942 1447 ΙΠ,
963 1411 1095 1450 ι93.-
1108 1412 1184 1441 225.
1204 1414 1263 1442 Fa-

685 1456 786 1496 tisque
807 1456 902 1486 datas
926 1456 982 1496 (ν.
1008 1458 1042 1494 Ι,
1074 1458 1139 1487 382
1166 1465 1197 1487 et
1222 1458 1261 1487 al.

683 1513 743 1542 pro
767 1503 981 1543 monstratas)
1006 1503 1113 1539 urbes,
1148 1504 1261 1534 urbem

683 1551 837 1586 Romam,
855 1560 886 1579 v.
902 1551 933 1586 Ι,
955 1549 1032 1579 258.
1059 1550 1120 1580 Inf.
1141 1561 1172 1580 v.
1194 1551 1260 1585 234

682 1596 850 1625 Romanas
866 1605 956 1625 arces
974 1595 1057 1625 dixit
1073 1618 1081 1633 ,
1099 1602 1136 1625 ut
1153 1595 1210 1626 lib.
1228 1597 1260 1626 II

684 1641 801 1682 Georg.
824 1651 899 1679 172.

734 1697 797 1726 227
814 1705 860 1711 —-
875 1688 952 1718 231.
975 1690 1103 1719 Summa
1126 1684 1262 1723 δεινότης

685 1732 803 1763 horum
827 1744 998 1770 versuum,
1023 1734 1170 1774 inprimis
1195 1744 1260 1774 229

685 1789 754 1819 sqq.
778 1780 888 1809 Delata
903 1781 938 1808 in
961 1782 1090 1810 AEneam
1108 1790 1164 1816 ea,
1190 1791 1262 1820 quae

686 1825 860 1855 serioribus
886 1826 1082 1866 temporibus
1103 1835 1262 1856 evenere:

687 1872 755 1901 fore
779 1883 851 1901 eum
874 1871 982 1908 talem,
1005 1873 1061 1912 qui
1082 1871 1205 1901 Italiam
1227 1873 1264 1902 iu

687 1917 841 1948 ditionem
866 1917 1023 1959 redigeret
1049 1924 1080 1947 et
1106 1918 1263 1958 populum

687 1963 774 1994 orbis
807 1971 962 1994 terrarum
995 1965 1151 1994 victorem
1185 1974 1263 1994 con-

688 2009 786 2040 deret.
803 2010 868 2044 Bis,
886 2010 983 2040 semel
995 2020 1012 2039 a
1027 2009 1182 2040 Diomede
1199 2011 1263 2039 Ve-

687 2066 750 2086 nus
776 2057 861 2096 ipsa,
889 2055 979 2087 Iliad.
1006 2066 1038 2093 ε,
1072 2057 1135 2087 311
1167 2066 1235 2095 sqq.
1253 2067 1262 2093 ;

687 2109 755 2132 tum
771 2102 810 2132 ab
832 2101 978 2140 Achille,
999 2102 1143 2142 Neptuni
1166 2111 1264 2142 opera

687 2147 777 2179 Iliad.
801 2158 838 2185 υ,
865 2158 928 2188 291
951 2159 1021 2189 sqq.
1041 2147 1109 2178 Alii
1129 2146 1170 2177 ad
1195 2149 1261 2176 Ve-

688 2195 772 2225 neris
813 2195 848 2224 in
881 2194 951 2236 ipso
991 2194 1095 2232 Trojae
1137 2192 1263 2224 excidio

1049 2256 1095 2293 25
