1433 2460
597 60 722 90 LIBER
750 60 775 90 1.

79 120 299 170 Despiciens
319 131 422 156 mare
441 117 666 163 velivolum,
683 127 878 167 terrasque
895 119 1073 169 jacentis,

79 182 285 232 Litoraque
297 209 307 228 ,
323 189 360 218 et
380 181 474 218 latos
490 179 654 230 populos
662 208 672 226 ,
693 179 746 216 sic
762 179 904 216 vertice
925 182 1008 218 coeli

1236 197 1284 220 225

78 241 272 287 Constitit,
295 249 332 277 et
349 239 480 289 Libyae
498 238 629 275 defixit
646 238 788 275 lumina
805 240 940 288 regnis.

79 306 205 352 Atque
221 302 326 338 illum
343 301 426 339 talis
438 301 642 352 jactantem
659 309 815 350 pectore
837 313 946 337 curas

78 434 191 463 Fateor
201 455 210 469 ‚
238 442 358 462 nexum
395 431 448 461 vel
487 431 655 461 transitum

76 479 154 508 mihi
163 489 230 509 non
243 479 344 509 videri
355 489 420 508 esse
430 478 600 508 felicissimi
609 479 657 507 in-

75 527 173 556 venti.
183 525 396 566 Cogitandum
410 532 514 554 tamen
526 525 564 554 de
574 527 594 556 J
597 535 657 555 ove

78 579 180 602 stante
192 595 201 609 ‚
218 579 249 602 et
261 573 474 610 Trojanorum
495 571 655 601 fortunam

75 619 111 648 iu
130 619 237 649 Africa
253 625 358 648 mente
375 618 523 648 volvente
535 641 543 655 ,
558 626 588 648 et
605 628 653 647 ra-

76 665 196 694 tionem
207 689 215 703 ‚
253 675 316 705 qua
353 666 499 695 succurri
533 666 633 705 possit
643 687 651 702 ,

75 712 358 753 circumspiciente.
384 713 454 741 Hoc
468 710 580 741 habitu
595 712 653 740 Jo-

76 769 147 788 γεω
175 760 201 788 si
230 758 325 787 semel
352 764 425 787 ante
451 757 562 787 oculos
592 756 652 786 tibi

75 805 296 841 constitueris,
313 804 394 834 bene
418 814 450 833 se
464 803 584 833 habent
601 814 649 832 re·

72 849 159 890 liqna
170 861 178 888 ;
196 857 227 880 et
239 857 324 880 totus
335 873 343 888 ‚
360 851 417 890 qui
426 851 587 891 sequitur,
601 850 648 879 lo-

73 906 128 926 cus
142 919 150 933 ,
176 907 193 927 e
216 896 490 937 praestantioribus
519 903 566 926 est
594 896 648 926 ha-

71 942 196 973 bendus
206 966 214 980 ,
232 954 331 983 quum
347 950 438 983 poeta
453 942 516 973 hoc
531 944 600 983 ipso
617 950 648 972 et

71 990 261 1020 miraculum
276 989 370 1019 addat
387 989 528 1030 hospitio
543 992 649 1020 AEneae

72 1036 158 1076 apud
179 1036 360 1074 Didonem,
385 1043 435 1073 et,
454 1036 543 1076 quod
568 1036 649 1066 mul-

71 1088 105 1112 to
130 1083 247 1121 majus,
279 1085 500 1113 Romanorum
526 1084 648 1112 animos

70 1129 104 1158 in
121 1130 268 1158 carminis
292 1129 397 1158 statim
425 1127 514 1158 aditu
538 1128 577 1157 ad
597 1131 648 1158 AE-

72 1184 163 1204 neam
178 1182 209 1205 et
224 1182 322 1205 totam
338 1175 418 1204 adeo
434 1175 580 1204 carminis
601 1174 646 1203 fa-

72 1220 180 1251 hulam
206 1221 359 1251 advertat.
391 1222 500 1251 Liueas
528 1222 645 1261 primas

69 1267 165 1306 hujus
179 1266 305 1297 artificii
318 1267 426 1297 videas
438 1268 472 1297 in
485 1267 600 1308 Odyss.
614 1277 626 1296 ε
635 1289 644 1304 ,

72 1314 90 1343 5
101 1325 168 1354 sqq.
180 1337 189 1350 ,
202 1314 259 1344 ubi
272 1315 419 1344 Minerva
428 1313 515 1354 apud
528 1316 645 1344 Jovem

70 1359 84 1402 (
93 1367 129 1390 ut
140 1361 204 1398 jam
217 1360 332 1402 Odyss.
348 1371 368 1390 α
384 1371 433 1401 pr.
453 1359 590 1401 fecerat)
605 1360 643 1391 de

67 1407 244 1448 intercepto
278 1407 401 1448 Ulyssis
431 1407 538 1436 reditu
567 1418 643 1438 con-

69 1454 215 1494 queritur
226 1477 234 1492 ,
266 1454 404 1483 mittitur
445 1454 538 1483 etiam
573 1460 643 1484 tum

67 1500 259 1530 Mercurius.
283 1502 442 1530 Venerem
469 1501 546 1530 Jovi
570 1511 644 1541 sup-

66 1546 182 1586 plicem
195 1553 270 1576 nota
285 1557 423 1588 gemma,
441 1546 497 1576 sed
506 1557 522 1576 a
534 1556 642 1577 receu-

67 1593 166 1630 tiore,
193 1595 356 1634 suspicor,
378 1603 494 1630 manu,
515 1604 643 1634 expres-

65 1648 132 1668 sam
147 1639 187 1668 ad
198 1640 327 1681 Virgilii
339 1640 431 1680 plane
447 1639 582 1670 ductum
595 1640 643 1669 vi-

67 1684 142 1714 dere
162 1685 237 1715 licet
247 1708 256 1723 ‚
284 1696 359 1715 cum
384 1686 476 1723 alibi,
509 1693 580 1716 tum
606 1687 642 1716 in

67 1730 155 1760 Saite
190 1731 246 1760 des
279 1731 403 1761 Pierres
426 1733 561 1774 grave'es
576 1743 644 1773 par

65 1777 157 1808 Mad.
175 1779 220 1807 Le
233 1779 322 1817 Hay,
340 1789 372 1809 η.
388 1780 460 1808 XV.

113 1825 152 1854 In
168 1835 264 1855 verss.
277 1825 457 1862 223—227
473 1823 566 1864 plura
577 1825 643 1854 Ho-

65 1871 144 1900 meri
158 1871 227 1900 loca
238 1878 310 1902 aute
326 1871 437 1902 oculos
445 1870 559 1900 habuit
572 1879 579 1901 :
593 1871 642 1900 in-

64 1917 174 1957 primis
187 1917 276 1948 Iliad.
292 1929 306 1946 ν
319 1940 326 1954 ,
344 1929 392 1958 pr.
407 1925 439 1947 et
453 1918 486 1952 θ,
504 1917 542 1946 51
557 1939 566 1954 ,
586 1917 640 1947 52.

64 1964 158 1993 Mare
186 1964 362 1993 velivolum
396 1963 553 2004 exquisite
567 1986 576 2000 ‚
605 1964 640 1993 in

64 2019 141 2049 qno.
159 2009 229 2040 vela
256 2010 385 2047 volant,
413 2020 487 2039 cum
509 2010 639 2050 proprie

65 2065 160 2086 nava
186 2057 251 2086 sint
277 2057 436 2087 velivoloe.
460 2058 488 2086 T
486 2066 573 2086 erras
584 2055 640 2097 ja-

65 2109 172 2132 centes
179 2103 339 2144 praeclare,
349 2109 495 2144 respectu
509 2102 639 2143 quidem

64 2149 85 2178 J
87 2149 156 2178 ovis
165 2171 175 2187 ‚
188 2160 228 2179 ex
242 2149 304 2180 alto
312 2150 535 2191 prospicientis
547 2159 555 2180 :
569 2159 640 2190 por-

65 2202 157 2225 rectae
177 2195 238 2226 snb
261 2197 332 2237 ipso
353 2203 384 2227 et
401 2197 463 2227 late
477 2202 639 2237 patente53

224 2263 255 2297 Ι.

708 441 902 471 quamquam
921 438 1013 461 terra·
1020 431 1185 472 jacentes,
1203 446 1284 477 gen-

710 484 756 506 tes
767 477 936 518 jacentes,
953 485 984 508 et
1009 478 1084 509 alibi
1105 490 1155 520 ap.
1176 491 1284 522 poetas

710 531 885 554 occurrunt
924 525 1110 565 simpliciter
1140 529 1258 567 post'tae
1274 542 1286 560 .-

709 571 853 600 similiter
874 571 936 600 lati
954 572 1072 611 populi
1096 581 1171 604 sunt
1196 575 1290 608 dicti.-

709 618 777 653 Sic,
800 616 901 652 αὕτως
915 640 924 654 ,
944 628 1010 647 non
1037 629 1161 659 semper
1180 628 1226 651 est
1242 630 1286 654 te-

706 674 792 693 mere
811 664 861 693 vel
874 663 990 693 frustra
1000 686 1008 700 ‚
1024 664 1079 693 sed
1094 666 1139 694 sic
1150 688 1158 703 ‚
1172 669 1219 697 uti
1235 680 1284 700 res

705 721 737 740 se
752 709 847 739 habet
858 732 867 746 ‚
881 719 946 749 quo
960 716 1043 739 statu
1056 710 1108 740 illa
1123 719 1169 741 est
1182 722 1191 743 :
1205 715 1287 747 sicut

705 764 795 791 erat;
809 758 1028 786 Romanorum
1042 764 1210 796 poetarum
1220 782 1228 798 ‚
1243 762 1283 792 cf

703 802 794 833 Iliad.
818 812 850 839 z,
871 803 958 838 255;
974 809 1005 832 et
1021 802 1116 833 habet
1140 804 1206 836 fere
1234 818 1283 849 μι-

703 861 777 892 υπς’.
779 848 814 879 7.).
818 861 832 878 ν
843 848 979 889 aliquid,
996 856 1032 879 ut
1044 849 1134 881 Iliad.
1150 862 1191 894 γ,
1215 863 1280 884 220

701 906 794 938 φανῇς
821 906 856 926 κε
871 893 993 931 17:207?
991 895 1128 926 173'722’
1152 897 1229 941 {uffae
1232 911 1284 930 ια’.

703 941 1042 986 20:2¹127'257mgmcf
1054 943 1145 974 Iliad.
1158 943 1280 984 ζ,4οο;

702 1000 846 1027 ·t‚1oo;
861 1000 898 1027 κ,
930 990 987 1026 50;
1014 992 1051 1027 λ,
1080 990 1166 1019 388·
1158 999 1214 1028 ,et
1239 993 1278 1024 al.

702 1039 778 1068 Non
787 1044 904 1066 temere
911 1037 932 1066 J
933 1046 1027 1066 ovem
1034 1036 1144 1066 oculos
1154 1013 1284 1069 inAfri-

701 1094 746 1112 cae
773 1083 865 1113 litora
891 1089 922 1112 et
949 1085 1055 1112 AEneae
1075 1083 1280 1125 naufragium

700 1131 840 1159 intentos
858 1128 1024 1165 habuisse,
1050 1137 1189 1170 arguunt
1201 1131 1255 1161 illa
1271 1142 1279 1163 :

700 1175 815 1218 defixit
829 1174 1085 1204 lumina—tales
1092 1175 1278 1216 jactantem

693 1229 826 1262 pectore
844 1232 946 1251 curas.
985 1222 1087 1261 Igitur
1117 1224 1276 1263 accipien-

699 1268 796 1305 dum,
820 1267 881 1304 sic,
912 1273 949 1296 nt
983 1273 1068 1303 erat,
1099 1267 1277 1308 despiciens

697 1313 853 1350 constitit,
867 1324 927 1354 pro
941 1313 1093 1353 simplici,
1111 1317 1277 1355 prospexit

697 1368 805 1392 terras.
831 1362 951 1392 Ornate
961 1383 970 1397 ‚
999 1359 1155 1398 constitit,
1185 1363 1275 1402 quod

696 1407 843 1438 homines
859 1407 959 1436 facere
981 1406 1100 1443 solent,
1121 1408 1178 1447 qui
1197 1419 1274 1439 ocu-

695 1454 744 1484 los
761 1455 965 1494 animumque
990 1453 1024 1482 in
1047 1453 1184 1494 aliquam
1206 1465 1274 1485 rem

695 1500 869 1531 intendunt
897 1501 1051 1542 (stantem
1075 1508 1181 1530 autem
1197 1511 1272 1532 con-

694 1555 742 1577 tra
755 1558 877 1578 morem
888 1570 896 1584 ,
911 1557 978 1577 non
990 1546 1152 1577 sedentem
1159 1548 1179 1578 J
1181 1558 1274 1578 ovem

695 1594 748 1624 hic
777 1595 916 1635 cogitare
941 1603 1067 1623 necesse
1089 1593 1156 1635 est)
1172 1601 1203 1624 et
1217 1595 1272 1624 de-

684 1640 770 1684 fixit
784 1641 891 1671 oculos
911 1639 1019 1681 regnis
1039 1639 1165 1680 Libyae,
1183 1642 1219 1670 in
1233 1641 1272 1671 li-

695 1694 763 1718 tore
779 1688 896 1718 Africae
907 1709 915 1724 ,
933 1686 972 1716 ad
987 1686 1076 1727 quod
1091 1689 1204 1717 Eneas
1218 1697 1271 1716 na-

693 1744 748 1764 ves
767 1733 975 1764 subduxerat.
1000 1732 1143 1763 Notabili
1165 1740 1270 1762 antem

693 1781 847 1810 orationis
873 1780 1027 1809 brevitate
1051 1780 1167 1809 Jovem
1188 1780 1272 1820 cogi·

694 1825 873 1855 tahundum
882 1826 1002 1854 stetisse
1015 1823 1150 1854 declarat
1163 1831 1268 1864 poeta,

694 1878 725 1901 et
739 1882 847 1906 curas,
861 1872 1066 1912 cogitationes
1081 1877 1112 1900 et
1123 1871 1267 1909 consilia,

694 1917 734 1948 de
746 1916 887 1959 parando
895 1917 1041 1955 Trojanis
1050 1916 1137 1958 apud
1151 1918 1267 1948 Poenos

693 1964 849 2005 hospitio,
863 1964 943 2005 (inf.
958 1974 1004 1993 vs.
1024 1973 1086 2003 297
1099 1962 1113 2004 )
1125 1964 1265 2004 agitasse.

692 2013 803 2051 Itaque
817 2017 963 2051 respectu
976 2010 1029 2039 τοῦ
1055 2009 1100 2039 sie
1113 2010 1262 2048 subjicit,

693 2058 775 2087 tales
797 2068 890 2086 curas
914 2056 1098 2097 jactantem
1111 2079 1121 2092 ,
1150 2055 1186 2086 id
1219 2063 1266 2086 est

692 2114 766 2134 cum
784 2103 872 2133 hunc
889 2105 924 2134 in
939 2102 1071 2133 modum
1087 2102 1265 2133 oculis-ani-

693 2161 810 2191 moque
828 2151 862 2181 in
884 2152 990 2182 AEneae
1011 2149 1082 2180 fatis
1108 2156 1188 2180 esset
1211 2149 1264 2179 de-

693 2195 790 2228 fixus.

1052 2266 1075 2305 4
