1433 2460
603 100 726 132 LIBER
751 99 777 130 Ι.

86 160 277 208 Desuper,
297 155 546 206 horrentique
563 164 689 194 atrum
705 169 837 193 nemus
855 155 1011 195 inminet
1027 156 1176 196 umbra.

1250 108 1293 137 29

1244 165 1294 191 165

87 221 226 256 Fronte
246 218 316 256 sub
338 217 497 255 adversa
513 218 678 268 scopulis
698 217 953 267 pendentibus
973 221 1146 266 antru'm;

86 282 192 317 Intus
208 291 316 329 aquae
336 278 482 326 dulces,
499 279 666 328 vivoque
686 278 818 315 sedilia
834 292 925 316 saxo
936 308 946 327 ‚

86 338 352 389 Nympharum
370 338 504 376 domus
522 354 530 375 :
550 338 611 375 hic
633 339 746 376 fessas
763 351 840 376 non
859 340 1012 377 vincula
1030 340 1137 378 navis

88 399 174 436 Ulla
193 408 338 447 tenent3
360 413 457 437 unco
476 412 554 436 non
571 399 711 450 adligat
727 412 868 437 ancora
885 413 1030 437 morsu.

141 461 226 497 Huc
241 469 386 511 septem
401 462 538 498 AEneas
555 460 734 498 conlectis
750 460 912 498 navibus
930 460 1033 498 omni

89 611 314 651 terpretatione
328 619 403 642 sunt
420 623 481 643 vss.
496 614 512 643 3
523 623 573 649 10,
588 613 603 643 3
614 624 625 642 ι
636 623 663 650 1,

92 657 234 688 Classem
267 657 301 686 in
329 669 472 689 convexo
502 670 667 689 nemorum

91 703 146 733 sub
162 714 238 743 rupe
252 713 377 740 cavata,
392 705 563 735 Arboribus
579 706 669 735 clau-

92 760 161 779 sam
188 749 306 779 circum
340 758 436 791 atque
472 750 668 780 horrentibus

92 795 208 825 umbris
228 796 360 826 Occulic.
376 798 481 826 Litora
499 796 596 835 hujus
614 808 667 838 ge-

91 843 176 872 neris
202 852 285 882 saepe
320 850 557 879 memorantur3
581 854 612 873 V.
638 854 666 874 c.

92 888 246 929 Apollou.
263 889 294 917 11
305 911 313 925 ,
327 899 341 926 7
351 889 391 924 34
401 911 409 926 ‚
431 890 462 926 5,
482 889 513 919 6.
531 890 670 920 Scenam

92 945 176 964 nove
200 933 282 964 dixit
305 942 401 975 poeta
429 934 468 965 de
497 944 671 977 prospectu

93 981 191 1021 longo
206 981 290 1011 inter
301 980 411 1018 silvas,
433 981 466 1012 h„
485 993 512 1012 e.
529 983 669 1014 arbores.

94 1029 185 1058 Hanc
203 1038 353 1065 scenam,
366 1028 399 1058 h.
419 1040 447 1059 e.
463 1037 671 1069 prospectum

93 1074 243 1104 silvarum
259 1085 470 1111 coruscat-um,
482 1076 617 1106 tremula
626 1077 672 1105 iu-

94 1128 142 1151 ter
175 1121 339 1151 intervalla
369 1122 443 1152 luce
472 1123 671 1160 micantium,

96 1167 175 1197 dum
193 1174 290 1197 vento
312 1175 484 1198 moventur
499 1168 577 1209 (inf.
596 1170 671 1206 XII,

100 1225 178 1253 701,
195 1224 230 1251 2,
247 1222 305 1243 auc
320 1214 385 1255 ipse
409 1214 545 1244 coruscis
569 1216 673 1255 Quum

89 1260 206 1302 fi·emit
219 1260 342 1290 ilicibus
356 1269 496 1301 quantus
509 1264 674 1301 —Apen-

98 1308 195 1337 ninus
203 1306 227 1347 )‚
244 1314 276 1336 et
297 1307 360 1337 hoc
389 1318 499 1337 nemus
518 1308 676 1348 Virgilius

100 1364 141 1384 ex
165 1363 228 1383 nna
253 1353 322 1383 olea
347 1354 434 1395 apud
457 1356 588 1385 Homer.
611 1364 673 1384 102

99 1401 295 1441 propagavit,
310 1407 459 1441 tanquam
478 1412 519 1431 ex
532 1401 675 1432 surculo.

101 1446 255 1477 Hom-enti
275 1447 387 1477 umbra
410 1447 494 1478 conf.
520 1458 616 1488 supra
639 1446 678 1477 ad

101 1495 238 1525 Prooem.
252 1499 282 1529 4.
293 1496 367 1524 Post
376 1493 472 1524 silvas
482 1501 678 1524 memoratur

103 1549 214 1570 nemus
235 1551 246 1570 .·
261 1547 411 1580 tanquam
424 1548 497 1581 post
513 1541 609 1570 latius
619 1563 627 1578 ,
643 1540 678 1570 id

102 1585 191 1626 quod
213 1594 346 1627 partem,
365 1587 414 1616 vel
434 1598 534 1628 genus
557 1588 676 1617 consti-

103 1633 166 1662 tuit
180 1641 188 1662 :
203 1632 268 1663 fere
282 1640 318 1662 ut
334 1634 366 1662 in
378 1634 490 1664 Horat.
504 1635 530 1670 I,
545 1633 607 1664 Od.
621 1643 676 1671 21,

106 1677 143 1714 5,
165 1688 330 1708 nemorum
356 1689 450 1708 coma
481 1690 679 1719 quaecunque

99 1723 265 1764 prominet
295 1724 394 1765 nigris
419 1724 512 1755 silvis.
542 1742 589 1748 —·
602 1726 677 1756 165.

106 1769 240 1800 Eminet
250 1772 359 1812 Puget.
374 1771 480 1800 minus
495 1771 588 1802 hene.

157 1816 232 1846 166.
266 1815 393 1846 Fronde
424 1816 530 1846 GraeV.
560 1818 682 1846 Aversa

107 1862 206 1892 Goth.
226 1873 275 1902 pr.
294 1879 341 1885 —
362 1862 424 1891 166
444 1879 490 1884 —-
509 1862 583 1892 168.
609 1864 680 1892 Hoc

108 1915 234 1938 antrum
245 1908 355 1938 itidem
369 1919 410 1937 ex
425 1910 566 1939 Homero
576 1920 601 1939 ν.
617 1910 678 1939 103

107 1971 155 1978 —-
168 1965 181 1984 1
192 1965 242 1985 12.
262 1954 323 1985 Sed
339 1954 425 1994 apud
439 1954 527 1986 hunc
550 1962 611 1984 tam
628 1966 683 1984 au-

109 2008 199 2043 gusta
215 2001 280 2031 loci
301 2001 404 2038 facies,
423 2007 485 2030 tam
504 2001 684 2031 veneranda

110 2048 305 2089 antiquitatis
314 2048 471 2083 sauctitas,
485 2054 522 2077 ut
531 2047 685 2089 Virgilius

112 2093 152 2124 ab
169 2101 261 2124 antro
280 2093 424 2124 ornando
439 2094 532 2134 plane
553 2094 688 2124 abstine-

113 2147 172 2172 ret.
183 2141 284 2181 Atqui
299 2147 330 2170 et
344 2140 405 2170 hoc
414 2140 569 2178 judicium
582 2140 688 2182 magui

114 2194 218 2228 poetae
235 2193 291 2217 est.
313 2188 431 2216 Fronte
449 2186 504 2216 sub
527 2186 660 2217 adversa
675 2197 686 2216 .-

116 2233 156 2264 de
185 2234 337 2265 interiore
366 2234 559 2264 continentis
594 2233 688 2264 litore

721 612 810 653 (non
821 611 861 642 de
876 611 978 641 insula
986 611 998 652 )
1007 611 1070 641 hoc
1083 619 1129 642 est
1144 615 1300 654 accipien-

720 658 798 687 dum
813 667 820 687 :
835 657 924 698 quod
936 665 982 687 est
995 658 1164 688 adversum
1177 661 1301 690 intran-

722 704 808 733 tibus
815 704 932 733 sinum.
944 703 1166 743 ,Nympharum
1174 706 1297 744 domus,

721 751 815 779 etiam
827 748 942 789 Odyss.
959 761 998 791 μ,
1016 750 1092 785 318,
1110 750 1149 780 de
1165 754 1302 782 antroiu

722 795 826 825 insula
850 796 953 826 Solis:
969 789 1051 827 ἔνθα.
1076 792 1106 826 δ’
1124 795 1195 827 ἔσαν
1215 801 1301 841 Νυμ-

723 840 804 883 φέων
829 839 920 871 κοιλςὶ
938 840 1026 885 χοροὶ
1042 839 1099 876 ἠδὲ
1115 842 1227 874 θόωκοι
1246 845 1300 885 (h.

717 887 889 928 planities,
909 899 1004 928 quam
1029 889 1069 919 ad
1094 890 1224 920 choreas
1248 901 1303 932 ap-

724 941 788 964 tam
802 934 934 972 diceres,
950 943 983 965 ec
996 936 1137 977 sedilia).

776 981 850 1017 168,
869 982 943 1021 169.
960 981 1031 1018 Hic,
1050 993 1118 1012 non
1138 982 1171 1012 in
1188 991 1303 1020 antro,-

724 1027 779 1057 sed
803 1029 838 1058 in
858 1027 931 1057 loco
952 1029 1036 1058 iuter
1057 1029 1133 1058 litus
1162 1036 1194 1058 et
1218 1031 1305 1060 insn—

716 1073 805 1111 lam,
819 1075 876 1114 qui
890 1084 950 1114 pro
968 1081 1076 1115 portu,
1093 1086 1148 1105 seu
1166 1083 1235 1106 tuta
1252 1087 1305 1106 na-

725 1122 814 1150 vium
828 1122 963 1150 statione
982 1128 1059 1158 erat,
1072 1123 1106 1151 in
1130 1123 1202 1151 sinu
1218 1133 1304 1163 pone

725 1167 880 1204 insulam,
896 1168 933 1196 in
956 1178 1076 1197 secessu
1097 1169 1160 1208 159
1183 1179 1304 1199 memo-

726 1221 806 1244 rato.
830 1217 890 1244 Επ
893 1213 975 1244 ’.σθεν
1012 1210 1047 1244 δε
1076 1212 1129 1243 ἄνε
1132 1224 1148 1243 υ
1179 1210 1214 1244 δε
1203 1225 1272 1245 ’συ.
1263 1215 1305 1246 ῖο

728 1271 765 1290 ue
761 1259 798 1289 ’νο
802 1270 849 1290 υσι
866 1261 945 1295 Νῆες
964 1259 1048 1290 ἑυσσε
1051 1263 1109 1290 >ua
1163 1259 1235 1291 ὅταν
1259 1260 1308 1304 ἕρ-

728 1317 766 1350 μι
756 1317 786 1336 υ
806 1317 860 1349 με,
848 1317 881 1336 ·:
887 1304 1066 1337 ’.νῖκωνται
1071 1283 1161 1338 ibid.
1182 1318 1212 1338 V.
1229 1318 1306 1347 100,

734 1364 808 1384 101.
826 1353 924 1383 Vides
946 1354 1068 1394 ubique
1081 1354 1265 1395 Virgilium,
1281 1356 1308 1384 si

730 1401 885 1430 sententia
923 1407 1042 1430 certare
1076 1411 1144 1430 non
1171 1408 1310 1440 poterat,

730 1446 904 1477 verborum
927 1454 1045 1477 ornatu
1063 1457 1139 1476 cum
1163 1448 1308 1478 Homero

731 1493 942 1523 contendisse.
971 1496 1016 1523 At
1036 1493 1250 1524 indicabimus
1278 1500 1311 1524 et

730 1539 826 1578 hujus
845 1546 977 1570 ornatus
1001 1539 1127 1571 lineas:
1144 1540 1260 1581 Odyss.
1279 1552 1308 1596 ι’,

735 1586 810 1617 156.
826 1589 865 1617 Εν
889 1582 924 1616 δὲ
946 1584 1037 1628 λιμτι
1063 1585 1188 1630 εὔορμα,
1177 1584 1258 1624 ,ἶν’
1275 1586 1309 1617 οὐ

731 1643 769 1674 χε
757 1630 814 1662 εὼ
842 1642 894 1662 πει
887 1629 996 1662 ’σιιειτο
1038 1632 1085 1669 ive
1087 1645 1100 1663 ν
1113 1656 1121 1670 ,
1138 1631 1202 1663 αὔτ’
1222 1630 1311 1669 εὐνὰς

732 1677 826 1717 {uois
831 1690 909 1716 ιν,
895 1679 965 1709 οὔτε
994 1678 1159 1722 πρυμντζσϋ
1190 1677 1311 1720 ἀνάψαι

732 1732 793 1755 etc.
811 1725 910 1755 Vides
931 1725 1068 1756 ‘vincula
1089 1733 1121 1755 et
1136 1736 1309 1764 ancoram,

733 1770 788 1800 sed
805 1778 938 1802 ornate:
965 1782 1047 1801 unco
1074 1783 1140 1801 non
1171 1771 1312 1813 alligata

736 1827 840 1845 morsu
850 1829 862 1852 ;
879 1817 1030 1847 translato
1053 1817 1194 1858 epitheto
1215 1828 1310 1848 anco-

735 1872 779 1892 rae
807 1862 847 1891 ad
874 1873 1024 1894 morsum.
1057 1864 1119 1893 Inf.
1143 1865 1225 1902 XII,
1243 1870 1311 1903 274

736 1908 858 1938 mordet
856 1907 974 1950 fibula.
983 1910 1089 1940 Simile
1096 1909 1314 1951 Nymphaeum

737 1954 775 1984 ad
785 1955 945 1984 Heracleae
961 1957 1101 1986 Ponticae
1115 1966 1206 1998 agros
1216 1963 1314 1987 trans-

737 2000 876 2031 tulerant
892 2007 1013 2032 veteres
1025 2009 1128 2043 poetae
1138 2025 1147 2040 ,
1160 2003 1247 2043 quod
1263 2014 1313 2034 re-

738 2048 830 2088 petiit
851 2058 891 2077 ex
907 2049 944 2077 iis
963 2050 1103 2088 Quintus
1123 2049 1231 2081 Calah.
1244 2051 1312 2088 VI,

742 2100 807 2131 470
822 2104 890 2134 sqq.
907 2095 1051 2125 versibus
1068 2106 1136 2126 non
1150 2096 1250 2127 malis.
1265 2113 1314 2120 --

746 2140 970 2181 169.AEquora
983 2141 1060 2172 alter
1074 2142 1226 2174 Rottend.
1239 2143 1312 2174 Ullo

742 2197 807 2216 non
819 2186 1005 2218 emendabat
1022 2188 1170 2231 Scaliger.

792 2244 804 2265 x
813 2244 827 2271 ’,-
835 2244 854 2263 0
865 2251 910 2258 --
926 2245 938 2264 1
947 2245 962 2273 7
970 2235 1000 2266 3.
1022 2236 1148 2276 Septem
1163 2235 1292 2266 navibus
1301 2248 1314 2272 ‚-

1146 2289 1188 2325 3.
