1402 2460
576 84 697 114 LIBER
723 84 780 113 111.

1215 80 1274 109 251

77 146 222 180 Nomen
239 140 524 178 Achaemenides
536 167 544 183 ‚
561 141 712 187 'frojam
723 167 733 185 ‚
750 138 919 188 genitore
937 137 1140 174 Adamasto

78 207 264 252 Paupeoe,
288 200 558 248 mansissetque
579 198 722 235 utinam
742 200 927 234 Fortuna!
956 198 1158 247 profectus.

1229 206 1278 228 615

78 264 148 301 Hic
167 275 245 307 me,
267 261 356 297 dum
374 260 512 310 trepidi
533 258 703 296 crudelia
721 258 850 294 limina
871 258 1062 307 linquunt,

79 327 324 361 Immemores
344 321 438 358 socii
456 329 564 357 vasto
584 320 758 369 Cyclopis
776 319 814 354 in
834 326 942 354 antro

81 386 304 420 Deseruere.
321 384 466 418 Domus
488 381 597 418 sanie.
608 379 846 430 dapibusque
864 378 1047 423 cruentis,

80 447 184 481 Intus
204 456 340 493 opaca,
359 443 500 492 ingens.
520 444 605 491 Ipse
627 441 767 478 arduus
785 440 952 489 ‚altaque
974 440 1096 489 pulsat

82 503 233 548 Sidera,
258 503 325 548 Di,
347 502 457 539 talem
477 502 587 538 terris
608 500 769 538 avertite
786 501 944 550 pestem!

1233 508 1281 532 620

80 565 158 599 Ncc
174 563 258 599 visu
278 562 414 607 facilis,
433 575 502 598 nec
520 562 624 598 dictu
643 559 816 599 adfabilis
838 559 914 596 ulli.

82 690 135 717 nio
167 687 274 717 deberi
304 688 429 718 videtur
442 711 450 725 ‚
475 689 595 718 scilicet
620 693 656 717 ut

82 735 123 763 ita
135 735 300 764 Homerica
311 734 349 764 de
360 734 500 774 Cyclope
514 736 656 764 intexere

83 782 146 809 suis
163 781 304 810 versibus
324 786 438 821 posset.
458 782 539 811 Nam
556 780 656 810 delec-

83 833 148 856 tare
164 827 242 856 solet
259 833 289 856 et
302 827 382 862 hoc,
403 829 429 857 si
446 826 565 856 fabulas
578 850 586 864 ‚
603 837 657 856 no-

85 879 129 901 tas
145 873 272 912 quidem
289 883 347 902 nec
366 884 463 903 novas
474 896 482 911 ‚
507 883 589 903 nova
610 879 655 902 ta-

84 928 156 947 men
173 929 246 948 cum
265 920 456 956 variatione,
476 930 562 949 novo
584 930 656 949 cum

85 971 198 994 ornatu
209 987 217 1001 ‚
244 972 275 995 et
300 966 334 995 in
362 976 446 996 novo
473 976 579 995 rerum
606 965 656 995 vel

84 1011 273 1041 narrationis
288 1010 399 1041 ordine
412 1012 553 1053 legimus,
568 1014 653 1042 Tem-

85 1067 200 1097 porum
225 1058 339 1087 rationi
365 1058 494 1098 quidem
518 1057 659 1087 adversa-

87 1110 138 1132 tur
164 1103 226 1133 hoc
255 1104 431 1144 episodium
443 1126 451 1140 ‚
482 1103 570 1142 quod
594 1104 657 1141 jain

88 1149 173 1189 apud
195 1151 340 1179 Servium
363 1155 509 1179 notatum
533 1148 658 1185 videas3

89 1195 217 1235 Ulysses
237 1196 320 1225 enim
341 1196 423 1224 inter
437 1195 526 1224 initia
546 1196 660 1225 erroris

89 1242 138 1270 sui
156 1240 194 1270 ad
216 1241 371 1281 Cyclopas
394 1247 539 1277 venerat,
559 1247 589 1270 at
609 1243 659 1270 ΙΕ-

88 1297 161 1316 neas
171 1287 272 1316 multo
282 1288 390 1317 serius.
408 1286 468 1317 Sed
478 1288 512 1316 iu
526 1287 641 1316 talibus
649 1308 657 1323 ‚

89 1343 160 1373 quae
191 1333 340 1363 lectorem
373 1343 440 1363 non
471 1332 658 1369 offendunt,

90 1380 149 1409 nisi
164 1379 292 1409 molesta
304 1379 476 1409 subtilitate
487 1380 585 1409 aliena
597 1389 612 1408 a
628 1389 660 1408 re

89 1426 235 1466 praesenti
249 1425 483 1463 admiscentem,
495 1426 574 1455 male
584 1435 660 1466 poe-

91 1479 135 1502 tas
159 1472 377 1512 reprehendas.
407 1471 558 1502 Genitore
585 1482 663 1512 pau-

86 1529 164 1560 pere
177 1530 187 1548 :
204 1529 276 1549 curn
297 1520 472 1560 genitorem
492 1528 662 1560 pauperem

92 1564 250 1605 haberem.
266 1567 342 1606 Sup.
358 1567 408 1603 ΙΙ,
428 1566 467 1603 87
487 1568 616 1605 Pauper
629 1564 662 1593 in

93 1622 185 1640 arma
198 1619 296 1652 pater
306 1610 419 1652 primis
437 1611 497 1641 Ιιιισ
515 1611 600 1641 misit
623 1610 663 1640 ab

95 1657 200 1687 annis.
211 1658 324 1688 Nescio
338 1665 442 1687 tamen
451 1680 459 1696 ,
475 1668 579 1688 annon
593 1668 666 1697 poe-

95 1711 125 1733 ta
151 1713 206 1733 sua
233 1705 339 1744 potius
363 1711 504 1744 tempora
515 1726 523 1741 ‚
549 1703 665 1744 quibus

96 1749 206 1779 militia
214 1750 297 1779 inter
307 1750 379 1780 vitae
388 1760 500 1791 genera
509 1756 666 1790 quaestuo·

96 1806 127 1825 sa
142 1802 207 1825 erat
220 1795 270 1836 (v.
291 1796 330 1825 ad
348 1795 467 1826 Tibull.
484 1797 517 1832 Ι,
542 1806 554 1825 1
573 1795 664 1836 pn),

96 1852 192 1882 quam
205 1843 373 1872 Homerica
390 1842 581 1882 respexerit3
594 1851 666 1870 nam

98 1887 184 1917 addit
201 1898 208 1918 z
226 1888 454 1929 mansissetque
469 1887 592 1917 utinam
598 1886 667 1928 for-

98 1942 175 1964 tuna
191 1937 202 1963 !
223 1935 371 1965 Ceterum
391 1934 453 1964 hoc
478 1934 598 1964 dictum
623 1939 668 1962 est

99 1981 269 2022 elegantius
283 1991 377 2021 quam
390 1981 528 2012 :utinam
537 1990 669 2021 pauper,

86 2026 239 2068 'adeoque
261 2027 371 2065 domi,
400 2037 525 2057 manere
550 2026 672 2058 maluis-

99 2084 163 2103 sem
172 2074 179 2103 !

147 2120 224 2150 616.
255 2121 334 2152 Cum
362 2119 484 2161 Ulyssis
514 2120 608 2156 socii,
632 2129 673 2148 ne

103 2165 315 2207 Polyphemus
336 2166 485 2205 injuriam
506 2166 672 2195 ulciscere-

103 2218 171 2246 tur,
187 2212 261 2254 fuga
277 2223 308 2243 se
329 2214 544 2254 proriperent,
570 2211 672 2243 Ache-

710 685 859 716 maenides
871 685 951 716 forte
965 684 1123 714 remansit.
1140 683 1282 723 Trepidi,

710 732 790 762 bene
805 732 961 771 adjectum
973 753 981 768 ‚
997 741 1062 772 prae
1073 730 1282 760 festinatione.

710 779 841 808 -618.
857 780 977 808 Domos
992 776 1109 808 Medic.
1125 775 1154 817 (a
1167 786 1208 806 m.
1220 776 1284 817 pr.)

711 832 782 855 tert.
798 823 948 856 Rottend.
964 826 1043 853 Sane
1060 824 1182 852 Domus
1194 822 1285 851 sanie

709 871 906 912 dapibusque
919 881 946 900 c.
958 869 1124 899 durissima
1133 869 1285 907 junctura

709 917 847 954 dictum,
863 927 922 958 pro
935 917 1067 946 saniosa.
1085 916 1286 945 Burmannus

708 963 836 994 videtur
854 963 1002 1004 probasse
1017 963 1058 992 H.
1072 961 1222 1001 Stephani
1239 961 1287 990 in-

711 1011 967 1050 terpretationem
985 1018 992 1038 ε
1012 1017 1116 1048 opaca
1140 1008 1232 1036 sanie
1257 1014 1288 1036 et

711 1055 845 1095 dapibus
856 1078 864 1091 ‚
882 1054 968 1095 quod
987 1061 1019 1084 et
1035 1054 1149 1083 durum
1166 1061 1196 1083 et
1209 1054 1286 1092 jeju-

712 1111 789 1130 num
814 1108 869 1131 est.
895 1101 998 1131 Obvia
1017 1107 1063 1130 est
1082 1099 1260 1130 emendatio
1279 1108 1286 1127 :

713 1149 834 1176 Domus
841 1146 932 1176 sanie
938 1146 1132 1187 dapibusque
1139 1153 1286 1181 cruenta;

712 1194 820 1233 sicque
831 1193 1020 1223 Wittianum
1036 1192 1152 1223 habere
1171 1191 1284 1229 video;

713 1239 810 1269 modo
833 1238 1007 1280 distinguas
1029 1249 1036 1269 :
1062 1239 1173 1268 domus
1196 1238 1288 1268 sanie

712 1285 908 1325 dapibusque
917 1292 1047 1314 cruenta
1058 1286 1157 1321 Intus,
1173 1294 1286 1325 opaca,

714 1332 838 1373 ingens.
856 1333 944 1371 Saepe
957 1330 1094 1371 epitheta
1106 1331 1229 1360 librarii
1242 1341 1287 1360 ac-

713 1377 915 1408 commodant
943 1378 1092 1417 proximo
1120 1377 1286 1407 vocabulo.

717 1426 825 1465 Dapes
844 1430 949 1453 autem
966 1424 1042 1464 ipsae
1064 1430 1153 1457 erant
1176 1434 1287 1453 cruen-

717 1478 774 1508 tae,
793 1470 869 1500 hinc
884 1471 953 1499 sine
967 1469 1066 1500 dubio
1086 1477 1288 1500 cruentatum

717 1524 855 1547 antrum.
872 1534 918 1539 —
929 1517 1049 1545 Domus
1067 1516 1158 1546 sanie
1172 1539 1181 1552 ‚
1201 1527 1260 1556 pro
1278 1540 1285 1553 ‚

716 1564 854 1600 saniosa‚
880 1573 942 1592 usu
968 1573 1058 1592 casus
1073 1563 1155 1592 sexti
1180 1562 1288 1602 paullo

717 1609 984 1640 duriora—620.
995 1619 1042 1649 sq.
1059 1611 1183 1638 Pestem
1193 1631 1202 1644 ,
1220 1619 1289 1649 pes-

717 1656 809 1686 tilens
825 1662 855 1685 et
869 1656 1039 1685 exitiosum
1056 1654 1222 1684 hominum
1241 1656 1289 1683 vi-

719 1709 758 1731 tae
782 1708 972 1731 monstrum.
1001 1702 1070 1731 Nee
1090 1700 1164 1730 visu
1176 1699 1291 1741 facilis

719 1748 750 1777 h.
771 1758 798 1777 e.
816 1748 904 1784 cujus
917 1746 1101 1787 adspectum
1117 1756 1183 1775 non
1199 1746 1290 1775 facile

720 1794 832 1834 aliquis
852 1793 931 1822 ferat
952 1790 1184 1835 (ἀπροσόρατος
1211 1803 1289 1822 vooe

720 1838 858 1880 Orphica
875 1861 883 1876 ,
903 1835 1174 1877 δυσαντίβλεπτος.
1205 1839 1289 1868 Beue

720 1888 806 1916 Serv.
819 1899 833 1910 «
844 1884 932 1925 cujus
939 1885 1042 1926 possit
1053 1884 1149 1914 etiam
1160 1884 1290 1925 adspec-

722 1939 769 1961 tus
797 1930 914 1973 inferre
931 1931 1144 1973 formidinem
1162 1946 1177 1957 n
1191 1930 1203 1971 )
1230 1941 1290 1960 noc

723 1978 873 2008 sustineat
888 1977 1129 2019 alloquium.—
1139 1977 1217 2007 621.
1232 1976 1292 2018 Af:

716 2023 833 2066 fabilis
861 2025 993 2054 retinuit
1017 2024 1166 2054 Heinsius
1199 2022 1292 2053 codd.

727 2070 1075 2112 Grammaticorumque
1091 2070 1276 2100 auctoritate
1287 2081 1295 2106 ;

727 2124 758 2147 et
772 2116 917 2147 Macrob.
933 2119 1065 2155 Sat.VI,
1091 2127 1104 2146 1
1131 2115 1171 2146 ab
1192 2117 1293 2145 Accio

725 2165 760 2194 in
784 2163 956 2194 Philoctete
975 2169 1115 2193 sumtum
1136 2168 1268 2192 testatur
1285 2172 1291 2192 :

730 2211 828 2251 Quem
843 2220 945 2251 neque
963 2209 1045 2240 tueri
1061 2215 1173 2241 contra
1193 2218 1293 2248 neque
