1402 2460
568 75 690 104 LIBER
716 75 757 103 11.

71 134 215 184 Saepius
233 131 499 169 Andromache
518 131 616 167 sci-rc
634 130 852 167 incomitata
870 129 1013 167 solebat

69 193 128 230 Ad
144 204 312 238 soceros,
331 200 368 228 ct
386 204 457 228 avo
473 204 634 241 puerum
651 195 881 240 Astyanacta
900 189 1084 227 trahebat.

70 252 199 290 Evado
221 251 268 288 ad
284 251 420 289 summi
443 252 589 301 fastigia
607 251 779 288 culminis
796 280 805 297 ,
827 251 927 288 unde

68 313 157 350 Tela
175 326 288 351 manu
305 313 431 350 miseri
444 312 640 363 jactabant
658 312 771 348 inrita
786 311 935 348 Teucri.

67 374 220 410 Turrim
242 373 281 410 in
298 373 484 423 praecipiti
500 381 678 419 stantem,
697 373 927 421 summisque
943 370 1013 408 sub
1035 380 1134 408 astra
1153 419 1156 422 ἦ
1214 380 1264 409 ⁴60

70 432 252 470 Eductam
272 432 397 480 tectis,
415 432 515 470 unde
534 433 655 470 omnis
671 433 785 484 Troja
802 432 942 478 videri,

63 575 192 616 pervius
205 588 276 607 usus
291 585 442 607 tectorum
459 577 585 607 Priami
599 577 644 607 in-

71 630 119 652 ter
140 634 191 659 se,
219 624 252 654 h.
279 635 307 655 e.
331 635 392 664 qua
417 635 591 654 commeare
613 631 643 654 et

71 671 242 700 convenire
265 682 297 701 se
318 671 454 700 invicem
477 670 642 701 commode

72 722 236 756 poterant,
268 719 324 757 qui
349 717 567 746 inhabitabant
593 727 642 746 re-

72 763 153 802 giam
165 772 173 798 ;
187 762 220 792 h.
230 773 257 793 e.
271 763 387 792 familia
402 765 485 804 regia
501 774 557 802 per
571 762 643 802 plu-

73 818 122 837 res
144 807 273 846 domos,
300 816 335 838 ut
357 809 441 849 apud
469 811 644 838 Homerum

73 860 138 890 est,
163 854 214 884 vel
239 855 346 895 palatii
367 862 470 895 partes
495 855 643 895 dispersa.

74 902 183 930 Postes
196 901 301 931 relicti
312 912 332 930 α
352 909 440 942 tergo
450 925 458 937 ,
479 901 512 931 h.
527 912 553 931 e.
570 912 643 941 por-

75 953 105 975 ta
117 969 125 983 ,
155 957 226 987 quae
243 958 260 977 a
278 954 365 989 tergo
383 955 466 985 erat,
501 949 645 988 opposita

74 992 122 1022 illi
137 1003 207 1033 qnae
221 1001 267 1024 est
281 995 316 1023 in
331 993 446 1024 aedium
462 994 576 1025 fronte.
591 994 648 1024 Ad

75 1049 197 1069 soceros
208 1063 216 1077 ‚
241 1042 399 1071 Priamum
412 1047 442 1070 et
459 1040 624 1071 Hecubam
636 1064 644 1078 ,

74 1086 277 1124 ——trahebass
291 1087 565 1117 accommodatum
579 1087 646 1117 bre-

74 1132 167 1162 vibus
185 1135 277 1174 pueri
300 1133 476 1174 gressibus3
501 1144 560 1174 pro
585 1133 645 1163 du-

79 1178 178 1208 cebat.
203 1180 253 1209 Sic
275 1191 345 1220 sup.
365 1191 396 1209 v.
418 1181 481 1210 320
498 1191 648 1220 parvum·

78 1235 138 1265 que
153 1234 297 1265 nepotem
315 1229 386 1266 Ipse
401 1226 557 1257 trahit.—
568 1228 610 1262 45
615 1227 645 1257 8.

79 1271 206 1310 Evado,
227 1283 271 1302 sc.
297 1273 356 1302 bac
380 1279 470 1313 porta
490 1275 647 1314 ingressus

78 1318 203 1358 regiam.
218 1319 330 1349 Evado
353 1320 401 1349 ad
427 1320 542 1349 summi
549 1319 647 1361 fasti-

75 1363 133 1405 gia
148 1365 297 1394 culminis
317 1373 393 1403 441,
415 1367 480 1402 445
493 1389 502 1404 ,
522 1368 597 1396 tecti
613 1368 648 1396 in

78 1411 147 1451 ipso
171 1410 284 1441 domus
298 1413 386 1444 aditu
400 1424 435 1442 ac
455 1413 588 1444 foribus.
602 1431 650 1436 -—-

79 1456 137 1486 Ad
143 1459 261 1488 omittit
275 1459 432 1502 Eugraph.
452 1461 487 1490 in
501 1460 648 1491 Eunuch.

80 1505 207 1535 Terent.
220 1527 229 1541 ‚
264 1516 337 1536 sane
367 1507 560 1548 elegantius;
595 1506 650 1536 sed

80 1550 205 1590 scriptis
219 1559 330 1582 contra
350 1552 548 1590 dicentibus3
572 1564 651 1593 prae-

82 1602 128 1625 ter
142 1596 239 1628 Goth.
252 1609 301 1639 pr.
320 1609 328 1630 :
349 1600 455 1631 Guiet.
471 1601 554 1638 conj.
571 1601 651 1628 Eva-

82 1642 124 1671 do
139 1640 200 1672 hac
211 1644 285 1685 s.f‡,
297 1646 384 1685 quod
396 1654 427 1676 et
442 1646 569 1678 servius
581 1656 653 1686 sup-

83 1688 158 1727 plet.
174 1689 255 1719 Inde
269 1692 373 1731 Sprot.

133 1735 208 1771 460.
240 1737 369 1767 Turrem
388 1738 545 1774 Carisius,
566 1738 622 1768 lib.
636 1740 652 1768 Ι

86 1782 164 1811 Inst.
186 1782 327 1813 Gramm.
344 1785 492 1824 agnoscit.
519 1786 564 1813 At
578 1784 653 1813 Gel-

84 1827 145 1857 lius
159 1829 240 1859 XIII
251 1852 260 1866 ‚
281 1840 320 1869 19
337 1830 499 1859 Valerium
514 1829 654 1860 Probum

87 1874 196 1904 turrim
213 1875 322 1917 legisse
337 1878 422 1906 testis
438 1883 503 1913 est;
529 1886 587 1905 nec
604 1876 656 1905 ali·

86 1927 134 1950 ter
152 1921 272 1962 scripti.
287 1922 351 1953 vid.
370 1924 508 1953 Pierium
519 1944 528 1958 ‚
544 1923 653 1952 Heins.

86 1973 118 1996 et
140 1967 253 2008 Eryth.
278 1968 348 1999 Ind.
371 1968 403 1999 h.
428 1980 459 1999 v.
481 1986 528 1991 —-
542 1969 657 2003 460-

77 2013 165 2052 '467.
184 2015 220 2043 In
229 2014 389 2055 praecipici
396 2038 404 2052 ,
419 2016 531 2045 turrim
545 2016 579 2044 in
593 2015 656 2045 edi-

87 2061 167 2090 tiore
187 2061 261 2092 loco
286 2063 438 2102 positam,
461 2061 655 2102 eandemque

88 2106 283 2147 altissimam,
308 2109 391 2139 hanc
401 2132 410 2145 ,
440 2109 506 2138 sive
519 2110 586 2149 ipse
601 2108 654 2138 ad-

89 2153 270 2193 scenderat,
289 2162 321 2186 et
338 2156 463 2186 culmen
484 2156 518 2185 in
534 2155 655 2185 hostem

91 2200 215 2240 dejicit,
241 2203 307 2233 sive
334 2213 351 2232 e
373 2203 486 2241 vicinis
502 2202 601 2239 locis,
620 2208 656 2232 ut

696 578 844 618 equidem
869 577 1023 614 arbitror,
1048 578 1155 607 ferreis
1178 577 1270 606 uncis

697 631 727 654 et
743 626 845 654 contis
861 631 1035 664 quassatam
1049 630 1079 653 et
1099 623 1268 653 labefacta-

698 677 761 699 tam
784 670 860 700 alcis
881 669 1026 705 sedibus,
1052 681 1068 698 e
1085 669 1270 699 fundamen-

698 717 754 753 tis,
785 715 911 746 tandem
934 717 968 744 in
993 715 1173 745 obsidentes
1194 715 1270 754 deji-

697 763 797 792 ciunt.
817 764 888 802 Qua
905 772 1029 791 summa
1048 762 1193 791 tabulata
1216 761 1270 790 da-

697 808 773 837 bant
781 808 954 850 juncturas
973 808 1128 838 labantes.
1144 807 1271 839 Scilicet

698 861 800 884 turres
836 855 1036 885 habebamur
1066 861 1204 895 quatuor
1239 860 1271 883 et

697 901 838 941 plurium
873 901 1086 931 tabulatorum
1127 900 1271 940 adeoque

698 954 729 977 et
743 947 1021 989 contignationum
1030 959 1042 983 ;
1058 957 1194 988 quarum
1213 948 1271 988 tig-

698 1004 738 1023 na
755 995 806 1024 vel
824 995 936 1032 trahes,
954 994 1110 1035 capitibus
1123 995 1198 1030 suis,
1216 994 1271 1022 im-

699 1042 800 1070 missae
832 1052 897 1071 esse
930 1040 1047 1070 debent
1086 1039 1270 1080 parietibus.

699 1088 771 1117 Jam
793 1087 824 1117 h.
846 1088 866 1118 l.
890 1097 1045 1117 summam
1068 1086 1244 1116 tabulatum
1258 1109 1267 1121 ‚

699 1144 757 1163 cnr
771 1135 899 1174 proprie
912 1134 1034 1163 dictum
1046 1133 1128 1163 nolis
1137 1156 1146 1169 ,
1164 1142 1273 1162 caussa

698 1179 813 1209 idonea
837 1191 904 1210 non
928 1187 974 1210 est
994 1189 1001 1208 :
1023 1179 1086 1209 hoc
1112 1179 1202 1208 facile
1217 1178 1273 1208 ad-

700 1227 844 1256 mittebat
858 1237 959 1257 uncos
973 1233 1003 1256 et
1013 1232 1126 1255 contos
1139 1225 1273 1266 injunc-

700 1273 777 1302 turis
791 1275 855 1303 suis
877 1274 934 1314 (h.
948 1283 974 1303 e.
992 1282 1052 1312 qua
1066 1279 1154 1312 parte
1170 1271 1273 1302 trahes

700 1320 825 1349 insertae
843 1327 874 1349 et
894 1320 982 1349 fultae
1003 1324 1092 1348 eran't
1108 1318 1226 1358 pariete
1240 1317 1273 1357 ),

701 1376 773 1406 quae
796 1366 919 1396 facilius
943 1365 1097 1395 cedebant
1119 1371 1150 1394 et
1174 1364 1274 1393 inser·

701 1419 770 1441 tum
794 1423 917 1442 uncum
940 1411 1155 1452 recipiebant,
1179 1420 1274 1450 quam

701 1458 820 1489 solidus
833 1460 954 1500 paries3
979 1460 1085 1498 itaque
1106 1457 1272 1492 labantes,

703 1505 868 1543 cedentes,
897 1506 1038 1535 laxantes
1070 1515 1113 1535 se.
1147 1504 1276 1534 Serv-ius

703 1551 784 1581 bene
799 1561 806 1582 :
818 1552 939 1594 faciles
960 1551 1007 1581 ad
1025 1549 1246 1580 resolutionem
1263 1560 1274 1578 .·

704 1605 735 1628 et
750 1599 875 1628 dabant
887 1599 1054 1640 juncturas
1064 1620 1072 1634 ,
1094 1596 1168 1637 plus
1180 1605 1275 1637 quam

703 1644 882 1681 habebane‚·
895 1644 1080 1686 praebebant
1094 1643 1214 1672 scilicet
1227 1653 1276 1682 ag-

705 1691 921 1732 gredientibus
948 1691 1061 1721 turrim
1086 1689 1180 1719 ferro.
1199 1689 1277 1728 Qui·-

704 1737 765 1767 bus
774 1737 935 1767 convulsis
947 1737 1092 1777 superior
1100 1736 1196 1764 turris
1205 1745 1277 1774 pars

706 1785 740 1814 in
757 1784 1011 1823 oppugnantium
1027 1781 1129 1821 capita
1147 1780 1274 1811 decidit.

707 1829 846 1860 Ruinam
863 1828 960 1859 trahit
971 1828 1160 1868 exquisitius
1179 1837 1274 1867 quam

698 1875 789 1918 jacit
796 1887 810 1912 ,·
835 1882 866 1905 et
885 1875 1026 1905 sollenne
1046 1873 1109 1904 hoc
1134 1883 1142 1904 z
1164 1873 1276 1903 solutis

709 1923 794 1952 enim
813 1922 972 1961 juncturis
993 1927 1024 1950 et
1047 1920 1163 1950 evulsis
1178 1919 1275 1949 trabi-

708 1969 769 1998 bus
790 1969 972 1998 evelluntur
995 1973 1027 1996 et
1051 1966 1278 1997 convelluntur

707 2015 846 2063 reliqua,
880 2020 918 2044 ut
946 2013 1070 2043 ruentia
1089 2018 1277 2053 sequantur.

707 2054 783 2101 Ελγ]
793 2083 803 2099 ,
820 2060 840 2095 ἦ
856 2057 918 2091 ὃ”’
902 2070 1011 2091 εσπετο
1029 2059 1120 2091 πᾶσα
1134 2058 1224 2089 Iliad.
1235 2069 1274 2100 μ,

710 2109 795 2148 398,
817 2109 874 2148 qui
892 2108 982 2137 locus
998 2105 1252 2147 comparandus
1242 2115 1277 2134 m

708 2151 913 2197 τειχομαχίας
930 2153 1119 2184 narratione.
1138 2152 1278 2182 Subeum

708 2208 814 2232 tamen
832 2200 893 2232 alii
903 2201 938 2231 in
955 2210 1109 2231 caesorum
1122 2199 1230 2230 locum
1245 2208 1276 2228 v.
