1433 2460
590 140 711 172 LIBER
736 141 760 170 I.
1233 143 1275 169 53]

79 196 238 231 Exercet
257 195 327 231 sub
349 196 424 232 sole
442 195 566 243 labor;
587 210 704 246 quum
722 198 842 247 gentis
859 197 1008 234 adultos

79 254 252 292 Educunt
273 256 386 302 setus,
408 266 472 293 aut
492 270 610 306 quum
629 257 940 307 liquentia‘mella

78 314 243 363 Stipant,
264 325 301 352 ct
319 315 419 353 dulci
436 316 653 354 distendunt
672 326 823 354 nectare
841 318 968 364 cellas;

77 377 154 411 Aut
174 387 288 411 onera
309 375 504 425 adcipiunt
520 377 755 422 venientum,
774 386 838 414 aut
857 378 1003 427 agmine
1024 378 1122 415 sacto

76 435 261 482 Ignavum
279 435 384 472 fucos
402 448 515 485 pecus
537 450 557 473 a
580 437 814 487 praesepibus
831 447 977 484 arcent,

1224 447 1272 475 435

76 495 212 531 Fervet
228 507 342 544 opus,
364 494 611 545 redolentque
633 497 763 545 thymo
783 497 988 546 fragrantia
1006 497 1125 534 mella.

79 570 92 584 «
112 556 145 590 O
166 554 367 600 fortunati,
383 568 545 603 quorum
561 557 639 605 jam
661 556 795 592 moenia
814 558 990 606 surgunt!
1013 573 1027 588 »

79 614 212 650 AEneas
230 614 298 660 ait,
317 623 353 650 ct
369 615 517 664 fastigia
536 615 691 665 suspicit
712 615 828 652 urbis.

78 673 198 710 Infert
216 687 253 710 se
269 683 405 723 saeptus
422 675 576 721 nebula,
597 674 768 712 mirabile
787 675 908 712 dictu!

80 736 149 769 Per
168 735 331 780 medios,
347 735 553 783 miscetque
572 735 682 782 viris,
703 748 826 784 neque
843 735 1011 771 cernitur
1030 736 1108 772 ulli.

132 797 256 832 Lucus
273 795 312 830 in
330 794 426 831 urbe
447 795 518 832 fuit
539 794 681 845 media,

53 952 56 957 ,
82 923 140 958 lv,
170 923 284 951 163-
299 923 360 962 169
373 946 381 960 ‚
397 922 454 952 ubi
470 934 500 953 V.
517 934 589 964 quae
611 923 650 953 ad

80 969 370 1008 interpretationem
394 969 531 1006 faciunt,
554 971 652 1010 inpri-

81 1014 140 1043 mis
167 1015 204 1044 de
231 1015 402 1045 mellilicio.
433 1015 472 1046 cf.
498 1018 568 1046 AEn.
585 1018 648 1053 w,

84 1070 159 1098 707,
172 1061 202 1097 8,
217 1073 247 1101 9.
260 1063 546 1101 Comparationem,
555 1073 650 1102 quam

81 1107 202 1137 mireris
212 1109 348 1147 cuipiam
358 1107 524 1148 displicere
533 1110 652 1148 potuis-

81 1164 130 1190 se,
149 1153 298 1183 adversus
317 1155 356 1184 H.
372 1153 564 1194 Stephanum
579 1154 651 1185 diss.

81 1198 119 1228 de
133 1200 255 1230 Criticis
279 1211 308 1239 p.
333 1210 391 1229 111
412 1200 553 1230 defendit
576 1202 653 1230 Bur-

83 1255 187 1276 mann.
202 1247 369 1276 Praeiverat
386 1247 543 1275 Homerus
562 1246 650 1276 Iliad.

83 1289 119 1328 β,
132 1291 277 1331 87—90.
293 1293 387 1321 Deest
403 1292 490 1332 quod
502 1294 546 1333 τῷ
568 1303 652 1322 com-

84 1339 205 1377 paranti
217 1337 321 1378 qualis
335 1349 394 1378 pro
407 1338 557 1378 qualiter3
574 1349 652 1378 quo-

82 1384 177 1414 modo
188 1408 196 1422 ,
211 1384 416 1424 respondeat:
432 1384 525 1420 tales,
543 1384 654 1414 eodem

84 1431 190 1461 modo.
208 1430 269 1460 Sub
281 1431 348 1461 sole
362 1432 468 1460 Burin.
482 1431 553 1460 vult
569 1442 632 1460 esse.
644 1453 652 1468 ,

83 1477 147 1506 sole
168 1478 308 1514 oriente,
329 1487 453 1506 summo
475 1487 576 1507 mane.
594 1477 651 1508 Ge.

86 1525 148 1560 lv,
173 1524 234 1553 135
254 1534 350 1553 mane
371 1530 467 1553 ruunt
475 1523 586 1563 portis.
603 1525 654 1553 Sa-

85 1581 124 1599 ne
149 1571 191 1600 ita
218 1581 266 1600 res
290 1571 368 1607 fert3
393 1580 452 1599 nec
472 1569 633 1599 intercedo
644 1592 652 1606 ‚

83 1627 146 1656 quo
172 1617 276 1646 minus
294 1617 338 1646 sic
359 1617 501 1656 accipias.
522 1616 654 1656 Alioqui

84 1662 138 1690 sub
153 1662 218 1691 sole
235 1673 292 1702 per
315 1673 347 1692 se
371 1669 417 1691 est
433 1662 536 1702 simpl.
556 1664 655 1692 inter-

86 1708 141 1736 diu
153 1730 161 1744 ,
174 1718 231 1748 per
253 1708 346 1738 diem.
372 1709 419 1737 Ita
441 1719 500 1737 nec
512 1709 567 1737 sub
583 1708 651 1745 die,

84 1753 139 1782 sub
156 1761 262 1790 nocte,
279 1761 340 1783 tam
356 1760 485 1794 anguste
500 1756 654 1795 accipitur

85 1810 101 1829 a
116 1801 227 1840 poetis.
242 1798 334 1830 Ovid.
355 1801 434 1829 Met.
448 1801 463 1828 I
474 1822 483 1837 ‚
509 1800 586 1830 602.
612 1801 629 1829 3
644 1808 652 1829 ε

84 1847 129 1876 Ee
140 1845 238 1876 noctis
248 1845 372 1888 faciem
395 1845 526 1874 nebulas
534 1845 654 1886 fecisse

84 1892 228 1922 volucres
246 1892 306 1922 Sub
329 1891 431 1921 nitido
454 1891 572 1921 miram
591 1891 652 1922 die.

84 1941 184 1979 Supra
207 1949 335 1979 quoque
359 1938 426 1968 Ecl.
448 1939 499 1975 11,
527 1940 565 1968 13
589 1938 654 1967 sole

83 1985 137 2015 sub
150 1985 279 2014 ardenti
286 1985 375 2014 aliter
388 1984 509 2013 dictum
519 1995 586 2014 non
596 1991 651 2015 est.

83 2032 129 2055 '—-
138 2033 212 2068 433.
226 2031 410 2061 Discetztetzt
418 2030 504 2059 malit
516 2031 651 2071 Cuning.

85 2079 201 2110 Contra
215 2077 282 2108 Ecl.
299 2078 345 2107 IX
356 2099 365 2114 ,
390 2078 443 2106 31.
462 2075 655 2106 Distendunt

84 2135 125 2154 ex
138 2123 231 2154 codd.
243 2123 381 2164 praetulit
389 2123 497 2153 Heius.
511 2125 565 2153 Est
574 2133 653 2162 quo-

85 2181 146 2210 que
163 2170 225 2200 hoc
236 2171 293 2200 Ge.
310 2171 366 2206 IV,
381 2170 444 2205 164
453 2192 461 2206 ,
473 2169 530 2199 ubi
543 2180 653 2199 versus

84 2216 234 2257 leguntur
255 2217 328 2254 167,
340 2216 371 2252 8,
387 2226 418 2255 9,
432 2217 487 2256 qui
498 2216 531 2246 h.
546 2215 567 2254 l³
579 2222 655 2245 sunt

88 2265 165 2301 434,
182 2263 219 2300 5,
237 2263 278 2301 6,
297 2269 327 2293 et
345 2262 424 2301 162,
443 2263 478 2299 3,
501 2268 531 2301 4,
555 2261 652 2303 quih.

1226 758 1274 776 410

703 795 912 834 laetissimus
930 795 1091 842 umbrae,

703 924 724 955 1.
741 931 815 954 sunt
830 926 907 960 431,
928 935 945 953 2
958 947 965 960 ‚
983 926 1013 954 3.
1025 926 1091 953 Aac
1104 924 1134 954 d.
1153 926 1274 956 Zulich.

753 972 828 1008 437.
864 972 994 1011 Egregie
1042 970 1080 999 ad
1129 971 1277 1002 affectum

703 1017 770 1047 liare
784 1018 969 1046 exclamatio
982 1019 987 1046 Ξ
1008 1017 1094 1056 Quid
1114 1019 1196 1047 enirn
1206 1041 1214 1056 ,
1230 1019 1279 1048 his

704 1063 797 1092 rebus
825 1064 1000 1103 conspectis
1017 1065 1124 1094 AEneae
1144 1075 1201 1104 per
1214 1075 1280 1094 ma-

705 1111 750 1138 ria
775 1117 805 1138 et
829 1116 926 1139 terras
950 1110 1085 1146 erranti,
1110 1118 1145 1139 ut
1163 1121 1279 1141 novam

708 1156 812 1185 sedem
825 1163 994 1195 quaereret,
1014 1166 1097 1185 nova
1110 1156 1189 1186 urbe
1206 1168 1280 1188 con-

707 1201 771 1232 dita
786 1202 955 1242 optabilius
970 1201 1070 1231 videri
1088 1201 1216 1233 debuit!

756 1249 831 1284 438.
856 1247 992 1287 Suscipit
1016 1255 1076 1276 tres
1100 1258 1149 1287 ap.
1170 1251 1276 1280 Burin.

708 1304 734 1323 c.
752 1293 848 1323 Goth.
866 1305 914 1333 pr.
934 1293 1088 1332 conspicit
1099 1295 1213 1324 Hamb.
1228 1307 1277 1335 pr.

702 1338 858 1379 prospicit
884 1339 1011 1368 Vratisl.
1044 1349 1137 1368 merae
1167 1341 1279 1381 utique

707 1385 930 1415 aberrationes.
949 1383 1093 1415 AEdjficia
1108 1386 1169 1415 alta
1182 1393 1214 1416 et
1227 1398 1280 1417 ex-

708 1432 786 1461 celsa
811 1431 997 1471 suspicimus
1018 1433 1157 1471 proprie.
1186 1433 1280 1463 Com—

707 1477 800 1508 mode
818 1479 924 1517 itaque
936 1484 1029 1517 poeta
1040 1477 1099 1506 hac
1112 1489 1189 1508 voce
1203 1490 1279 1510 usus

706 1531 769 1561 est,
791 1531 828 1554 ut
855 1523 1052 1553 altitudinem
1070 1522 1279 1555 :edificiorum

707 1581 745 1600 eo
758 1571 827 1610 ipso
852 1570 1022 1608 subjiceret
1047 1571 1168 1600 animis.
1195 1573 1279 1602 Hinc

707 1618 800 1647 etiam
807 1615 947 1658 fastigia
957 1616 1038 1646 urhis
1048 1615 1131 1646 dixit
1142 1627 1202 1657 pro
1215 1625 1279 1648 tec-

708 1664 758 1693 tis.
769 1680 815 1685 -—
826 1664 891 1702 439
904 1685 912 1698 ,
930 1669 1006 1698 440.
1023 1662 1180 1700 Observa,
1197 1675 1278 1704 quo-

707 1709 803 1739 modo
825 1710 860 1738 iu
886 1709 1018 1749 singulis
1038 1709 1201 1749 vulgarem
1217 1710 1280 1740 for-

706 1766 790 1784 mam
804 1756 983 1791 evitaverit,
1004 1755 1096 1783 etiam
1116 1756 1186 1795 ipso
1201 1766 1279 1796 grae-

708 1802 805 1830 cismo
823 1810 830 1830 :
847 1798 994 1843 μ.ίσγεται
1015 1796 1174 1841 ἄνδρεσσιν
1186 1823 1194 1838 ,
1220 1802 1279 1831 im-

707 1847 816 1875 miscet
829 1856 861 1874 se
875 1846 977 1875 turbae
987 1867 996 1881 ‚
1015 1855 1073 1874 nec
1083 1847 1224 1876 cernitur
1238 1847 1278 1878 ab

707 1892 790 1929 ullo;
809 1887 908 1921 οὐδενὶ
932 1889 1053 1933 ὁρᾶται.
1085 1892 1203 1922 Confer
1231 1901 1276 1923 ta-

706 1949 780 1968 men
806 1938 975 1967 Homerica
999 1936 1059 1967 Od.
1075 1948 1112 1974 η,
1129 1939 1276 1976 37-42,

755 1990 832 2020 441.
852 1983 975 2013 Umbrae·
995 1989 1146 2023 tanquam
1167 1988 1278 2025 exqui-

706 2031 795 2060 sitius
808 2031 928 2070 recepit
943 2036 973 2059 et
993 2028 1086 2059 docte
1105 2030 1278 2062 illustravit

706 2078 815 2107 lIeins.
829 2075 921 2106 Adde
939 2075 1118 2106 Markland.
1132 2078 1190 2117 Ep.
1205 2079 1275 2110 crit.

706 2133 738 2162 p.
768 2133 842 2152 121.
862 2122 924 2151 Vel
943 2121 1037 2152 Probi
1058 2124 1228 2153 auctoritas
1242 2125 1278 2154 in

706 2169 861 2199 Servianis
871 2191 879 2205 ,
894 2175 925 2198 et
941 2168 1033 2204 latius
1047 2168 1081 2197 in
1098 2170 1278 2210 Pomponio

707 2215 823 2245 Sabino
835 2238 843 2251 ,
859 2215 930 2244 satis
955 2221 1019 2244 erat
1044 2216 1147 2254 gravis
1162 2227 1170 2252 3
1192 2226 1277 2246 acce—

709 2261 803 2292 debat
830 2260 932 2292 codex
949 2259 1107 2292 Monialb.
1134 2269 1165 2292 et
1194 2264 1277 2292 inter

1011 2321 1054 2361 6.
