1433 2460
152 84 214 114 292

656 71 849 101 AENEIDOS

149 131 214 167 Ilia
234 130 351 165 frctus
373 129 448 177 agit
468 136 620 173 ventos,
639 137 675 164 ct
695 128 847 164 turbida
869 134 992 163 tranat
1304 132 1350 163 24⁵

146 189 295 227 Nubila.
313 191 472 236 Jamque
491 188 619 225 volans
636 189 781 237 apicem
798 197 835 224 ct
858 187 975 223 latera
995 185 1115 222 ardua
1135 184 1256 222 cernit

147 248 308 286 Atlantis
328 246 431 292 duri,
452 246 586 283 coelum
604 247 671 296 qui
691 247 832 284 vertice
856 247 982 292 sulcit;

147 307 326 352 Atlantis,
342 307 505 343 cinctum
525 306 683 343 adsidue
702 307 767 355 qui
787 306 953 343 nubibus
971 306 1061 342 atris

147 366 352 402 l‘iniscrum
369 375 482 415 caput
499 374 536 401 et
554 375 667 404 vento
688 365 861 415 pulsatur
881 373 918 401 et
939 364 1073 410 imbri;

144 427 218 462 Nix
242 426 421 463 humeros
439 426 563 463 infusa
584 425 694 475 tegit3
713 434 792 462 tum
816 425 972 461 flumina
990 433 1115 462 meiito
1304 432 1350 455 250

146 485 387 536 Praecipitaut
403 486 520 533 senis,
537 494 575 522 et
595 484 713 535 glacie
734 485 831 536 riget
850 484 1008 522 horrida
1025 483 1156 522 barba.

146 670 183 699 lis
206 676 235 698 et
261 668 298 698 ad
324 668 434 699 oculos
459 675 559 698 morte
587 669 722 710 rigentes

145 722 175 744 et
196 725 292 745 manu
312 715 568 755 comprimendos
595 716 720 746 referre.

144 763 238 791 Forte
279 769 383 791 taiucu
424 762 465 791 ita
501 763 722 802 accipiendum

145 808 205 838 erit
229 818 236 838 :
260 817 382 844 morte,
413 809 556 839 mortuis,
590 810 721 838 Dictum
742 847 747 854 A

144 854 206 883 hoc
225 862 304 884 esset
325 854 364 884 ad
386 855 570 894 exemplum
595 856 722 885 Pindari

144 901 236 931 Nem.
259 911 298 931 10
318 901 339 930 f.
352 924 360 937 ‚
382 900 439 930 ubi
457 903 567 931 Castor
587 912 603 931 e
620 909 721 931 morte

144 954 310 976 revocatus
332 944 459 977 ἀναλύει
484 945 664 989 ὀφθαλμόνε
686 956 722 978 ut

142 994 185 1022 ita
209 994 391 1023 Mercurius
410 1000 553 1023 mortuos
572 995 606 1023 in
625 995 721 1024 vitam

143 1049 292 1069 revocare
317 1039 448 1070 dicatur.
472 1041 594 1069 Munus
618 1047 721 1071 tamen

141 1084 204 1115 hoc
220 1087 374 1115 Mercurii
393 1086 460 1115 aliis
476 1086 628 1126 exemplis
647 1097 721 1126 pro-

142 1130 212 1160 bari
230 1132 342 1172 nequit
358 1142 365 1162 ;
384 1133 434 1161 siu
447 1131 486 1161 ad
499 1134 721 1162 evocationem

142 1178 290 1207 Manium
306 1178 436 1216 reseras,
457 1189 491 1208 ea
505 1179 569 1217 jam
586 1188 721 1218 praeces-

141 1224 192 1254 sit.
208 1226 315 1254 Potest
330 1224 457 1254 tandem
469 1225 634 1266 resignare
644 1225 722 1255 acci-

142 1271 177 1309 pi
199 1280 259 1309 pro
282 1270 425 1307 solvere,
447 1271 579 1301 ademtis
601 1278 632 1300 et
648 1271 722 1300 sub-

142 1314 248 1344 ductis
267 1315 392 1344 viribus
406 1326 413 1345 :
431 1323 466 1346 ut
490 1316 524 1345 in
540 1322 646 1345 vetere
659 1317 723 1355 epi-

143 1368 314 1401 grammate
341 1371 349 1391 :
382 1363 426 1390 Ec
445 1369 619 1402 postquam
637 1360 723 1402 stitis

144 1407 317 1437 morientia
335 1407 461 1437 lumina
481 1407 591 1442 solvit;
612 1414 642 1437 et
664 1408 721 1438 inf.

144 1455 186 1491 V,
217 1454 294 1483 856.
324 1453 419 1485 Nulla
445 1455 524 1484 ratio
549 1454 721 1491 satisfacit;

143 1501 216 1540 quia
241 1502 306 1538 jam
330 1508 523 1530 antecessere
548 1500 620 1537 illa,
650 1512 722 1541 quae

142 1546 273 1576 eandem
299 1558 365 1576 rem
395 1546 556 1576 declarant
577 1558 588 1576 .·
615 1557 724 1578 evocat

141 1592 272 1623 animas
300 1601 330 1623 et
351 1593 405 1624 sub
438 1595 575 1623 Tartara
601 1593 722 1631 mittit,-

141 1649 208 1679 prae
236 1640 366 1680 reliquis
398 1647 504 1669 tamen
532 1639 634 1669 media
669 1641 721 1670 illa

142 1687 222 1716 ratio
241 1687 315 1716 usui
330 1686 484 1727 loquendi
500 1693 546 1716 est
560 1694 723 1717 consenta-

143 1742 212 1763 nea.
229 1750 276 1755 ——
297 1734 374 1769 245.
393 1732 590 1774 Illafretus,
617 1740 653 1763 ut
672 1741 721 1764 to-

140 1779 198 1808 ties
235 1781 393 1810 Homerus
430 1779 606 1817 πεποιθὼς,
634 1791 694 1821 pro
712 1803 720 1818 ‚

141 1835 212 1854 cnm
239 1825 298 1856 illa
315 1850 323 1864 ‚
357 1826 476 1856 habens
510 1826 608 1856 illam.
642 1827 724 1868 Agit

141 1878 212 1901 ante
225 1883 268 1909 se,
281 1874 352 1914 quis
362 1873 507 1903 dubitet?
521 1872 597 1902 dum
612 1873 720 1904 volatu

141 1928 197 1956 per
216 1929 306 1949 auras
322 1919 433 1950 fertur.

189 1965 349 2000 246—25
358 1977 384 1996 1.
398 1968 568 1996 Famosum
581 1965 720 1996 Atlantis

141 2018 259 2039 nomen
285 2013 350 2049 jam
384 2014 418 2043 in
447 2019 552 2042 vetere
576 2013 718 2049 Graecia,

140 2057 359 2096 navigantium
371 2081 379 2095 ‚
407 2065 486 2098 puto
497 2080 505 2094 ‚
526 2058 641 2088 fabulis
654 2081 662 2096 ‚
683 2066 721 2089 ut

140 2108 252 2131 ceteroe
273 2103 386 2134 fabulae
408 2104 556 2143 Libycae,
586 2115 663 2134 mox
684 2107 719 2135 in

140 2149 291 2185 carmina,
307 2149 344 2178 de
360 2153 482 2186 Perseo,
499 2151 648 2188 Hercule,
659 2153 719 2181 Ar-

139 2196 326 2234 gonauticis,
340 2204 472 2237 receptae
485 2205 514 2228 et
524 2205 662 2229 ornatae:
676 2197 717 2228 cf.

775 669 880 699 Notas
895 668 941 697 ad
956 667 1108 707 Apollod.
1131 675 1163 706 p.
1185 665 1346 706 681,add.

777 726 808 755 p.
825 721 902 755 409.
918 715 1020 745 Obvia
1037 714 1085 744 vel
1099 712 1170 744 rudi
1184 714 1350 745 hominum

777 762 884 803 generi
897 763 1001 802 imago
1018 762 1133 791 montis
1149 763 1184 791 iu
1200 762 1260 791 viri
1285 761 1352 791 effi-

777 809 860 849 giem
881 809 1046 845 conversi;
1070 808 1144 837 hinc
1168 807 1262 837 ducta
1289 807 1351 838 sre-

777 865 878 894 quens
892 855 944 883 illa
958 854 1095 884 Atlantis
1110 860 1259 894 tanquam
1273 855 1352 884 vasti

777 902 910 941 gigantis
933 900 1102 940 descriptio
1117 910 1124 930 ε
1141 911 1276 941 cumque
1293 911 1353 931 coe-

776 947 845 976 lum
860 948 954 976 inniti
969 946 1112 976 videatur
1127 947 1351 977 altissimorum

777 994 935 1022 montium
954 994 1064 1022 vertici
1074 1014 1090 1030 ,-
1098 992 1173 1023 hinc
1186 993 1276 1023 Atlas
1292 1004 1352 1023 coe-

776 1039 844 1068 lum
858 1039 939 1068 ferre
954 1039 1104 1069 creditus.
1133 1041 1196 1079 Ap.
1223 1039 1352 1070 Pindar.

777 1085 870 1125 Pyth.
881 1086 906 1122 I,
920 1085 963 1114 36
976 1086 1068 1114 AEtna
1079 1083 1206 1127 οὐρανία
1216 1083 1290 1115 κίων
1301 1097 1310 1123 ;
1323 1093 1354 1115 et

777 1132 872 1161 Hom.
885 1131 946 1162 Od.
957 1142 978 1162 α
987 1153 995 1167 ,
1017 1131 1151 1167 52—54
1165 1131 1204 1161 de
1216 1132 1287 1172 ipso
1301 1134 1356 1162 At-

776 1177 872 1214 lante,
889 1175 954 1216 ἔχει
967 1174 1002 1207 δὲ
1018 1187 1053 1207 τε
1067 1175 1171 1213 κίονας
1185 1175 1276 1213 αυτός
1293 1184 1352 1208 etc.

777 1230 808 1254 et
820 1223 897 1252 hinc
910 1225 972 1263 alii,
990 1234 1072 1263 quos
1085 1223 1156 1253 vide
1171 1225 1287 1264 partim
1302 1234 1352 1265 ap.

779 1269 914 1298 Cerdam
927 1270 960 1301 h.
977 1271 998 1301 l.
1014 1271 1148 1310 Reliqua
1167 1271 1206 1300 de
1225 1270 1354 1300 Atlante

777 1312 883 1344 firmat
906 1318 969 1346 Leo
995 1316 1164 1346 Africanus
1193 1317 1352 1357 Descript.

778 1360 878 1390 Afric.
902 1372 972 1401 pag.
997 1362 1040 1391 25
1052 1385 1060 1400 ‚
1093 1362 1147 1392 26.
1169 1363 1252 1392 Duri
1269 1369 1354 1392 recte

777 1407 864 1436 SerV.
888 1406 1060 1445 laboriosi,
1085 1415 1217 1449 propter
1241 1419 1354 1440 aerum-

778 1462 832 1481 nas
844 1474 852 1490 ,
869 1465 946 1494 quas
964 1454 1077 1484 tolerat
1092 1465 1171 1485 vers.
1198 1462 1263 1495 249
1284 1466 1353 1496 sqq.

776 1505 903 1540 ——249.
922 1500 1123 1541 Pinnifi‘rum
1139 1501 1225 1532 Gud.
1242 1509 1273 1532 et
1287 1502 1353 1532 duo

777 1545 862 1577 Leid.
880 1547 1090 1588 Petzng'serum
1108 1554 1180 1578 tert.
1200 1548 1353 1580 Rotteud.

777 1595 822 1622 Et
833 1596 912 1625 coelo
932 1593 1075 1624 Parrhas.
1093 1604 1109 1623 a
1124 1606 1166 1624 m.
1183 1605 1233 1635 pr.
1254 1597 1354 1636 Quas-

777 1648 867 1671 satur
889 1652 938 1682 ap.
961 1641 1075 1671 Bedam
1091 1642 1170 1671 etin
1184 1641 1268 1672 binis
1281 1643 1351 1672 Mo-

777 1694 835 1718 ret.
852 1698 888 1718 ac
908 1690 1048 1718 Donato.
1067 1689 1152 1718 Hinc
1165 1695 1196 1718 et
1209 1688 1353 1719 emenda—

778 1734 822 1763 tio
838 1735 1008 1764 Heinsiana
1025 1735 1060 1764 iu
1072 1734 1149 1766 Silio
1165 1736 1180 1764 I
1190 1757 1199 1772 ‚
1227 1735 1293 1766 206
1309 1735 1355 1766 lo-

777 1791 815 1811 co
828 1780 904 1811 hinc
919 1791 1067 1822 expresso
1083 1779 1206 1811 firmari
1218 1789 1352 1822 poterat,

776 1834 841 1865 aut,
855 1829 881 1857 si
894 1827 1016 1857 firmata
1029 1829 1103 1857 satis
1113 1834 1202 1865 esset,
1219 1827 1350 1858 eandem

774 1874 944 1904 lectionem
954 1875 989 1904 in
998 1875 1112 1915 Virgil.
1122 1874 1272 1905 stabilire.
1286 1875 1351 1903 Im-

775 1920 828 1950 bre
843 1921 926 1951 Beda
943 1928 974 1951 et
988 1920 1085 1952 Goth.
1096 1930 1156 1950 sec.
1169 1919 1240 1962 igni
1252 1920 1349 1950 Goth.

774 1977 823 2007 pr.
838 1985 885 1990 —-
899 1966 1079 2008 Piniserum
1103 1967 1159 1996 vix
1183 1967 1312 2007 proprie
1335 1977 1350 1996 a

774 2020 866 2053 poeta
883 2014 947 2044 dici
962 2014 1085 2053 potuit,
1105 2019 1136 2042 et
1158 2011 1283 2043 dubites
1309 2023 1350 2042 an

773 2060 882 2101 Libyae
895 2061 969 2101 juga
985 2061 1081 2100 pinus
1096 2059 1193 2090 alant.
1212 2059 1251 2090 cf.
1265 2061 1347 2091 Plin.

773 2106 814 2142 V,
843 2117 857 2135 1
871 2128 879 2144 ,
907 2105 1007 2136 Soliu.
1031 2116 1060 2135 c.
1089 2106 1143 2144 37.
1175 2106 1348 2146 Virgilium

772 2152 936 2182 aemulatus
961 2158 1007 2181 est
1025 2152 1120 2182 Silius
1134 2153 1168 2189 Ι,
1195 2163 1259 2184 202
1279 2163 1325 2193 sq.
1339 2175 1348 2189 ‚

771 2197 824 2228 sed
835 2210 894 2230 suo
909 2209 996 2230 more
1008 2209 1016 2236 3
1034 2206 1070 2229 ut
1083 2199 1118 2229 in
1131 2198 1264 2242 singulis
1278 2209 1348 2240 par-
