1433 2460
134 162 195 190 3⁴36
586 158 802 189 1¹]X(‘21⁷RSI'S
829 158 873 185 Ill

132 224 174 250 ιῑω
193 223 320 251 Penates
347 218 559 260 (inferretque
583 219 658 248 deos
688 218 800 256 Latin)
827 225 940 256 quam,
973 215 998 243 si
1025 209 1145 243 Latium
1171 210 1331 242 accessisse

133 275 256 312 audias,
286 281 314 303 et
335 276 378 303 sic
401 284 508 314 porro.
535 274 673 304 Primum
692 277 784 312 poeta
802 268 985 300 Palladium
1007 279 1072 297 rem
1093 267 1163 298 facit
1180 277 1195 296 a
1210 265 1332 297 Penati-

134 330 192 358 tuns
214 327 367 357 ‹lixersain
381 350 388 359 ,
413 332 594 366 surreptum
617 323 697 354 illud
712 324 751 352 ab
768 323 879 363 Ulyssc
901 329 930 352 et
954 320 1105 352 Diomede
1120 321 1175 349 lib.
1193 322 1243 356 11,
1269 318 1330 348 163

134 394 200 423 sqq.
223 381 335 422 impius
350 392 392 413 ea·
408 392 469 422 quo
489 387 536 409 etc
551 389 558 409 :
576 385 626 416 at,
646 388 727 418 quos
743 378 854 406 AEueas
867 377 1057 417 asportavit,
1076 377 1214 406 Penates
1233 373 1331 403 fuere.

136 438 258 468 Primus
275 436 314 466 de
330 437 366 465 iis
381 435 471 465 locus
485 440 531 463 est
550 435 619 464 AEu.
640 434 692 469 11,
721 432 784 471 293
808 442 852 471 sq.
866 453 874 466 ,
898 430 955 460 ubi
977 432 1096 460 Hector
1113 440 1169 469 per
1185 436 1331 459 somnum

136 492 173 522 nd
197 494 324 522 AEneam
345 500 352 520 :
377 491 477 519 Sacra
500 497 632 527 suosque
659 485 716 516 tibi
733 484 940 515 commendat
964 483 1060 525 Troja
1082 485 1239 519 Penates,·
1268 483 1334 513 Hos

137 556 216 586 cape
225 543 370 586 slttormn
387 541 526 572 comites.
544 540 652 572 Paullo
666 546 737 580 post
753 551 782 569 v.
801 539 866 579 296
882 537 934 567 Sic
947 536 1012 574 aie,
1029 543 1060 566 et
1073 535 1218 567 manibus
1233 535 1333 566 vittas

155 601 329 638 'escamque
339 604 505 638 potentem
518 596 748 635 AEternnmqne
763 592 868 632 adytis
884 590 976 634 effert
978 589 1197 632 penetralibus
1213 588 1332 631 ignem.

136 653 213 682 Haec
240 651 362 681 diversa
384 657 458 680 suut
482 656 513 680 et
536 650 600 679 xisa
624 654 747 678 tantum
771 649 876 677 AEneae
901 656 957 686 per
979 645 1117 686 quietem
1134 643 1172 673 ab
1189 644 1334 673 Hectoris

139 706 250 735 umbra
267 712 334 735 acta
348 716 412 736 esse
430 714 437 735 :
457 711 487 734 at
504 714 596 741 mox,
626 709 792 744 postquam
810 700 971 732 Anchisen
991 700 1025 730 in
1038 698 1187 729 humeros
1209 708 1335 739 recepe-

139 767 205 798 rat,
226 772 255 791 v.
275 771 290 798 ς·
302 771 337 798 ¹7
361 762 405 790 Tu
415 759 559 801 genitor,
587 768 666 798 cape
684 767 776 786 sacra
792 766 891 785 manu
899 753 1084 795 patriosque
1100 755 1249 783 Penates.
1267 753 1335 782 Du-

139 814 233 845 bitari
246 820 369 854 potest,
385 824 450 853 quo
465 823 559 842 sensu
574 822 667 841 sacra
683 810 798 841 dixerit
815 810 867 851 (v.
889 809 927 839 ad
946 810 994 846 11,
1017 807 1105 850 293)
1123 807 1227 837 sintne
1244 816 1337 835 sacra

140 874 169 897 et
186 869 324 897 Penates
341 866 472 896 diversae
488 877 536 895 res
547 889 554 903 ‚
572 876 611 895 an
630 876 729 895 unum
749 865 917 904 idemque3
940 862 1026 904 quod
1038 868 1174 898 statuere
1190 860 1283 897 licet,
1300 866 1337 889 ut

139 932 232 952 sacra
247 923 309 951 siut
323 932 421 963 genus
433 944 440 958 ‚
460 928 490 951 et
503 922 538 951 iu
554 921 591 950 iis
607 922 763 955 Penates,
783 921 880 948 Vesta
898 925 928 948 et
944 917 1026 960 ignis
1042 928 1053 946 .·
1068 925 1140 957 quae
1157 914 1229 945 ideo
1243 915 1338 945 etiam

138 976 261 1017 singula
278 986 335 1016 per
349 986 441 1004 sacra
456 982 589 1016 possunt
602 974 762 1004 declarari.
778 974 828 1004 Sic
843 973 950 1014 paullo
966 978 1038 1013 post
1053 982 1097 1002 vs.
1118 972 1183 1001 320
1198 968 1338 1000 Panthus

140 1030 299 1070 Apollinis
314 1029 459 1060 sacerdos
474 1040 568 1060 sacra
584 1040 682 1059 manu
695 1028 860 1069 'victosque
874 1027 949 1057 deos
964 1025 1070 1057 trahit.
1089 1027 1135 1056 Eo
1149 1035 1242 1055 sensu
1255 1029 1336 1065 puto

139 1083 243 1123 primo
258 1080 271 1122 (
284 1084 347 1123 293
362 1083 373 1124 )
398 1089 428 1113 et
449 1084 542 1113 tertio
564 1083 637 1113 loco
656 1082 693 1123 (7
705 1093 740 1120 17
754 1080 766 1122 )
785 1082 972 1111 memoravit
986 1089 993 1110 ε
1010 1081 1110 1110 Sacra
1132 1088 1264 1118 suosque
1283 1079 1339 1107 Pe-

140 1144 254 1172 nates;
283 1137 404 1167 scilicet
429 1148 521 1166 sacra
549 1138 678 1167 nomine
704 1136 870 1178 generico,
899 1135 1032 1176 proprio
1057 1140 1162 1164 autem
1189 1134 1339 1162 Penates.

138 1190 240 1220 Etiam
257 1191 374 1220 Seneca
396 1190 434 1220 de
456 1190 563 1221 Benef.
581 1192 648 1228 111,
676 1191 716 1228 37
732 1188 890 1220 Anchises
904 1188 1092 1229 complexus
1111 1197 1204 1217 sacra
1224 1196 1263 1216 ac
1280 1188 1339 1216 Pe-

140 1250 232 1272 nates
244 1243 330 1273 deos.
347 1245 386 1273 Et
398 1245 534 1285 Dionys.
559 1245 592 1282 1,
620 1244 661 1279 46
678 1240 719 1273 τὰ
740 1240 806 1286 ἱερὰ
830 1244 967 1286 πατρῷοι
989 1243 1024 1272 in
1045 1251 1114 1271 arce
1132 1246 1252 1270 servata
1275 1249 1340 1269 me-

140 1303 252 1326 morat.
272 1297 422 1327 Similiter
436 1299 548 1327 AEneas
566 1296 755 1326 declarative
770 1299 908 1326 Penates
928 1304 961 1325 ec
978 1305 1114 1336 magnos
1130 1294 1206 1324 deos
1224 1291 1340 1322 dixisse

141 1348 242 1379 videti
262 1348 356 1378 debet
369 1349 424 1380 lib.
441 1350 508 1386 111,
531 1359 569 1378 12
582 1348 677 1390 feror
691 1349 784 1378 esxul
802 1348 834 1377 in
848 1349 950 1378 altum
968 1348 1046 1377 Cum
1066 1345 1158 1376 sociis
1177 1351 1336 1386 natoque,

139 1403 311 1434 Penatibus
324 1410 356 1433 et
370 1402 498 1444 magnis
512 1402 571 1432 dis.
589 1404 637 1432 Ex
653 1403 789 1432 naturali
802 1402 974 1431 verborum
988 1401 1100 1431 ordine
1113 1400 1164 1430 alii
1179 1402 1318 1430 Penates
1328 1422 1337 1435 ,

139 1458 191 1488 alii
214 1457 326 1499 magni
348 1457 395 1487 dii
418 1467 484 1487 esse
505 1463 649 1497 possunt.
671 1457 773 1496 Atqui
794 1463 907 1497 prat-ter
928 1458 1059 1487 Penates
1082 1465 1238 1495 nusquam
1264 1454 1341 1485 alios

140 1511 214 1541 deos
230 1518 411 1551 exportasse
424 1510 520 1548 Troja
540 1510 641 1540 fertur
655 1511 768 1540 AEneas
780 1520 788 1547 ;
815 1516 845 1539 et
859 1510 1037 1539 communis
1055 1515 1102 1538 est
1115 1515 1259 1538 veterum
1272 1509 1340 1549 opi-

139 1566 194 1594 nio
206 1587 214 1601 ‚
237 1563 363 1594 eosdem
387 1564 480 1593 fuisse
502 1565 640 1593 Penates
659 1570 690 1593 et
705 1563 781 1593 deos
800 1573 936 1605 magnos
950 1573 967 1592 e
983 1561 1206 1593 Samothracia.
1222 1563 1340 1592 Varro-

141 1629 212 1648 nem
231 1625 261 1648 et
280 1619 449 1648 Heminam
468 1617 608 1647 Cassium
627 1617 733 1648 laudat
748 1620 835 1648 Serv.
858 1617 898 1647 ad
920 1619 953 1655 Ῑ,
980 1617 1044 1655 378
1064 1616 1168 1658 (unde
1184 1619 1339 1658 Pompon.

141 1672 213 1702 Sab.
231 1671 270 1701 ad
290 1673 304 1701 I
315 1695 323 1709 ‚
343 1671 385 1701 68
410 1682 465 1700 sua
488 1670 669 1712 transtulit)
686 1679 716 1701 et
729 1671 873 1702 Macrob.
895 1672 941 1701 111
957 1673 1020 1702 Sat.
1040 1676 1060 1706 4
1075 1679 1082 1701 :
1099 1670 1178 1700 adde
1199 1671 1286 1701 Set-V.
1302 1670 1342 1700 ad

141 1727 192 1763 ΙΙ,
214 1726 301 1765 2963
318 1727 386 1763 ΙΙΙ,
411 1736 462 1756 12.
482 1725 582 1755 Iidem
599 1725 647 1755 dii
658 1725 779 1765 patrii,
807 1722 868 1755 θεοὶ
882 1727 1036 1768 πατρῷοι.
1052 1725 1111 1757 Sed
1135 1731 1167 1755 et
1186 1725 1253 1765 ipse
1268 1725 1342 1755 Vir-

139 1780 232 1822 gilius
246 1782 293 1809 III
305 1803 313 1817 ‚
333 1791 345 1809 1
355 1780 395 1820 59
407 1802 415 1817 ,
434 1780 490 1809 ubi
507 1782 637 1810 Penates
653 1782 759 1809 AEneae
776 1790 834 1821 per
847 1790 995 1810 somnum
1011 1786 1180 1820 apparent:
1205 1781 1250 1809 Tu
1265 1789 1340 1809 ma·-

141 1835 198 1867 m'a
216 1836 337 1876 magnis
354 1845 476 1876 magna
490 1845 587 1874 para.
608 1836 715 1874 Itaque
730 1834 916 1865 declarative
929 1836 964 1865 in
982 1835 1038 1865 illo
1059 1836 1126 1873 ΙΙΙ,
1142 1845 1179 1864 12
1197 1834 1270 1864 loco
1283 1844 1340 1874 po-

140 1890 235 1918 situm
251 1898 315 1917 esse
332 1887 427 1917 debet
441 1898 449 1918 z
465 1888 640 1918 Penatibus
663 1895 696 1918 ec
719 1888 846 1930 magnis
861 1889 920 1919 dis.
948 1888 1049 1919 Iidem
1069 1887 1150 1925 divi,
1179 1895 1210 1919 et
1239 1886 1341 1917 decla-

140 1944 238 1973 rative
257 1944 325 1980 ΙΙΙ,
355 1943 416 1978 148
440 1941 575 1985 Effigies
595 1953 694 1973 sacrae
719 1942 823 1973 divum
851 1942 1022 1985 qugiique
1046 1945 1195 1974 Penates.
1216 1939 1342 1973 Sufficit

139 1997 306 2027 memorari
322 2007 337 2026 a
352 2004 444 2037 poeta
456 2018 464 2034 ,
484 2004 632 2037 tanquam
647 1997 833 2028 domesticas
848 1998 1014 2038 religiones
1028 2005 1059 2028 et
1071 2007 1172 2034 saera,
1193 1998 1339 2034 Penates,

141 2048 216 2079 deos
241 2051 379 2090 patrios,
403 2060 577 2090 eorumque
598 2051 685 2092 signa
705 2051 743 2080 ab
762 2053 859 2081 AEnea
880 2051 999 2088 ablata,
1024 2061 1098 2080 cum
1117 2051 1212 2089 Troja
1227 2051 1339 2082 exiret.

185 2107 232 2134 De
249 2104 387 2135 Palladio
406 2112 436 2135 et
451 2107 544 2135 Vesta
558 2116 634 2136 mox
648 2106 828 2136 videbimus
839 2127 847 2141 ‚
867 2107 976 2146 paucis
991 2105 1159 2145 praemissis
1176 2105 1215 2135 de
1235 2107 1338 2135 Pena-

140 2157 229 2188 tibus.
256 2160 303 2188 Ex
319 2159 398 2189 locis
416 2159 554 2189 laudatis
573 2161 680 2202 colligi
705 2171 796 2201 posse
818 2159 962 2198 videtur,
986 2161 1090 2190 omnia
1113 2160 1188 2197 ista,
1209 2166 1239 2190 et
1254 2161 1339 2200 ipsos

138 2214 285 2248 Penates,
312 2214 346 2242 in
368 2216 473 2244 AEneae
496 2214 592 2245 domo
613 2215 726 2252 fuisse3
753 2225 889 2255 namque
910 2226 949 2245 ex
966 2225 1001 2245 ea
1026 2214 1216 2246 efferuntur.
1239 2215 1338 2255 Atqui

138 2265 199 2298 hoc
215 2274 317 2309 poet-‘e
334 2268 484 2308 consilio,
501 2276 531 2300 et
545 2269 678 2302 aliorum
698 2269 840 2301 locorum
861 2271 1041 2308 sententiae,
1064 2270 1187 2315 ipsique
1204 2270 1270 2308 rei,
1288 2279 1335 2299 re-
