1402 2460
593 69 715 99 LIBER
741 69 800 98 lv.

1232 69 1294 98 285

87 131 324 175 Extremam,
346 136 387 164 ut
407 125 628 177 perhibent,
649 127 737 163 Coeo
759 125 1025 175 Enceladoque
1043 137 1213 163 sororem

86 188 314 239 Progenuit,
335 187 499 238 pedibus
520 186 680 224 celerem
699 194 735 223 et
755 185 974 235 pernicibus
995 186 1073 223 alis.
1251 194 1298 217 ιε’»

89 252 306 286 Monstrum
324 248 573 293 horrendum,
591 246 734 297 ingens,
751 247 812 283 cui
829 256 922 296 quot
937 256 1024 284 sunt
1039 258 1202 297 corpore
1218 245 1373 295 pluium,

92 311 162 346 Tot
181 308 313 359 vigiles
334 308 435 345 oculi
450 307 601 354 subter,
617 306 790 344 mirabile
810 306 934 344 dictu!

87 371 159 406 Tot
179 369 335 418 linguae,
356 367 513 405 totidem
534 381 602 404 ora
621 375 773 413 sonant,
795 376 850 404 tot
870 366 1036 416 subrigit
1055 366 1167 404 auris.

86 431 208 467 Nocte
225 430 327 467 volat
348 429 433 466 coeli
451 429 578 467 medio
596 439 782 478 terraeque
795 458 804 475 ,
826 441 894 478 per
915 427 1089 465 umbram

88 489 280 535 Stridens,
299 503 368 526 nec
389 489 489 526 dulci
510 489 673 526 declinat
692 489 835 525 lumina
854 501 997 526 somnO.
1250 493 1298 519 ¹8³

88 551 190 585 Luce
208 549 312 586 sedet
333 559 458 587 custos
476 558 540 586 ant
560 549 696 587 summi
717 549 879 586 culmine
899 548 1006 594 tecti,

87 608 276 646 Turribus
298 619 362 646 aut
383 610 484 656 altis,
505 617 542 646 et
558 622 712 658 magnas
730 609 878 645 territat
896 608 1022 655 urbis;

87 670 181 705 Tam
201 668 277 705 ficti
297 669 482 718 pravique
502 678 632 714 tenax,
650 682 763 718 quam
782 669 914 705 nuntia
933 668 1025 704 veri'.

88 730 178 765 Haec
199 736 278 765 tum
297 729 497 778 multiplici
514 729 678 778 populos
700 741 878 764 sermone
900 727 1071 776 replebat

87 789 264 827 Gaudens
276 817 285 834 ‚
306 798 343 826 et
359 788 503 838 pariter
525 789 622 825 facta
639 796 752 837 atque
771 787 909 823 infecta
926 784 1085 822 canebat
1103 800 1110 821 :
1248 803 1295 826 190

86 849 242 886 Venisse
258 851 422 894 AEnean,
442 848 606 898 Trojano
627 861 648 885 a
668 846 850 897 sanguine
870 855 1033 890 cretum,

85 909 156 946 Cui
176 922 215 946 se
235 908 398 958 pulchra
417 908 502 944 viro
523 907 701 958 dignetur
714 907 875 957 jungere
893 905 1012 950 Dido3

86 970 196 1005 Nunc
213 968 376 1005 hiemem
395 968 496 1005 inter
516 981 554 1004 se
571 968 683 1013 luxu,
703 979 818 1016 quam
838 966 966 1015 longa,
987 965 1118 1002 fovere

86 1136 146 1166 qua
157 1149 164 1163 ‚
197 1126 361 1157 Hesiodeae
389 1127 509 1157 similis.
546 1129 659 1157 Coeum

85 1174 182 1202 Terra
197 1184 237 1202 ex
248 1173 336 1203 Coelo
349 1195 356 1209 ,
366 1174 433 1204 vid.
444 1173 563 1214 Theog.
584 1184 596 1202 1
605 1175 659 1210 33,

91 1227 103 1246 1
113 1220 171 1255 34,
188 1219 239 1249 vel
257 1230 298 1249 ex
312 1221 444 1249 Tartaro
458 1221 591 1260 peperit.
608 1221 659 1250 Sic

86 1272 118 1294 et
144 1265 295 1307 Gigantes
318 1275 358 1295 ex
383 1266 491 1302 Coelo,
511 1265 658 1306 Apollod.

84 1312 119 1348 I,
138 1311 178 1350 6,
198 1323 210 1341 1
224 1335 233 1348 ‚
264 1313 298 1340 in
326 1312 445 1352 quibus
473 1312 659 1341 Enceladus

84 1357 163 1388 ibid.
177 1369 204 1389 s.
221 1369 260 1395 ²3
282 1357 321 1387 de
340 1369 377 1388 eo
402 1369 472 1399 sup.
496 1360 561 1393 111,
581 1358 657 1396 578.

85 1405 126 1435 cf.
145 1406 265 1447 Hygin.
280 1404 401 1445 praefat.
417 1405 527 1445 ibique
543 1406 660 1435 Mune-

82 1451 151 1483 ker.
168 1455 301 1492 Propter
314 1453 457 1491 corporis
469 1451 660 1492 magnitudi-

83 1508 156 1529 nem
165 1499 338 1540 Gigantum
354 1498 480 1528 sanunae
494 1498 585 1528 facile
600 1499 659 1528 Fa-

84 1555 166 1575 mam
208 1545 418 1575 adnumerare
449 1545 566 1585 potuit.
601 1546 657 1574 Ira

83 1591 213 1622 deorum
224 1615 232 1627 ,
252 1592 330 1621 irata
348 1591 408 1621 diis
422 1598 554 1632 propter
570 1593 656 1622 Tita-

82 1649 138 1668 nas
166 1640 201 1668 in
219 1640 386 1668 Tartarum
415 1639 597 1675 conjectos;
620 1644 657 1668 ut

82 1692 113 1714 et
126 1683 278 1725 Apollod.
296 1685 330 1720 Ι,
345 1685 364 1714 6
376 1707 385 1721 ,
405 1694 417 1712 1
429 1707 436 1721 ‚
451 1684 509 1713 ubi
525 1684 568 1714 cf.
579 1685 654 1714 Not.

83 1742 115 1771 p.
127 1731 167 1769 67
182 1731 422 1770 ,68;Ap0110n.
435 1752 443 1766 ‚
456 1731 487 1760 II
498 1753 506 1767 ‚
520 1730 561 1758 38
574 1753 583 1767 ,
600 1736 654 1764 40.

134 1778 207 1807 182.
225 1776 399 1818 Pervigiles
419 1786 447 1806 o.
473 1786 522 1815 pr.
538 1776 655 1806 Hamb.

82 1824 217 1853 Subsuuc
228 1825 339 1853 Franc.
356 1822 497 1853 Parrhas.
516 1828 546 1851 et
566 1822 657 1862 pleri-

81 1881 143 1911 que
168 1871 249 1900 Pier.
287 1870 429 1899 subeunt
452 1870 535 1899 Ven.
560 1868 655 1899 wall.

80 1926 155 1946 cum
178 1916 276 1947 Goth.
308 1922 380 1946 tert.
410 1915 525 1945 Oculos
551 1914 658 1944 subcus

81 1963 189 1994 Sehol.
216 1964 335 1993 Lucani
358 1962 414 1992 lib.
429 1963 443 1991 Ι
455 1984 462 1998 ,
481 1967 558 1999 472.
577 1962 657 1990 Ocu-

79 2008 121 2038 ‘lis
135 2009 265 2039 subsunt
278 2009 327 2040 ed.
344 2010 427 2038 Ven.
443 2007 592 2038 Mirabile
604 2007 655 2037 vi-

80 2065 116 2084 su
134 2058 213 2086 Exc.
236 2057 387 2086 Burman.
413 2065 429 2084 a
454 2065 496 2084 m.
513 2065 562 2095 pr.
575 2077 583 2091 ‚
601 2053 655 2084 sed

82 2101 209 2132 aliunde
235 2103 415 2142 repetitum.
434 2119 482 2124 —-
502 2102 576 2132 183.
596 2103 655 2130 Tot

81 2148 219 2190 Iinguae,
236 2148 366 2178 totidem
385 2159 441 2178 ora
460 2155 520 2179 etc.
537 2151 655 2179 Ornate

79 2205 158 2235 pro,
175 2202 223 2226 tot
242 2205 297 2226 ora
318 2196 347 2225 ei
369 2202 443 2226 sunt
456 2218 464 2233 ,
483 2202 515 2225 et
531 2205 628 2239 *aures
643 2205 652 2231 3

715 1135 781 1157 tota
800 1134 846 1156 est
862 1126 1003 1163 oculata,
1024 1127 1144 1163 aurita,
1159 1133 1189 1156 et
1206 1137 1297 1158 voca—

713 1173 762 1204 lis.
788 1175 871 1203 Mox
898 1173 962 1208 184
982 1183 1028 1212 sq.
1054 1173 1144 1213 strigi
1160 1174 1295 1204 similem

715 1221 817 1261 cogita
828 1242 836 1256 ‚
857 1219 909 1248 vel
924 1219 1062 1249 buboni.

766 1266 840 1296 185.
862 1265 981 1296 Stridet
1005 1265 1166 1305 oblongus
1188 1266 1292 1296 Vatic.

714 1313 809 1342 Pierii
825 1318 857 1342 et
869 1322 929 1342 sec.
946 1311 1098 1343 Rottend.
1119 1311 1296 1341 Declinant

713 1357 806 1395 Leid,
827 1364 864 1388 ut
888 1360 947 1388 int.
973 1369 1006 1387 se
1025 1369 1036 1387 .·
1061 1357 1178 1387 limina
1202 1359 1295 1388 multi

713 1415 762 1445 ap.
774 1406 856 1435 Pier.
865 1411 896 1434 et
904 1405 1014 1434 Burm.
1024 1403 1159 1434 Lumine
1167 1416 1215 1445 pr.
1226 1406 1296 1434 Μο-

713 1458 771 1481 ret.
786 1451 873 1481 Coelo
886 1451 965 1481 alter
975 1450 1093 1481 Hamb.
1106 1461 1121 1480 a
1132 1462 1175 1482 m.
1187 1462 1236 1492 pr.
1248 1469 1294 1474 -

717 1510 729 1528 1
739 1498 791 1527 86.
808 1500 855 1527 Ec
869 1508 927 1526 nec
941 1508 1001 1538 pro
1021 1498 1105 1526 Luce
1117 1498 1215 1528 Goth.
1231 1508 1293 1529 sec,

713 1547 842 1574 Summo
852 1545 978 1585 Hugen.
989 1550 1020 1573 et
1030 1550 1101 1573 tert.
1110 1545 1213 1574 Mem.
1227 1555 1242 1573 a
1252 1556 1293 1574 111.

710 1602 759 1633 pr.
773 1591 897 1620 Venice
905 1602 954 1631 pr.
963 1589 1080 1621 Hamb.
1088 1599 1138 1629 pr.
1148 1601 1212 1619 var.
1222 1590 1293 1621 lect.

756 1638 831 1677 193.
846 1637 1005 1666 Hiemem.
1016 1639 1092 1668 Non
1105 1637 1236 1675 proprie
1247 1648 1293 1666 ac-

711 1682 912 1724 cipiendum,
928 1683 972 1712 ita
995 1690 1032 1712 ut
1051 1683 1164 1711 AEneas
1188 1689 1292 1712 totum

709 1729 846 1758 hiemem
875 1729 962 1768 apud
984 1729 1145 1759 Didonem
1179 1739 1292 1769 exege-

710 1776 770 1812 rit,
785 1774 819 1804 id
835 1775 923 1814 quod
937 1775 995 1804 alia
1008 1775 1093 1805 haud
1107 1776 1292 1807 admittunt.

709 1823 831 1851 Verum
842 1844 851 1856 ‚
877 1831 979 1862 quum
990 1823 1056 1860 jam
1072 1822 1135 1853 sub
1155 1831 1293 1853 aestatem

711 1875 887 1899 extremam
914 1867 982 1897 haec
1013 1876 1200 1910 gererentur
1211 1894 1219 1908 ,
1250 1872 1293 1899 ita

711 1921 748 1944 ut
766 1914 901 1944 hiemale
923 1921 1050 1955 tempus
1073 1917 1223 1952 instaret,
1243 1917 1293 1946 in-

712 1960 833 1991 vidiose
870 1960 904 1990 id
941 1961 1006 1999 jam
1040 1960 1110 1991 fieri
1146 1962 1263 1992 dicitur
1279 1985 1288 1998 ,

712 2007 800 2048 quod
825 2005 896 2036 fieri
922 2014 1065 2048 poterat;
1089 2008 1152 2039 nisi
1167 2009 1226 2039 alia
1241 2011 1290 2038 in-

710 2054 859 2083 cidissent
876 2063 884 2084 z
908 2064 1006 2094 quam
1036 2054 1138 2096 longa
1152 2079 1161 2091 ,
1192 2055 1225 2086 h.
1259 2066 1286 2084 ‹-.

707 2100 843 2130 hiemem
860 2107 978 2137 totam,
994 2100 1035 2131 cf.
1049 2101 1107 2132 inf.
1125 2103 1222 2140 VIII,
1243 2103 1284 2131 86

708 2155 739 2177 et
762 2158 844 2189 saepe
863 2146 903 2177 al.
920 2147 1068 2178 Hiemem
1085 2148 1200 2190 fovere
1229 2159 1286 2178 ex-

707 2195 822 2234 quisite
833 2218 842 2233 ‚
869 2193 1002 2225 hiemale
1036 2202 1161 2236 tempus
1193 2195 1287 2225 luxui
