1433 2460
187 105 228 143 9⁸
693 101 883 132 memos

189 157 422 208 Expeditum,
442 156 633 207 tonsisque
657 157 779 196 serunt
796 157 971 195 mantelia
988 158 1095 195 villis.

187 219 469 268 Quinquaginta
487 217 586 254 intus
605 218 751 255 famula:
769 248 778 266 ‚
800 218 939 269 quibus
960 219 1092 255 ordine
1113 219 1224 270 longo

187 283 285 316 Cura
303 290 441 328 penum
460 286 624 325 struere,
641 288 678 317 ct
698 279 855 316 flammis
874 280 1026 317 adolere
1044 283 1211 317 Penates.

192 424 318 455 serebat.
330 434 360 453 v.
370 423 432 455 Od.
444 420 482 461 ὃ,
501 423 541 453 52
558 435 604 464 sq.
615 435 633 457 η
645 446 654 462 ,
677 434 687 453 1
697 424 762 465 72)

189 481 268 511 aqua
278 470 408 500 affertur
425 470 463 500 ad
477 481 587 500 manus
597 469 762 507 lavandas3

188 518 363 547 afferuntur
378 517 418 547 ad
432 528 482 547 eas
497 517 660 558 tergendas
674 515 763 557 (uon

189 564 227 594 ad
250 575 371 594 mensas
397 563 598 606 integendas‚
627 570 664 594 ut
693 564 763 604 qui-

188 611 259 640 dam
283 618 556 648 commentantur,
581 610 643 640 hoc
677 611 762 639 enim

190 665 224 687 ut
249 668 290 687 ne
313 668 394 698 opus
416 664 512 694 esset,
543 667 665 687 mensas
689 667 762 686 cum

188 705 264 745 ipsis
281 704 408 733 ferculis
425 704 493 734 tolli
509 714 577 733 mos
592 703 682 744 erat)
700 713 763 742 χει-

190 748 354 793 ρόμακτρα.
367 750 457 779 laevia
472 760 506 779 ac
524 750 630 779 mollia
646 748 658 789 (
673 761 703 779 v.
724 749 763 778 ad

189 797 248 827 Ge.
269 798 315 826 lv
328 819 336 833 ,
355 795 441 836 377)
460 796 617 837 simulque
634 796 763 825 instrui-

190 850 242 872 tur
263 853 369 871 mensa
395 853 475 882 pane
497 854 514 871 e
537 842 679 871 canistris
708 841 761 870 de—

188 895 317 930 promto
342 895 372 917 et
396 889 549 929 apposito.
579 887 676 928 Apud
698 889 762 917 Ho-

190 945 313 964 merum
327 935 416 974 panis
432 935 571 975 (quippe
586 940 699 963 crusta:
713 934 763 963 vel

191 981 343 1022 placenta:
357 987 472 1010 nostra:
488 981 621 1010 similior
638 980 649 1020 )
666 981 699 1009 in
716 990 764 1009 ca-

191 1028 297 1057 nistris
321 1028 512 1067 apponitur,
538 1034 573 1056 ut
589 1026 704 1067 OdysS.
722 1036 742 1056 οι
754 1049 762 1063 ,

197 1079 254 1112 ¹47
275 1080 305 1103 et
328 1073 367 1103 al.
390 1072 478 1113 quod
500 1073 637 1113 pressius
661 1074 763 1112 sequi-

191 1127 243 1149 tur
256 1126 364 1149 noster
378 1121 448 1149 [En.
462 1120 559 1156 VIII,
583 1129 595 1148 1
605 1120 659 1156 80,
676 1120 712 1148 18
724 1129 750 1149 r.

241 1167 318 1204 703.
341 1167 488 1207 Longam
505 1176 629 1206 penum
655 1176 671 1195 a
690 1167 764 1195 Vir-

190 1213 267 1253 gilio
296 1212 429 1249 dictam,
456 1212 594 1242 Carisius
614 1212 669 1242 lib.
687 1213 765 1242 1111-

191 1260 255 1289 stit.
273 1265 381 1289 auctor
396 1266 452 1289 est.
463 1259 593 1299 Duplex
610 1259 766 1299 scriptura

189 1306 254 1343 jam
270 1305 366 1335 Gellii
392 1311 480 1335 aetate
502 1305 685 1335 circumlata
709 1313 764 1336 est.

192 1362 223 1381 v.
239 1353 285 1382 IV
303 1352 343 1382 N.
371 1352 411 1381 A.
437 1362 464 1382 c.
494 1363 520 1382 1.
543 1354 685 1393 Longam
707 1362 765 1392 pe—

194 1408 270 1427 num
294 1399 449 1438 expressit
472 1399 565 1428 etiam
589 1399 763 1430 Ausonius.

192 1445 354 1474 Donatum
370 1450 400 1473 et
415 1446 559 1475 Servium
573 1445 689 1475 frustra
702 1445 767 1475 lau-

193 1489 247 1519 dat
265 1491 324 1520 Ge.
348 1490 470 1521 Fabric.
494 1492 639 1522 Retinuit
663 1498 766 1521 tamen

193 1537 304 1566 Heius.
330 1536 441 1567 ordine
476 1537 572 1578 longo
596 1538 765 1578 praeclare,

192 1589 324 1623 propter
337 1582 432 1612 codd.
447 1593 648 1620 consensum,
663 1590 693 1613 et
707 1585 769 1613 'No-

194 1629 241 1658 nii
264 1629 411 1659 Marcelli
435 1629 671 1670 Eugraphiique
697 1639 769 1659 auc-

194 1675 363 1705 toritatem.
387 1674 479 1705 Adde
496 1677 589 1705 etiam
611 1676 768 1716 poeticam

196 1722 351 1752 rationem
368 1745 376 1759 ‚
416 1720 503 1762 quod
533 1720 644 1751 ordine
673 1722 769 1763 longo

196 1769 322 1808 gravius
343 1779 378 1798 ac
401 1767 529 1808 dignius
548 1768 680 1799 dictum.
714 1771 769 1798 ln-

195 1821 313 1844 5truere
325 1825 423 1856 porro
442 1815 559 1856 legitur
575 1815 660 1856 apud
685 1815 767 1845 Gell.

195 1861 217 1890 l.
234 1871 261 1891 c.
278 1879 325 1883 —-
341 1863 404 1900 703
417 1884 426 1899 ,
453 1868 529 1900 704.
550 1863 589 1891 In
614 1862 766 1892 interiore

196 1907 311 1937 :edium
328 1915 416 1949 parte
433 1915 523 1938 erant
537 1908 679 1945 feminae,
696 1919 767 1949 quae

195 1964 309 1993 panem
326 1956 360 1984 in
375 1955 517 1985 canistris
532 1961 690 1984 struerent
700 1978 708 1992 ,
732 1962 769 1985 ut

197 2001 456 2031 circumferretur
474 2008 505 2031 et
526 2001 769 2031 distribueretur

197 2048 339 2077 convivis
359 2057 367 2078 :
391 2047 479 2088 quod
516 2059 546 2078 v.
575 2058 636 2086 7⁰1
661 2047 767 2078 fiebat.

195 2093 276 2121 Nam
298 2092 359 2123 hoc
377 2101 442 2131 est,
469 2095 508 2124 iis
527 2105 635 2124 curam
652 2095 764 2131 fuisse,

196 2145 312 2168 struere
332 2151 464 2179 penum.
491 2142 530 2171 In
552 2141 693 2171 fraudem
715 2151 765 2170 me

197 2183 365 2215 induxerat
404 2188 552 2217 Favorini
594 2187 765 2228 disputatio

197 2230 281 2270 apud
305 2232 442 2263 Genium
463 2235 527 2272 IV,
553 2245 565 2264 1
577 2257 585 2273 ‚
601 2241 637 2265 ut
655 2233 766 2266 redde-

816 436 881 454 rem
899 435 905 456 ε
930 426 1085 455 instruere
1103 432 1133 455 et
1147 424 1300 455 adornare
1313 426 1386 457 edu-

815 471 855 500 lia
871 482 905 500 ac
921 472 1019 501 cibos.
1040 472 1209 501 Enimvero
1226 483 1388 503 versamur

816 516 868 546 hic
885 519 917 546 in
933 524 1025 557 poeta
1043 518 1134 558 epico
1153 526 1183 548 et
1201 519 1233 547 in
1251 520 1311 548 vita
1331 519 1387 549 he-

818 564 912 593 roica.
940 565 1049 605 Longo
1074 564 1203 601 ordine,
1236 566 1388 604 quoni-‘um

819 611 842 639 L
873 621 1017 640 numero.
1047 610 1058 651 (
1076 611 1259 651 Respexisse
1294 618 1387 652 poeta

816 663 948 696 putatur
977 655 1092 697 Odyss.
1110 667 1128 689 τ,
1141 679 1149 694 ,
1186 657 1246 686 105
1273 669 1319 697 sq.
1349 657 1389 687 de

818 703 945 732 Alcinoi
967 704 1068 744 regia,
1097 703 1186 741 cujus
1205 704 1388 734 convivium

817 750 971 789 expressit
994 751 1028 778 iu
1047 761 1132 789 seqq.
1152 760 1192 779 ex
1215 748 1330 790 Odyss.
1355 751 1387 788 θ,

820 796 858 832 57
878 806 923 835 sq.
939 794 951 835 )
970 795 1165 837 Etflammis
1183 795 1314 825 adolere
1326 798 1386 826 Pe-

818 849 918 870 nates.
932 844 1060 871 Penates
1076 849 1131 871 aut
1146 852 1205 882 pro
1219 843 1278 871 aris
1293 852 1328 872 ac
1344 842 1390 873 so-

818 888 862 917 cis
874 910 882 923 ,
906 894 957 916 aut
975 898 1034 927 pro
1047 888 1117 928 ipso
1130 888 1301 928 penetrali,
1324 899 1389 918 om-

817 934 958 973 ninoque
987 944 1046 974 pro
1075 934 1171 963 domo
1196 935 1297 974 accipi
1319 946 1389 975 pos-

817 987 902 1009 suut.
925 982 998 1010 Jam
1025 991 1077 1009 eos
1102 980 1390 1023 adolerejlammt's

818 1025 901 1055 dixit
923 1026 1078 1067 Virgilius
1092 1028 1218 1067 poetico
1238 1028 1390 1057 orationis

818 1083 924 1110 more,
949 1082 1027 1112 pro,
1054 1072 1194 1103 flammas
1213 1072 1337 1103 adolere
1356 1075 1389 1104 iu

818 1119 998 1155 Penatibus»,
1013 1129 1036 1148 s.
1049 1119 1180 1157 aedibus,
1196 1119 1228 1157 h,
1243 1131 1269 1150 e.
1282 1121 1314 1149 in
1331 1121 1391 1150 aris

819 1165 857 1194 ad
869 1167 1011 1202 Penates3
1030 1172 1066 1195 ut
1075 1167 1150 1203 VII,
1164 1176 1179 1204 7
1192 1177 1202 1196 1
1217 1166 1313 1196 castis
1331 1166 1389 1196 ad-

819 1211 884 1241 olet
895 1212 969 1241 dmn
981 1211 1101 1242 altaria
1115 1211 1217 1250 taedis,
1227 1223 1286 1253 pro
1297 1212 1390 1243 taedas

820 1258 854 1287 in
881 1258 988 1295 altari,
1019 1259 1225 1298 exquisitiore
1247 1259 1389 1297 ratione,

819 1311 855 1334 ut
870 1306 984 1346 passim
1001 1305 1095 1343 alibi,
1113 1305 1244 1335 adolere
1247 1304 1345 1347 focos
1360 1312 1391 1335 et

820 1351 887 1382 alia.
908 1351 1027 1382 Eodem
1041 1351 1137 1381 modo
1153 1352 1211 1382 Ge.
1226 1353 1283 1388 IV,
1302 1352 1366 1390 378
1379 1375 1387 1387 ,

821 1399 886 1438 379
906 1397 1077 1428 Patzcltaeis
1098 1398 1289 1428 adolescunt
1308 1397 1391 1438 igni-

819 1445 874 1474 bus
884 1455 950 1474 (ινιτ
960 1444 1011 1474 .·h.
1023 1454 1050 1474 e.
1061 1451 1130 1474 tura
1145 1446 1179 1474 in
1194 1445 1253 1474 aris
1270 1443 1390 1474 adoles-

820 1499 896 1522 cunt
912 1491 962 1521 vel
975 1490 1095 1521 ardent.
1112 1492 1228 1521 Statius
1238 1513 1247 1528 ,
1273 1491 1329 1531 qui
1344 1498 1391 1521 to-

821 1545 889 1568 tum
907 1537 940 1568 h.
957 1537 979 1568 l.
997 1538 1168 1577 expressit,
1193 1535 1247 1567 sed
1258 1559 1266 1574 ‚
1292 1544 1327 1566 ut
1343 1547 1393 1567 so-

821 1585 882 1621 let,
908 1583 946 1612 ad
965 1583 1124 1612 fastidium
1144 1593 1244 1624 usque
1258 1583 1393 1623 produc-

822 1631 862 1660 tis
894 1630 1026 1671 singnlis
1058 1639 1165 1659 rerum
1204 1630 1371 1659 momentis
1383 1652 1391 1668 ,

823 1677 838 1705 I
853 1675 955 1707 Theb.
973 1676 1010 1706 51
1020 1686 1037 1705 2
1064 1686 1131 1716 sqq.
1143 1698 1152 1713 ,
1169 1676 1213 1705 ait
1227 1685 1235 1706 ε
1252 1675 1393 1706 Adolere

814 1722 926 1764 focos,
958 1722 1132 1763 epulasque
1170 1729 1313 1752 recentes
1342 1722 1393 1752 in-

822 1777 984 1805 staurare,
1013 1768 1113 1810 jubet.
1143 1768 1285 1798 Adolere
1296 1767 1393 1810 focos

823 1817 916 1845 etiam
933 1815 1027 1846 Silius
1043 1815 1125 1845 dixit
1136 1816 1185 1845 XI
1196 1838 1205 1853 ,
1221 1815 1285 1853 278
1299 1816 1334 1845 in
1347 1815 1394 1845 lo-

820 1872 858 1892 co
885 1863 941 1902 qui
958 1869 989 1892 et
1006 1863 1073 1902 ipse.
1095 1872 1135 1891 ex
1148 1869 1259 1892 nostro
1275 1867 1321 1891 est
1339 1861 1392 1890 ad·-

821 1908 1001 1945 umbraru53
1027 1907 1115 1949 quod
1133 1909 1197 1946 jam
1218 1914 1290 1937 ante
1317 1907 1391 1938 Cer-

821 1955 893 1985 dam
914 1955 994 1984 vidit
1015 1955 1218 1995 Pomponius,
1240 1955 1312 1984 Jam
1337 1964 1392 1983 au-

821 2009 884 2032 tem
911 2011 1051 2042 quaeras,
1077 2010 1227 2041 quorsum
1240 2022 1248 2037 ‚
1273 2001 1307 2029 iu
1327 2001 1392 2030 vita

822 2049 932 2088 utique
951 2047 1094 2083 heroica,
1121 2047 1204 2076 inter
1225 2046 1333 2087 epulas
1357 2048 1392 2076 in

821 2094 892 2124 foco
923 2094 1003 2135 ignis
1029 2091 1159 2122 incendi
1183 2092 1295 2122 solitus
1320 2093 1361 2122 sit
1377 2093 1391 2122 Ρ

817 2141 892 2171 Non
899 2150 973 2169 sane
983 2139 1108 2180 frigoris
1120 2138 1298 2180 depellendi
1308 2149 1391 2168 caus-

819 2197 850 2216 sa
862 2198 870 2223 3
884 2197 942 2216 nec
956 2185 995 2215 ad
1009 2196 1117 2216 carnes
1131 2184 1321 2227 coquendas.
1331 2187 1390 2215 Ve—

819 2244 890 2263 rum
920 2240 1091 2274 perpetuus
1116 2232 1188 2270 ille,
1213 2233 1310 2271 ‘etiam
1333 2242 1390 2272 per
