1433 2460
160 102 224 131 900

660 88 853 120 AENFJDOS

154 150 228 187 sod
254 150 333 185 sore
353 147 419 196 qui
439 145 634 194 gravidam
655 146 823 196 imperiis
844 145 1019 195 belloque
1038 146 1258 184 frementem

154 210 300 247 ltaliam
320 215 484 256 regeret,
506 218 623 255 genus
643 206 718 243 alto
739 219 759 243 a
782 206 963 256 sanguine
981 206 1120 242 'll-ucri

1308 212 1356 237 ²30

155 269 354 312 proderet,
373 279 415 303 ac
436 274 557 302 totum
574 265 645 304 sub
664 267 762 316 leges
782 267 949 304 mitteret
970 266 1114 303 orbem.

156 330 194 365 si
218 329 317 364 nulia
338 325 513 363 adcendit
532 334 722 363 tantarum
741 326 859 376 gloria
879 339 1023 371 rerum,

156 392 234 425 Nec
255 400 369 436 super
391 387 469 436 ipse
487 400 555 424 sua
575 387 730 424 molitur
750 387 861 423 laude
880 386 1068 432 Iahon-0:123

157 448 366 485 Ascanione
389 456 496 496 pater
515 450 704 484 Romanas
723 447 866 484 invidet
883 449 1011 484 arces?

158 508 259 554 Quid
277 507 411 544 struit?
429 516 493 543 aut
510 520 585 556 qua
606 520 672 556 spe
692 507 844 544 inimica
863 508 901 544 in
923 516 1033 558 gente
1052 507 1248 544 moratur?

1314 515 1360 540 ²35

156 571 235 604 “Nec
253 567 398 618 prolem
416 567 644 613 Ausoniam,
661 576 697 604 et
715 567 873 604 Lavinia
890 567 1043 616 respicit
1063 570 1179 604 arva?

158 629 329 678 Naviget.
349 631 439 666 flaec
455 640 603 665 summa
623 637 696 676 est3
715 628 776 665 hic
796 629 917 666 nostri
934 628 1088 665 nuntius
1105 637 1196 665 esto.
1216 644 1231 661 »

158 775 315 804 monitum
339 775 482 804 referunt
503 784 573 814 sup.
592 775 643 811 11,
670 775 734 814 589

158 833 226 862 μιᾳ.
244 828 273 850 et
292 821 369 850 (332.
391 823 490 851 Porro
512 822 576 849 228
590 821 738 859 promisit

158 866 372 902 —-7·1'nd1'c(1t,
392 865 652 906 quandoquidem
670 868 737 896 haec

159 922 300 954 tempora
336 912 453 952 aliquid
480 923 652 943 commuue
684 913 739 942 ha-

161 961 254 997 bent3
271 959 310 989 cf.
327 959 455 989 Serv.h.
474 959 494 988 l.
508 971 641 1000 —229.
658 960 738 988 Gra-

159 1007 263 1036 vidam
283 1004 424 1045 imperiis
441 1005 587 1036 ltaliam.
604 1009 656 1037 Ex
671 1018 740 1037 ver-

159 1053 275 1083 borum
302 1054 333 1082 vi
364 1061 428 1082 non
456 1062 523 1082 uno
552 1053 648 1083 modo
678 1053 740 1083 hoc

160 1100 284 1129 dictum
304 1109 369 1127 csse
388 1104 503 1138 potest.
520 1099 654 1136 Italiam,
669 1110 741 1139 quae

160 1146 277 1175 multos
295 1146 502 1185 imperatores
516 1152 562 1174 cst
578 1147 739 1185 paritura,

161 1191 300 1233 explicat
318 1194 404 1221 Serv.
419 1189 576 1231 probante
592 1192 693 1223 Corda
710 1200 740 1223 et

160 1241 230 1279 ipso
261 1240 456 1268 Burmauno.
489 1239 540 1269 Sic
573 1238 738 1270 Claudian.

161 1287 291 1315 fescen.
316 1285 396 1321 XII,
419 1291 461 1320 24
485 1284 618 1324 imperio
630 1285 739 1327 setam

163 1332 291 1361 domum
307 1330 408 1368 dixit,
427 1341 498 1371 qua:
511 1332 629 1362 multos
641 1333 740 1372 impe-

162 1385 280 1407 ratores
290 1376 412 1408 habuit.
424 1379 535 1408 'renue
550 1385 654 1407 tamen
664 1378 736 1415 hoc,

163 1425 270 1454 saltem
286 1424 318 1453 h.
333 1423 354 1452 l.
368 1435 375 1461 3
394 1424 451 1453 etsi
467 1434 588 1454 verum.
607 1424 691 1455 conf.
710 1426 741 1454 11

164 1472 281 1510 Georg.
302 1470 364 1509 169
381 1482 428 1510 sq.
446 1471 564 1500 Melius
577 1471 742 1512 aliipopu-

165 1518 230 1547 lum
254 1517 321 1546 Inte
349 1527 455 1558 regem
476 1516 533 1548 lib.
559 1519 592 1554 Ι,
617 1528 656 1547 21
677 1518 742 1547 huc

164 1571 297 1600 vocan13
309 1562 362 1594 sed
373 1562 468 1593 verba
479 1573 544 1594 non
555 1565 742 1604 expediunt.

165 1610 291 1641 Scine-et
316 1612 440 1651 poetice
461 1610 600 1651 imperiis
622 1611 745 1641 dictum

165 1667 224 1698 pro
247 1657 400 1696 imperio,
427 1667 491 1697 quo
514 1664 670 1688 terrarum
694 1668 744 1688 or-

165 1703 239 1732 bem
249 1703 457 1743 complexura
466 1711 531 1733 erat
541 1707 652 1735 Roma.
668 1704 746 1734 Gra-

167 1749 240 1778 vida
250 1750 349 1790 igitur
367 1749 506 1790 imperiis
516 1751 618 1788 Italia;
634 1752 669 1780 in
683 1761 745 1791 qua

167 1806 317 1837 magnum
332 1796 477 1826 futurum
488 1804 553 1827 erat
563 1799 744 1838 imperium,

168 1850 205 1871 ut
220 1842 279 1873 inf.
304 1845 354 1880 X,
386 1844 424 1881 83·
459 1844 630 1885 gravidam
655 1843 746 1874 bellis

168 1889 292 1925 urbem,
317 1900 388 1930 quae
404 1890 526 1920 bellum
550 1891 640 1932 gerit.
657 1891 746 1920 Licet

169 1946 297 1975 quoque
311 1935 481 1977 gravidam
499 1936 639 1977 imperiis
655 1936 746 1966 intel-

167 1983 264 2021 ligere
286 1983 424 2020 Italiam,
449 1994 520 2025 quae
547 1983 665 2013 multos
688 1994 745 2024 po-

170 2034 270 2057 tentes
284 2035 314 2057 et
326 2029 387 2059 late
402 2031 593 2071 imperantes
609 2029 746 2070 populos

170 2074 326 2114 protulit,
347 2087 412 2116 quo
437 2087 547 2114 sensu,
572 2086 632 2105 nec
660 2076 722 2106 alio
736 2098 745 2113 ‚

171 2119 293 2149 dictum
331 2121 467 2152 arbitror
501 2122 586 2163 apud
621 2123 746 2153 Auson.

172 2166 281 2205 Epigr.
319 2167 365 2195 IV
376 2189 385 2204 ‚
423 2168 566 2209 Imperiis
596 2168 749 2210 gravidas

172 2211 375 2243 Pannonias.
401 2215 446 2243 Ita
464 2216 662 2246 conveniunt
680 2214 750 2245 haec

790 775 871 805 dicta
891 785 964 804 cum
991 774 1048 805 lib.
1075 774 1106 811 1,
1139 773 1201 811 257
1230 783 1277 813 sq.
1310 772 1365 802 ubi

792 822 918 851 Bellum
942 820 1056 862 ingens
1076 827 1167 860 geret
1189 820 1289 849 Italia
1309 831 1367 859 pv-

785 870 945 911 pulusqae
957 868 1086 908 seroces
1108 865 1293 897 Comundet.
1312 868 1367 896 Vi-

793 916 887 946 detur
916 917 1022 955 itaque
1052 914 1120 943 haec
1153 913 1266 943 ultimo
1292 915 1366 944 loco

793 963 894 1003 posita
911 963 989 991 ratio
1004 972 1069 990 esse
1084 959 1290 1000 praeferenda.
1309 961 1369 990 Ge-

795 1008 957 1048 nus—qui
965 1007 1124 1048 proderet.
1144 1006 1253 1037 Prodit
1268 1018 1368 1048 genus

794 1056 850 1095 qui
866 1062 978 1084 auctor
996 1061 1042 1083 est
1056 1053 1181 1094 stirpis;
1198 1052 1282 1083 idem
1297 1054 1368 1083 stir-

795 1111 867 1140 pem
893 1106 1064 1140 propagat3
1087 1100 1129 1129 ita
1151 1098 1185 1129 h.
1210 1099 1232 1129 l.
1258 1102 1369 1130 AEneas

794 1148 925 1187 stirpem
942 1157 959 1176 a
978 1148 1104 1176 Teucro
1119 1145 1256 1176 ductam.
1272 1145 1370 1186 Apud

797 1193 861 1224 Cic.
877 1192 941 1224 Off.
961 1194 1008 1222 111
1022 1216 1030 1230 ‚
1051 1203 1089 1223 21
1111 1202 1119 1223 :
1139 1202 1259 1232 regno,
1285 1192 1374 1233 quod

797 1251 818 1270 a
849 1240 988 1270 Tantalo
1014 1248 1046 1269 ec
1068 1239 1187 1279 Pelope
1206 1238 1371 1280 proditum

790 1286 863 1328 jure
881 1286 1090 1316 obtinebatur.
1115 1287 1147 1315 Si
1172 1292 1275 1316 tamen
1295 1296 1372 1326 pro-

794 1333 869 1362 dere
896 1333 989 1361 etiam
1006 1355 1015 1369 ‚
1045 1339 1081 1361 ut
1106 1331 1269 1373 proferre,
1296 1343 1371 1372 pro-

794 1379 928 1414 ducere,
962 1379 1120 1409 illustrare
1153 1386 1199 1408 est
1222 1388 1229 1408 :
1255 1380 1373 1418 poterit

795 1425 872 1455 eth.
898 1425 919 1455 l.
943 1436 1027 1462 esse,
1051 1426 1108 1465 qui
1123 1426 1240 1455 Teucri
1259 1435 1372 1466 proge-

795 1473 881 1502 niem
896 1471 1033 1501 illustret
1055 1478 1086 1500 et
1102 1482 1188 1501 novo
1204 1471 1373 1512 splendore

796 1519 830 1548 in
846 1519 950 1548 lucem
965 1517 1114 1557 proferat.

846 1566 1040 1602 232-237,
1056 1564 1172 1594 Omnia
1186 1573 1259 1593 cum
1275 1563 1375 1605 digni-

800 1618 861 1641 tate
878 1610 1067 1640 esferuntur.
1086 1609 1121 1639 Si
1139 1610 1251 1646 nulla,
1267 1611 1293 1640 si
1309 1620 1374 1641 non

798 1659 880 1687 —si
897 1658 963 1697 ipse
987 1656 1112 1686 labores
1137 1655 1258 1692 moliri,
1279 1657 1377 1687 susci-

799 1714 874 1745 pere
893 1713 961 1734 non
982 1703 1052 1733 vult
1073 1713 1132 1744 pro
1153 1712 1207 1733 sua
1227 1701 1323 1734 laude
1338 1714 1374 1734 ac

799 1751 909 1791 gloria.
927 1750 1101 1780 Burmanni
1117 1750 1216 1787 ratio,
1235 1758 1270 1782 ut
1285 1759 1378 1791 super

799 1798 854 1835 sit,
870 1799 1016 1837 insuper,
1032 1794 1202 1827 admodum
1224 1797 1304 1827 dura
1319 1803 1376 1828 est.

800 1843 938 1881 Invidet,
953 1842 1070 1882 aufert,
1086 1853 1159 1872 eum
1174 1845 1278 1884 privat
1291 1842 1377 1873 fatali

798 1890 881 1921 sede.
913 1889 998 1921 conf.
1015 1891 1072 1921 inf.
1091 1889 1174 1929 267,
1193 1895 1279 1928 274,
1297 1889 1375 1921 355.

799 1937 927 1967 Prolem
951 1936 1151 1974 Ausoniam,
1167 1936 1207 1967 cs.
1229 1936 1295 1966 230
1317 1935 1374 1967 inf.

801 1990 867 2022 274
881 2007 889 2022 ‚
909 1985 992 2023 2753
1007 1985 1074 2021 VI,
1091 1983 1155 2020 756
1168 2005 1176 2020 ‚
1191 1982 1377 2024 progeniem

800 2031 854 2059 cuj
876 2031 936 2060 fata
958 2031 1126 2070 imperium
1148 2029 1248 2059 Italiae
1267 2027 1375 2059 decre-

800 2083 927 2107 verunt.
943 2094 990 2100 —-
1008 2076 1084 2114 237.
1107 2076 1176 2105 Hoc
1189 2085 1314 2105 summa
1331 2083 1379 2106 ese

801 2122 988 2153 emendabat
1018 2123 1226 2153 Heumannus
1244 2145 1253 2161 ,
1285 2121 1376 2152 docte

802 2168 949 2208 quidem,
974 2168 1028 2199 sed
1055 2169 1180 2199 frustra.
1205 2179 1237 2199 v.
1265 2169 1374 2199 Burm.

803 2214 891 2246 Idem
907 2215 957 2246 hic
976 2215 1076 2246 nostri
1090 2214 1218 2245 nuntius
1233 2221 1317 2252 esto,
1339 2221 1388 2245 ut*
