1402 2460
84 1999 173 2028 mico.
191 1998 231 2028 cf.
251 1996 312 2028 Od.

573 49 694 78 LIBER
720 48 780 79 ΙΙΙ.

1214 47 1279 85 239

78 109 228 159 Trojam
249 107 381 144 animis
402 120 410 142 ε
432 115 579 143 mancat
599 114 747 142 nostros
768 117 811 139 ea
830 117 922 140 cura
941 107 1115 154 nepotes!
1137 121 1151 136 »
1231 112 1279 136 505

130 167 379 205 Provehimur
398 166 532 216 pelago
551 165 676 201 vicina
696 163 881 200 Ceraunia
897 165 1008 213 juxta
1031 180 1038 201 ε

80 227 189 265 Unde
208 227 279 263 iter
298 225 464 270 Italiam,
484 237 693 274 cursusque
713 223 958 261 brevissimus
980 224 1100 262 undis.

80 289 143 326 Sol
163 288 239 325 ruit
258 288 421 334 interea,
442 294 478 324 et
497 295 643 322 montes
662 283 891 321 umbrantur
910 286 1031 334 opaci.

79 349 292 386 Sternimur
311 355 449 397 optatae
469 347 613 398 gremio
635 346 778 383 telluris
795 345 840 382 ad
860 345 1000 382 undam

80 409 213 446 Sortiti
234 421 374 455 remos,
396 408 609 458 passimque
629 407 666 443 in
686 407 797 442 litore
817 407 916 443 sicco
1235 416 1282 439 510

79 471 249 519 Corpora
268 481 460 513 curamus3
477 468 591 504 fessos
612 479 726 516 sopor
746 466 884 516 inrigat
904 474 1018 504 artus.

131 529 303 565 Necdum
323 528 455 565 orbem
474 528 640 564 medium
661 540 737 563 nox
757 527 861 563 horis
884 534 965 563 aeta
983 526 1136 564 subibat
1157 541 1164 562 :

80 589 193 626 Haud
212 589 335 639 segnis
355 598 473 626 strato
492 589 611 638 surgit
631 588 851 633 Palinurus,
871 596 908 623 et
928 588 1048 624 omnis

82 649 263 698 Explorat
282 657 433 695 ventos,
454 658 566 698 atque
588 647 745 684 auribus
764 659 852 683 aera
872 655 1009 696 captat.

83 798 162 831 gunt
194 790 268 826 alii,
297 790 386 830 quod
423 799 551 829 prorsus
582 789 657 818 ferri

82 838 203 876 nequit.
227 837 328 865 Etiam
351 838 553 866 Burmannus
570 835 657 864 illus-

83 889 143 911 trat
173 882 348 911 Dardanus
381 881 537 923 Hesperia
566 881 598 912 h.
629 892 656 911 e.

84 930 232 969 Hesperia
248 921 451 971 (Εσπερόθεν.
470 928 510 958 cf.
527 930 613 958 Serv.
626 928 637 969 )
649 949 657 964 ,

83 975 169 1014 quod
202 976 307 1005 locum
336 975 388 1004 hic
413 976 470 1004 vix
494 974 600 1004 haber.
629 976 659 1004 A

84 1021 243 1051 Dardano
267 1029 370 1051 antem
389 1022 542 1059 Trojanos
558 1022 659 1050 omui-

84 1078 126 1097 no
148 1070 303 1109 originem
327 1067 490 1103 habuisse,
517 1067 659 1106 adeoque

86 1121 115 1142 ct
140 1114 231 1150 illos,
256 1116 311 1154 qui
336 1115 484 1153 Epirum,
507 1113 574 1142 scil.
599 1114 660 1142 Bu-

86 1160 228 1189 throtum
241 1184 249 1196 ,
267 1171 338 1189 cum
350 1160 473 1189 Heleno
490 1159 639 1188 tenebant
650 1182 658 1195 ‚

86 1214 115 1236 rt
140 1207 214 1243 hos,
237 1207 292 1246 qui
319 1217 391 1235 cum
417 1208 513 1235 AEnea
537 1205 659 1235 Italiam

86 1253 254 1293 petebant,
278 1263 372 1293 supra
404 1251 542 1281 vidimus
577 1262 658 1282 vers.

94 1300 169 1337 167.

134 1347 152 1375 5
158 1346 211 1376 oti.
226 1346 285 1375 Vir
300 1345 414 1376 doctus
422 1345 594 1375 Britannus
606 1355 662 1374 vo-

87 1393 171 1423 lebat
186 1403 296 1422 versus
321 1392 404 1429 506,
422 1392 484 1429 507
505 1391 663 1422 collocare

87 1446 160 1480 post
177 1440 241 1469 520
255 1450 262 1477 ;
280 1449 457 1480 repugnare
477 1439 562 1468 enim
579 1439 663 1468 inter

87 1497 129 1523 se,
149 1485 236 1527 quod
250 1493 400 1526 provecta
409 1485 534 1516 dicatur
547 1484 662 1522 classis,

89 1540 119 1562 et
143 1540 249 1563 tamen
275 1543 353 1562 mox
380 1531 485 1562 adhuc
511 1533 547 1561 in
570 1531 664 1561 litore

90 1586 240 1610 moretur.
266 1577 472 1609 Provehimus
494 1577 582 1608 Leid.
607 1588 663 1607 uu.

90 1626 274 1656 ——506——5
283 1636 293 1655 1
306 1637 317 1655 1
325 1649 332 1656 .
350 1628 520 1666 Postquam
531 1623 666 1654 Buthro-

92 1679 125 1701 to
155 1672 332 1708 solverant,
361 1671 496 1712 legendo
522 1670 598 1700 litus
626 1670 666 1700 ad

92 1725 215 1748 montes
259 1719 432 1749 Ceraunios
475 1716 664 1757 procedunt.

94 1767 154 1796 Hic
179 1764 240 1794 sub
261 1771 385 1794 noctem
411 1763 609 1793 descendunt
632 1764 667 1792 in

93 1812 182 1848 litus,
205 1811 340 1847 scilicet,
366 1817 420 1848 ut,
447 1820 520 1839 cum
543 1815 668 1838 mutan-

94 1859 154 1888 dus
179 1859 243 1896 jam
271 1864 349 1887 esset
379 1867 508 1893 cursus,
536 1862 668 1885 ventum

93 1904 270 1935 secundum
284 1904 454 1944 excipiant.
479 1901 672 1932 Umbrantur

96 1963 133 1981 ex
144 1951 288 1982 σκιᾶσθαι
303 1950 354 1980 vel
367 1947 544 1984 σκιάζεσθαι
553 1950 671 1979 Home-

333 2009 374 2041 γ,
396 1997 458 2034 487
478 2003 509 2026 et
525 1995 564 2025 al.
591 1997 672 2035 Quae

97 2051 290 2085 sequuntur,
323 2055 363 2074 ex
387 2042 449 2074 Od.
477 2054 502 2079 ι,
534 2041 595 2072 168
624 2052 671 2082 sq.

97 2091 303 2122 illustrantur.
332 2089 443 2120 Soreiti
465 2099 588 2126 remos,
616 2099 673 2128 per

99 2144 215 2176 sortem
223 2136 315 2167 divisi
326 2136 364 2166 ad
373 2135 479 2167 officia
488 2134 672 2178 remigandi.

102 2184 186 2214 Serv.
210 2190 247 2215 ut
267 2183 345 2215 adeo
372 2193 444 2226 pars
468 2184 503 2214 in
530 2182 605 2214 navi
635 2181 675 2212 ad

711 797 814 817 remos
846 793 1068 828 pernoctaret;
1094 794 1169 824 aut,
1199 786 1287 826 quod

711 835 816 863 verius
849 844 914 863 esse
944 834 1081 863 arbitror
1100 843 1106 863 :
1128 844 1202 870 nos,
1232 835 1286 874 qui

711 890 833 909 eramus
857 879 962 909 sortiti
982 890 1100 916 remos,
1122 881 1180 920 qui
1204 879 1287 909 diem

712 937 815 956 remos
825 926 973 967 agitando
987 937 1203 967 exegeramus,
1211 934 1288 956 ster—

714 972 823 1002 nimur
840 980 899 1003 etc.
918 972 1048 1013 Irrigat.
1075 983 1146 1013 sup.
1167 975 1200 1011 Ι,
1220 974 1285 1012 692

713 1021 824 1048 Venus
840 1042 848 1055 ,
868 1018 1010 1048 Ascanio
1030 1019 1199 1059 placidam
1230 1029 1292 1059 per

714 1064 856 1094 membra
874 1065 1012 1105 quietem
1029 1065 1158 1106 irrigat,
1179 1065 1289 1095 infun-

713 1110 777 1148 ‹tit3
796 1111 853 1140 ubi
872 1111 956 1141 vide.
974 1113 1019 1141 At
1032 1122 1121 1142 nunc
1138 1119 1202 1151 est,
1220 1123 1291 1152 per-

714 1157 822 1187 fundit
838 1158 978 1187 membra
993 1169 1116 1188 somno.

763 1204 782 1233 5
790 1214 801 1233 1
809 1205 898 1234 2—-5
907 1215 919 1233 1
928 1216 958 1243 7.
975 1206 1157 1243 Trajectum
1169 1215 1209 1235 ex
1219 1206 1293 1246 Epi-

714 1261 750 1281 ro
767 1250 805 1279 ad
821 1251 920 1280 Italiae
935 1251 1010 1280 litus
1023 1252 1108 1290 justa
1124 1252 1292 1292 temporis,

714 1296 801 1337 quod
820 1297 873 1326 ille
893 1298 1065 1338 poscebat,
1092 1308 1240 1327 mensura
1258 1303 1296 1327 ut

715 1343 885 1373 declararet
897 1351 991 1384 poeta
1009 1355 1016 1376 :
1039 1343 1142 1374 media
1161 1344 1200 1373 de
1221 1354 1295 1374 noc-

718 1398 746 1420 te
771 1390 878 1420 classis
897 1391 1044 1421 solvitur.
1062 1391 1208 1421 Necdum
1228 1401 1295 1421 nox

716 1436 841 1466 subibat
865 1437 969 1467 orbem
999 1437 1160 1475 medium,
1188 1444 1296 1467 evecta

717 1490 784 1514 erat
799 1484 926 1521 coelum,
937 1492 1010 1514 acca
1027 1483 1124 1521 horis,
1138 1485 1296 1525 exquisite

717 1541 777 1572 pro
795 1530 883 1561 horis
899 1532 1027 1561 exactis.
1048 1533 1154 1571 Quem
1176 1531 1295 1572 poetici

718 1578 873 1607 sermonis
887 1588 981 1607 usum
997 1578 1059 1607 nisi
1081 1584 1184 1607 teneas
1195 1600 1203 1615 ‚
1226 1587 1297 1618 pos-

718 1625 760 1653 sis
775 1624 932 1661 Noctem,
958 1625 1023 1653 sive
1051 1625 1117 1661 ejus
1141 1623 1231 1664 bigas
1256 1623 1296 1652 ab

720 1669 814 1700 Horis
828 1678 930 1707 aetas,
946 1671 1038 1700 suavi
1052 1680 1159 1699 rerum
1175 1670 1295 1709 specie,

720 1716 907 1756 intelligere.
920 1717 963 1746 At
973 1718 1069 1746 Horae
1077 1717 1217 1757 jungunt
1229 1726 1298 1745 cur-

721 1772 806 1799 rum,
827 1773 895 1791 non
922 1769 1053 1803 regunt3
1074 1763 1100 1791 si
1125 1761 1206 1791 bene
1233 1773 1298 1792 me-

721 1809 811 1838 mini.
829 1808 935 1838 Media
951 1815 1056 1838 autem
1071 1815 1182 1845 nocte,
1196 1819 1297 1849 quau-

723 1854 764 1884 do
777 1854 899 1884 scilicet
915 1865 1000 1892 aura,
1019 1855 1164 1895 inprimis
1179 1856 1214 1884 in
1229 1855 1296 1895 pla-

723 1903 769 1942 gis
798 1902 981 1938 maritimis,
1007 1903 1083 1931 oriri
1108 1901 1159 1931 vel
1183 1902 1299 1931 mutari

724 1948 819 1984 solet,
842 1955 956 1977 ventus
973 1954 1057 1977 recte
1078 1948 1263 1988 exploratur
1281 1958 1299 1977 a

725 1994 953 2036 guberuatore;
980 2001 1011 2024 et
1040 1993 1166 2029 auribus
1190 2004 1300 2024 auram

726 2048 853 2082 captat,
879 2051 919 2070 ex
942 2040 1007 2070 leni
1030 2041 1108 2070 aeris
1131 2047 1242 2078 motu,
1265 2041 1299 2070 iu

726 2087 884 2117 fluctuum
913 2097 948 2117 ac
979 2086 1123 2117 velorum
1155 2087 1298 2127 strepitu.

728 2135 772 2165 At
790 2135 917 2164 Servius
934 2144 942 2165 :
961 2133 1110 2164 naturale
1129 2133 1214 2163 enim
1235 2141 1299 2170 est,

727 2188 778 2218 uc,
799 2191 820 2211 a
833 2191 898 2222 qua
905 2180 1148 2224 parceflqturus
1163 2187 1210 2210 esc
1220 2190 1300 2210 ven·
