1433 2460
553 103 677 133 LIBER
702 103 727 132 1.
1204 107 1245 137 35

46 169 302 215 Purpureum,
319 171 355 198 et
375 161 479 198 laetos
501 160 619 197 oculis
635 159 793 196 adflarat
810 158 974 198 honores
993 176 1001 198 :

45 225 166 273 Quale
184 235 317 260 manus
337 220 481 259 addunt
499 219 607 258 ebori
623 220 758 266 decus,
780 229 843 266 aut
861 220 928 258 ubi
949 221 1047 258 flavo

44 290 253 336 Argentum
275 283 454 320 Pariusve
470 282 563 332 lapis
584 280 843 319 circumdatur
857 295 963 319 auro.

46 424 93 453 uti
110 430 141 452 et
157 422 225 452 aliis
240 422 276 451 in
292 421 373 451 loeis
389 431 506 461 corpus
522 420 620 451 athle-

47 471 146 499 ticum
166 469 273 510 [lyssi
295 468 418 499 tribuit.
435 485 481 491 —
500 469 622 497 Lumen

38 516 182 558 jtwentae
200 526 398 556 purpureum
425 522 536 544 ornate
562 524 622 555 pro

42 563 173 604 juventa
201 563 317 592 eximia
340 569 370 592 et
391 560 536 602 pulchra.
563 563 623 590 Lu-

47 620 121 639 men
132 617 177 639 est
187 610 289 646 nitor3
304 610 392 638 nitor
403 615 506 637 autem
515 609 623 646 juven-

49 664 88 686 tae
106 657 235 697 proprie
257 655 420 685 tribuitur.
446 657 625 694 Purpureus

49 710 103 732 aut
127 712 186 743 pro
210 702 363 742 pulcher,
392 702 541 737 omnino,
569 707 624 729 aut

49 760 109 789 pro
124 748 309 789 splendidus
321 770 329 784 ,
343 748 447 776 nitens
461 757 470 777 :
483 746 626 786 quando-

49 795 178 835 quidem
194 805 259 824 non
273 793 370 823 modo
386 792 492 828 color,
509 792 565 821 sed
580 793 626 821 m'-

52 848 102 871 tor
116 864 125 877 ,
166 838 408 870 commendabat
435 848 623 878 purpuram.

51 899 80 917 v.
97 887 138 916 ad
150 888 261 916 Horat.
273 888 319 916 IV
335 895 430 914 carm.
450 886 463 913 Ι
475 907 483 920 ,
503 894 554 921 10,
568 885 625 924 qui

50 933 132 963 idem
150 934 214 970 111,
232 934 248 962 3
262 955 270 969 ,
294 942 353 968 11,
375 941 414 960 12
430 929 625 960 addivinam

53 981 186 1011 formam
208 979 336 1016 retulit,
361 988 440 1018 quos
462 977 548 1007 inter
560 980 626 1008 Au-

48 1034 159 1067 gustus
172 1025 355 1055 recumbens
369 1035 534 1064 purpureo
551 1024 629 1055 bibit

51 1084 106 1103 ore
119 1080 240 1103 nectar.
249 1073 270 1102 J
272 1077 422 1101 uventam
434 1078 539 1100 autem
552 1081 627 1101 cum

52 1120 178 1150 caesarie
200 1120 308 1158 junxit
335 1118 430 1147 etiam
454 1117 575 1147 Tibull.
591 1119 625 1154 1,

54 1173 72 1202 4
85 1190 93 1204 ‚
131 1167 170 1204 37
203 1165 287 1195 Solis
308 1171 433 1194 aeterna
465 1171 513 1193 est
534 1163 628 1194 Phoe-

53 1213 91 1243 bo
122 1211 315 1252 Bacchoque
331 1211 498 1252 juventas,
536 1211 625 1240 ll'am

51 1260 144 1290 decet
167 1258 307 1288 intonsus
337 1256 433 1287 crinis
457 1264 626 1298 utrumque

52 1306 146 1336 deum
159 1316 171 1335 .·
185 1304 218 1335 h.
234 1304 353 1334 habent
371 1304 455 1333 enim
475 1304 627 1342 juventu-

52 1354 91 1383 tis
103 1353 226 1394 insigne
241 1358 364 1381 certum
375 1373 385 1388 ‚
409 1360 533 1380 comam
552 1361 626 1392 pro-

51 1409 188 1429 nussam.

98 1446 175 1486 591.
199 1446 304 1474 Laetos
317 1442 416 1473 oculis
428 1442 564 1487 afflarat
574 1442 627 1473 Ιιο-

51 1503 142 1522 nores
156 1503 168 1521 :
184 1493 287 1521 inerat
308 1491 409 1521 oculis
432 1489 624 1520 desiderabi-

49 1539 88 1569 lis
111 1539 216 1579 aliqua
234 1544 399 1573 venustas,
425 1537 541 1577 gratia,
566 1534 625 1576 χεί-

51 1596 93 1627 ρις
108 1582 162 1615 καὶ
181 1582 293 1626 ἵμερος.
307 1584 449 1614 Primum
467 1583 558 1612 laecos
573 1581 626 1611 ho-

51 1642 145 1661 nores
169 1631 252 1661 dixit
274 1641 334 1670 pro
357 1629 500 1666 honore;
525 1627 625 1659 honos

51 1684 157 1707 autem
186 1687 246 1718 pro
269 1675 511 1716 pulchritudine
526 1686 535 1712 ;
574 1686 624 1705 res

51 1731 137 1754 nota.
157 1725 260 1755 Laetos
273 1733 342 1752 non
359 1729 422 1751 tam
435 1722 474 1752 ad
485 1721 625 1751 hilarita-

53 1778 117 1800 tem
128 1793 137 1807 ,
156 1778 228 1810 quae
249 1767 395 1809 adspersa
408 1768 474 1797 fere
489 1774 535 1797 est
552 1779 625 1798 ocu-

51 1817 89 1847 lis
117 1815 227 1846 nitidis
246 1822 277 1844 et
297 1813 440 1855 pulchris
466 1814 479 1855 (
495 1812 626 1856 ὄμματα.

53 1859 173 1905 φαιδρὰ
189 1861 220 1904 ),
245 1871 340 1901 quam
362 1861 470 1901 potius
489 1859 528 1889 ad
548 1870 626 1890 ocu·

51 1911 158 1941 lorum
174 1909 330 1948 fulgorem
342 1931 350 1945 ‚
372 1907 475 1946 qualis
493 1907 527 1936 in
543 1906 624 1936 luci-

51 1957 94 1987 do
104 1958 244 1996 juventae
259 1961 290 1984 et
302 1952 554 1995 pulchritudinis
569 1952 625 1983 flo-

51 2015 85 2034 re
105 2013 171 2034 esse
188 2002 285 2038 solet,
303 2000 436 2037 referes;
450 2010 525 2029 nam
547 1999 624 2029 laeta

49 2042 153 2091 poetis
163 2049 293 2090 proprie
301 2047 371 2084 lux,
380 2048 477 2076 nitor.
488 2047 538 2076 Sic
548 2054 626 2076 tem-

46 2107 132 2137 pora
145 2096 237 2132 laeta,
253 2094 386 2135 fulgida,
401 2093 424 2124 I.
435 2094 527 2130 VIII,
544 2093 623 2125 681.

52 2141 214 2186 Afflarat,
239 2140 328 2182 quod
351 2141 510 2171 Homerus
522 2139 623 2178 dixit,

52 2188 225 2226 affuderat3
249 2186 401 2227 κατέχευε
420 2185 511 2229 χάριν
527 2197 626 2227 κεφα-

51 2238 90 2278 λῇ
99 2245 132 2266 τε
147 2231 202 2265 καὶ
218 2231 329 2276 ὦμοιςς
343 2235 625 2274 εῑ-κπκκεφαλῆς

209 2299 259 2334 11.

675 420 764 461 χεῦεν
778 419 858 451 mm
869 419 982 456 mmm
992 413 1103 455 Ᾰθτῖνη.
1116 421 1252 466 Α]]ἵανε,

676 468 715 498 ab
731 469 825 499 initio
844 470 973 509 proprie
989 469 1110 499 dictum
1127 470 1254 501 videtur

677 515 716 544 de
740 516 804 545 oris
831 515 991 553 anhelitu,
1025 527 1091 557 quo
1112 518 1184 556 quis
1200 525 1256 548 aut

677 561 871 598 crederetur,
882 569 945 600 aut,
957 569 1109 603 tanquam
1125 563 1255 604 symbo-

676 609 741 639 lico
755 616 838 645 actu,
851 608 1012 638 videretur
1021 611 1175 650 inspirare
1185 611 1257 641 alte-

678 655 706 685 ri
720 656 783 684 vim
798 655 936 694 aliquam
951 662 1005 684 aut
1018 666 1106 685 suam
1116 663 1168 686 aut
1177 668 1257 697 prae-

678 701 914 730 ternaturalem.
934 703 980 730 Ita
998 702 1118 742 Apollo
1134 703 1257 734 afflasse

678 753 825 776 narratur
846 757 902 776 ore
916 747 1112 785 nonnullos,
1138 750 1257 788 quibus

679 791 846 822 divinandi
857 793 923 822 vim
935 794 1124 833 impertiret.
1134 796 1184 825 De
1196 806 1258 826 nu-

678 841 757 869 trice
770 839 822 868 vel
836 847 934 869 matre
956 841 1134 870 nutricium
1155 841 1257 872 halitu

678 896 737 915 suo
755 885 883 915 fovente
901 885 1022 915 dictum
1044 888 1137 916 estin
1156 889 1257 929 Hym-

677 943 722 962 no
737 933 771 961 in
786 932 858 962 Cer.
870 933 934 962 238
950 939 981 962 et
997 933 1031 962 in
1043 933 1123 963 locis
1132 933 1179 963 ihi
1192 935 1256 965 lan-

679 978 770 1009 datis.
794 978 873 1008 Inde
890 979 1022 1009 omnino
1042 978 1160 1023 afflare
1179 992 1256 1011 con-

681 1027 802 1067 tingere
821 1032 886 1063 est,
911 1026 1041 1066 proprie
1058 1026 1191 1067 quidem
1210 1028 1256 1058 le-

679 1074 762 1102 viter
772 1094 780 1109 ,
809 1074 883 1113 quia
898 1079 1064 1102 contactus
1079 1072 1142 1103 hoc
1155 1085 1255 1116 genus

681 1126 744 1156 est,
767 1129 880 1160 parum
897 1119 957 1148 sub
977 1130 1104 1149 sensum
1120 1121 1253 1159 cadens;

680 1166 785 1206 itaque
809 1173 840 1196 et
860 1173 946 1195 rates
969 1173 1001 1195 et
1021 1173 1124 1206 poetae
1145 1167 1258 1210 afflari

681 1211 854 1250 dicuntur,
874 1214 995 1253 quippe
1008 1214 1169 1251 contacti,
1184 1225 1256 1254 per-

679 1259 770 1289 cussi.
787 1261 835 1288 Ita
850 1266 880 1289 et
883 1258 1016 1300 fidmen
1038 1259 1156 1302 afflare
1177 1260 1255 1290 dici-

679 1311 751 1343 tur,
770 1313 807 1335 ut
822 1305 878 1336 lib.
898 1307 948 1342 ΙΙ,
972 1306 1051 1346 649.
1068 1306 1144 1337 Alio
1159 1317 1255 1337 sensu

679 1351 797 1396 afflare
816 1360 847 1382 et
865 1352 1031 1393 adspirare
1047 1363 1063 1382 a
1079 1354 1255 1394 navigatio-

679 1409 720 1428 ne
735 1406 767 1429 et
781 1407 879 1429 vento
892 1399 1034 1429 secundo
1051 1399 1182 1430 ducrum
1196 1407 1253 1431 est.

679 1447 783 1476 Etiam
796 1446 884 1476 aliud
902 1453 966 1483 est,
984 1448 1010 1476 si
1023 1446 1062 1476 de
1078 1446 1255 1477 exhalatio-

678 1492 774 1521 nibus
791 1494 934 1532 corporis
945 1515 954 1530 ,
982 1492 1166 1529 ambrosiae,
1193 1493 1255 1534 spi-

677 1548 750 1568 rare
778 1545 809 1568 et
837 1538 955 1582 afflare
985 1538 1110 1568 dictum
1141 1550 1255 1570 occur-

676 1585 729 1614 n't.

726 1631 790 1670 592
803 1653 812 1668 ‚
835 1631 911 1672 593.
925 1633 1045 1661 Versus
1058 1631 1136 1662 olim
1149 1633 1194 1662 sic
1208 1643 1256 1663 ac-

678 1677 855 1718 cipiebam,
868 1674 915 1708 ¹ut
937 1678 1052 1715 decus,
1082 1677 1115 1709 h.
1139 1689 1165 1709 e.
1183 1679 1255 1719 pul-

678 1723 828 1753 chritudo
839 1747 847 1761 ‚
858 1725 1011 1762 juvenilis
1023 1725 1112 1754 nitor
1127 1732 1158 1754 et
1177 1735 1254 1755 ocu-

676 1769 784 1799 lorum
798 1770 947 1801 insolitus
959 1770 1112 1811 splendor
1121 1793 1130 1808 ‚
1147 1773 1255 1801 AEneae

679 1823 759 1847 esset
780 1815 916 1852 affusus,
939 1817 1033 1856 quale
1053 1816 1149 1846 decus
1163 1817 1255 1858 (pul-

679 1860 850 1902 chritudo)
863 1862 946 1892 illud
958 1869 1005 1892 est
1014 1885 1023 1900 ‚
1039 1863 1128 1902 quod
1140 1873 1253 1893 manus

678 1907 834 1949 (artifex)
862 1907 984 1938 addunt
1006 1908 1097 1939 ebori
1123 1909 1175 1939 vel
1201 1920 1252 1939 ar-

677 1961 772 1995 gemo
789 1955 840 1984 vel
855 1955 1006 1985 marmori
1019 1957 1111 1986 Pario
1122 1978 1130 1993 ,
1155 1966 1252 1996 quan-

677 2000 719 2031 do
732 2011 809 2031 auro
822 2001 1050 2040 circumdatur,
1061 2002 1251 2033 includitur.

677 2049 724 2077 Ita
741 2058 816 2077 cnm
831 2049 852 2079 J
855 2049 942 2078 ensio
959 2048 999 2078 de
1020 2048 1094 2079 stilo
1116 2050 1250 2080 Homer.

676 2104 709 2134 p.
725 2095 791 2134 296
803 2102 906 2135 poetae
923 2094 1081 2134 judicium
1093 2094 1251 2125 desidera-

677 2140 760 2171 bam.
779 2143 925 2172 Juventoe
937 2142 1045 2172 lumen
1051 2142 1247 2183 purpureum

677 2194 709 2217 et
724 2187 792 2217 loeti
803 2187 938 2218 honores
951 2188 1054 2218 multo
1064 2189 1138 2230 plus
1146 2188 1249 2229 splen-

679 2233 764 2264 doris
784 2233 900 2265 habere
920 2234 1132 2273 videbantur,
1155 2245 1249 2276 quam

1073 2300 1096 2336 8
