<?xml version="1.0" encoding="UTF-8"?>
<!DOCTYPE html PUBLIC "-//W3C//DTD XHTML 1.0 Transitional//EN"
    "http://www.w3.org/TR/xhtml1/DTD/xhtml1-transitional.dtd">
<html xmlns="http://www.w3.org/1999/xhtml" xml:lang="en" lang="en">
 <head>
  <title>
</title>
<meta http-equiv="Content-Type" content="text/html;charset=utf-8" />
  <meta name='ocr-system' content='tesseract 3.04.00' />
  <meta name='ocr-capabilities' content='ocr_page ocr_carea ocr_par ocr_line ocrx_word'/>
</head>
<body>
  <div class='ocr_page' id='page_1' title='image "./operahey02virguoft_0225.png"; bbox 0 0 1402 2460; ppageno 0'>
   <div class='ocr_carea' id='block_1_1' title="bbox 599 87 802 117">
    <p class='ocr_par' dir='ltr' id='par_1_1' title="bbox 599 87 802 117">
     <span class='ocr_line' id='line_1_1' title="bbox 599 87 802 117; baseline 0.005 -1"><span class='ocrx_word' id='word_1_1' title='bbox 599 87 720 117; x_wconf 82' lang='lat' dir='ltr'>LIBER</span> <span class='ocrx_word' id='word_1_2' title='bbox 745 88 802 117; x_wconf 90' lang='lat'>111.</span> 
     </span>
    </p>
   </div>
   <div class='ocr_carea' id='block_1_2' title="bbox 1237 97 1297 116">
    <p class='ocr_par' dir='ltr' id='par_1_2' title="bbox 1237 97 1297 116">
     <span class='ocr_line' id='line_1_2' title="bbox 1237 97 1297 116; baseline 0 -1"><span class='ocrx_word' id='word_1_3' title='bbox 1237 97 1297 116; x_wconf 82' lang='lat'>211</span> 
     </span>
    </p>
   </div>
   <div class='ocr_carea' id='block_1_3' title="bbox 104 143 1302 618">
    <p class='ocr_par' dir='ltr' id='par_1_3' title="bbox 105 143 979 194">
     <span class='ocr_line' id='line_1_3' title="bbox 105 143 979 194; baseline -0.001 -13"><span class='ocrx_word' id='word_1_4' title='bbox 105 147 268 182; x_wconf 89' lang='lat' dir='ltr'>Rursum</span> <span class='ocrx_word' id='word_1_5' title='bbox 288 156 335 181; x_wconf 83' lang='lat' dir='ltr'>cx</span> <span class='ocrx_word' id='word_1_6' title='bbox 352 144 502 181; x_wconf 80' lang='lat' dir='ltr'>diverso</span> <span class='ocrx_word' id='word_1_7' title='bbox 523 145 606 182; x_wconf 88' lang='lat' dir='ltr'>coeli</span> <span class='ocrx_word' id='word_1_8' title='bbox 624 146 807 194; x_wconf 86' lang='lat' dir='ltr'>caecisque</span> <span class='ocrx_word' id='word_1_9' title='bbox 826 143 979 181; x_wconf 81' lang='lat' dir='ltr'>latebris</span> 
     </span>
    </p>

    <p class='ocr_par' dir='ltr' id='par_1_4' title="bbox 104 202 1160 315">
     <span class='ocr_line' id='line_1_4' title="bbox 104 202 1160 260; baseline 0.002 -20"><span class='ocrx_word' id='word_1_10' title='bbox 104 202 233 241; x_wconf 88' lang='lat' dir='ltr'>Turba</span> <span class='ocrx_word' id='word_1_11' title='bbox 252 215 386 240; x_wconf 85' lang='lat' dir='ltr'>sonans</span> <span class='ocrx_word' id='word_1_12' title='bbox 405 203 570 253; x_wconf 88' lang='lat' dir='ltr'>praedam</span> <span class='ocrx_word' id='word_1_13' title='bbox 590 204 751 255; x_wconf 82' lang='lat' dir='ltr'>pedibus</span> <span class='ocrx_word' id='word_1_14' title='bbox 770 205 1017 260; x_wconf 74' lang='lat' dir='ltr'>circumvolat</span> <span class='ocrx_word' id='word_1_15' title='bbox 1036 205 1160 251; x_wconf 84' lang='lat' dir='ltr'>uncis;</span> 
     </span>
     <span class='ocr_line' id='line_1_5' title="bbox 105 263 1051 315; baseline 0.002 -15"><span class='ocrx_word' id='word_1_16' title='bbox 105 264 241 301; x_wconf 91' lang='lat' dir='ltr'>Polluit</span> <span class='ocrx_word' id='word_1_17' title='bbox 260 276 325 301; x_wconf 81' lang='lat' dir='ltr'>ore</span> <span class='ocrx_word' id='word_1_18' title='bbox 341 263 466 314; x_wconf 88' lang='lat' dir='ltr'>dapes.</span> <span class='ocrx_word' id='word_1_19' title='bbox 486 265 606 303; x_wconf 87' lang='lat' dir='ltr'>Sociis</span> <span class='ocrx_word' id='word_1_20' title='bbox 624 275 714 303; x_wconf 88' lang='lat' dir='ltr'>tunc</span> <span class='ocrx_word' id='word_1_21' title='bbox 735 278 840 303; x_wconf 84' lang='lat' dir='ltr'>arma</span> <span class='ocrx_word' id='word_1_22' title='bbox 858 275 1051 315; x_wconf 81' lang='lat' dir='ltr'>capessant</span> 
     </span>
    </p>

    <p class='ocr_par' dir='ltr' id='par_1_5' title="bbox 104 323 1302 495">
     <span class='ocr_line' id='line_1_6' title="bbox 105 323 1302 377; baseline 0.002 -18"><span class='ocrx_word' id='word_1_23' title='bbox 105 323 241 370; x_wconf 90' lang='lat' dir='ltr'>Edico,</span> <span class='ocrx_word' id='word_1_24' title='bbox 262 331 299 360; x_wconf 91' lang='lat' dir='ltr'>et</span> <span class='ocrx_word' id='word_1_25' title='bbox 319 323 403 361; x_wconf 87' lang='lat' dir='ltr'>dira</span> <span class='ocrx_word' id='word_1_26' title='bbox 419 323 560 362; x_wconf 87' lang='lat' dir='ltr'>bellum</span> <span class='ocrx_word' id='word_1_27' title='bbox 579 338 665 362; x_wconf 91' lang='lat' dir='ltr'>cum</span> <span class='ocrx_word' id='word_1_28' title='bbox 685 334 795 377; x_wconf 85' lang='lat' dir='ltr'>gente</span> <span class='ocrx_word' id='word_1_29' title='bbox 814 325 1031 375; x_wconf 79' lang='lat' dir='ltr'>gerendum.</span> <span class='ocrx_word' id='word_1_30' title='bbox 1255 332 1302 356; x_wconf 76' lang='lat'>235</span> 
     </span>
     <span class='ocr_line' id='line_1_7' title="bbox 104 384 1162 436; baseline 0.001 -15"><span class='ocrx_word' id='word_1_31' title='bbox 104 384 219 421; x_wconf 89' lang='lat' dir='ltr'>Haud</span> <span class='ocrx_word' id='word_1_32' title='bbox 233 397 339 422; x_wconf 89' lang='lat' dir='ltr'>secus</span> <span class='ocrx_word' id='word_1_33' title='bbox 358 397 401 422; x_wconf 88' lang='lat' dir='ltr'>ac</span> <span class='ocrx_word' id='word_1_34' title='bbox 411 385 505 435; x_wconf 85' lang='lat' dir='ltr'>jussi</span> <span class='ocrx_word' id='word_1_35' title='bbox 524 386 685 433; x_wconf 85' lang='lat' dir='ltr'>faciunt,</span> <span class='ocrx_word' id='word_1_36' title='bbox 706 396 900 436; x_wconf 86' lang='lat' dir='ltr'>tectosque</span> <span class='ocrx_word' id='word_1_37' title='bbox 919 399 988 436; x_wconf 91' lang='lat' dir='ltr'>per</span> <span class='ocrx_word' id='word_1_38' title='bbox 1004 385 1162 424; x_wconf 86' lang='lat' dir='ltr'>herbam</span> 
     </span>
     <span class='ocr_line' id='line_1_8' title="bbox 105 444 1006 495; baseline 0.003 -14"><span class='ocrx_word' id='word_1_39' title='bbox 105 444 320 495; x_wconf 86' lang='lat' dir='ltr'>Disponunt</span> <span class='ocrx_word' id='word_1_40' title='bbox 339 447 455 493; x_wconf 85' lang='lat' dir='ltr'>ensis,</span> <span class='ocrx_word' id='word_1_41' title='bbox 474 455 511 484; x_wconf 88' lang='lat' dir='ltr'>et</span> <span class='ocrx_word' id='word_1_42' title='bbox 530 455 635 484; x_wconf 86' lang='lat' dir='ltr'>scuta</span> <span class='ocrx_word' id='word_1_43' title='bbox 653 447 807 484; x_wconf 86' lang='lat' dir='ltr'>latentia</span> <span class='ocrx_word' id='word_1_44' title='bbox 826 447 1006 484; x_wconf 87' lang='lat' dir='ltr'>condunt.</span> 
     </span>
    </p>

    <p class='ocr_par' dir='ltr' id='par_1_6' title="bbox 106 506 1054 558">
     <span class='ocr_line' id='line_1_9' title="bbox 106 506 1054 558; baseline 0.002 -16"><span class='ocrx_word' id='word_1_45' title='bbox 106 507 226 556; x_wconf 84' lang='lat' dir='ltr'>Ergo,</span> <span class='ocrx_word' id='word_1_46' title='bbox 244 506 311 544; x_wconf 88' lang='lat' dir='ltr'>ubi</span> <span class='ocrx_word' id='word_1_47' title='bbox 331 507 491 557; x_wconf 85' lang='lat' dir='ltr'>delapsae</span> <span class='ocrx_word' id='word_1_48' title='bbox 510 508 674 545; x_wconf 87' lang='lat' dir='ltr'>sonitum</span> <span class='ocrx_word' id='word_1_49' title='bbox 693 521 762 558; x_wconf 87' lang='lat' dir='ltr'>per</span> <span class='ocrx_word' id='word_1_50' title='bbox 780 520 897 545; x_wconf 86' lang='lat' dir='ltr'>curva</span> <span class='ocrx_word' id='word_1_51' title='bbox 916 507 1054 545; x_wconf 86' lang='lat' dir='ltr'><strong>dedere</strong></span> 
     </span>
    </p>

    <p class='ocr_par' dir='ltr' id='par_1_7' title="bbox 107 566 1022 618">
     <span class='ocr_line' id='line_1_10' title="bbox 107 566 1022 618; baseline 0.002 -16"><span class='ocrx_word' id='word_1_52' title='bbox 107 566 255 612; x_wconf 84' lang='lat' dir='ltr'>Litora,</span> <span class='ocrx_word' id='word_1_53' title='bbox 274 567 337 604; x_wconf 88' lang='lat' dir='ltr'>dat</span> <span class='ocrx_word' id='word_1_54' title='bbox 356 568 503 617; x_wconf 79' lang='lat' dir='ltr'>signum</span> <span class='ocrx_word' id='word_1_55' title='bbox 521 569 675 618; x_wconf 83' lang='lat' dir='ltr'>specula</span> <span class='ocrx_word' id='word_1_56' title='bbox 693 569 861 610; x_wconf 83' lang='lat' dir='ltr'>Misenus</span> <span class='ocrx_word' id='word_1_57' title='bbox 880 567 927 605; x_wconf 86' lang='lat' dir='ltr'>ab</span> <span class='ocrx_word' id='word_1_58' title='bbox 947 569 1022 604; x_wconf 87' lang='lat' dir='ltr'>alta</span> 
     </span>
    </p>
   </div>
   <div class='ocr_carea' id='block_1_4' title="bbox 106 627 1165 676">
    <p class='ocr_par' dir='ltr' id='par_1_8' title="bbox 106 627 1165 676">
     <span class='ocr_line' id='line_1_11' title="bbox 106 627 1165 676; baseline 0.001 -13"><span class='ocrx_word' id='word_1_59' title='bbox 106 628 194 664; x_wconf 84' lang='lat' dir='ltr'>AEre</span> <span class='ocrx_word' id='word_1_60' title='bbox 213 640 317 664; x_wconf 74' lang='lat' dir='ltr'>cavo.</span> <span class='ocrx_word' id='word_1_61' title='bbox 339 627 528 665; x_wconf 77' lang='lat' dir='ltr'>Invadunt</span> <span class='ocrx_word' id='word_1_62' title='bbox 547 629 657 673; x_wconf 86' lang='lat' dir='ltr'>socii,</span> <span class='ocrx_word' id='word_1_63' title='bbox 679 637 716 665; x_wconf 88' lang='lat' dir='ltr'>ct</span> <span class='ocrx_word' id='word_1_64' title='bbox 735 640 833 664; x_wconf 73' lang='lat' dir='ltr'>nova</span> <span class='ocrx_word' id='word_1_65' title='bbox 852 628 983 676; x_wconf 87' lang='lat' dir='ltr'>praelia</span> <span class='ocrx_word' id='word_1_66' title='bbox 1003 635 1165 672; x_wconf 84' lang='lat' dir='ltr'>tentant,</span> 
     </span>
    </p>
   </div>
   <div class='ocr_carea' id='block_1_5' title="bbox 1256 642 1303 662">
    <p class='ocr_par' dir='ltr' id='par_1_9' title="bbox 1256 642 1303 662">
     <span class='ocr_line' id='line_1_12' title="bbox 1256 642 1303 662; baseline -0.043 -4"><span class='ocrx_word' id='word_1_67' title='bbox 1256 642 1303 662; x_wconf 67' lang='grc' dir='ltr'>Ζιυ</span> 
     </span>
    </p>
   </div>
   <div class='ocr_carea' id='block_1_6' title="bbox 106 686 1306 1037">
    <p class='ocr_par' dir='ltr' id='par_1_10' title="bbox 108 686 923 738">
     <span class='ocr_line' id='line_1_13' title="bbox 108 686 923 738; baseline 0 -14"><span class='ocrx_word' id='word_1_68' title='bbox 108 686 300 724; x_wconf 86' lang='lat' dir='ltr'>obscenas</span> <span class='ocrx_word' id='word_1_69' title='bbox 318 687 441 738; x_wconf 81' lang='lat' dir='ltr'>pelagi</span> <span class='ocrx_word' id='word_1_70' title='bbox 459 687 560 725; x_wconf 84' lang='lat' dir='ltr'>ferro</span> <span class='ocrx_word' id='word_1_71' title='bbox 579 687 720 724; x_wconf 83' lang='lat' dir='ltr'>foedare</span> <span class='ocrx_word' id='word_1_72' title='bbox 738 689 923 724; x_wconf 79' lang='lat' dir='ltr'>volucres.</span> 
     </span>
    </p>

    <p class='ocr_par' dir='ltr' id='par_1_11' title="bbox 108 746 1108 856">
     <span class='ocr_line' id='line_1_14' title="bbox 109 746 1108 798; baseline 0 -15"><span class='ocrx_word' id='word_1_73' title='bbox 109 746 184 784; x_wconf 87' lang='lat' dir='ltr'>Sed</span> <span class='ocrx_word' id='word_1_74' title='bbox 202 760 324 796; x_wconf 91' lang='lat' dir='ltr'>neque</span> <span class='ocrx_word' id='word_1_75' title='bbox 344 747 418 784; x_wconf 79' lang='lat' dir='ltr'>vim</span> <span class='ocrx_word' id='word_1_76' title='bbox 437 747 573 797; x_wconf 90' lang='lat' dir='ltr'><strong>plumis</strong></span> <span class='ocrx_word' id='word_1_77' title='bbox 589 748 721 792; x_wconf 82' lang='lat' dir='ltr'>ullam,</span> <span class='ocrx_word' id='word_1_78' title='bbox 740 760 810 784; x_wconf 91' lang='lat' dir='ltr'>nec</span> <span class='ocrx_word' id='word_1_79' title='bbox 828 747 985 783; x_wconf 75' lang='lat' dir='ltr'>volnera</span> <span class='ocrx_word' id='word_1_80' title='bbox 1002 756 1108 798; x_wconf 82' lang='lat' dir='ltr'>tergo</span> 
     </span>
     <span class='ocr_line' id='line_1_15' title="bbox 108 805 1010 856; baseline 0.001 -15"><span class='ocrx_word' id='word_1_81' title='bbox 108 805 331 855; x_wconf 89' lang='lat' dir='ltr'>Adcipiunt‚</span> <span class='ocrx_word' id='word_1_82' title='bbox 350 806 538 856; x_wconf 85' lang='lat' dir='ltr'>celerique</span> <span class='ocrx_word' id='word_1_83' title='bbox 558 806 646 856; x_wconf 82' lang='lat' dir='ltr'>fuga</span> <span class='ocrx_word' id='word_1_84' title='bbox 664 805 734 843; x_wconf 90' lang='lat' dir='ltr'>sub</span> <span class='ocrx_word' id='word_1_85' title='bbox 754 805 879 843; x_wconf 89' lang='lat' dir='ltr'>sidera</span> <span class='ocrx_word' id='word_1_86' title='bbox 897 806 1010 855; x_wconf 74' lang='lat' dir='ltr'>lapsae</span> 
     </span>
    </p>

    <p class='ocr_par' dir='ltr' id='par_1_12' title="bbox 109 865 1078 916">
     <span class='ocr_line' id='line_1_16' title="bbox 109 865 1078 916; baseline -0.002 -13"><span class='ocrx_word' id='word_1_87' title='bbox 109 867 298 903; x_wconf 83' lang='lat' dir='ltr'>Semesam</span> <span class='ocrx_word' id='word_1_88' title='bbox 316 866 484 915; x_wconf 77' lang='lat' dir='ltr'><strong>praedam</strong></span> <span class='ocrx_word' id='word_1_89' title='bbox 500 875 537 903; x_wconf 87' lang='lat' dir='ltr'>et</span> <span class='ocrx_word' id='word_1_90' title='bbox 554 866 713 916; x_wconf 82' lang='lat' dir='ltr'>vestigia</span> <span class='ocrx_word' id='word_1_91' title='bbox 732 866 831 902; x_wconf 82' lang='lat' dir='ltr'>foeda</span> <span class='ocrx_word' id='word_1_92' title='bbox 848 865 1078 916; x_wconf 85' lang='lat' dir='ltr'>relinquunt.</span> 
     </span>
    </p>

    <p class='ocr_par' dir='ltr' id='par_1_13' title="bbox 106 927 1306 1037">
     <span class='ocr_line' id='line_1_17' title="bbox 108 927 1306 977; baseline 0 -14"><span class='ocrx_word' id='word_1_93' title='bbox 108 928 194 963; x_wconf 90' lang='lat' dir='ltr'>Una</span> <span class='ocrx_word' id='word_1_94' title='bbox 213 927 251 963; x_wconf 90' lang='lat' dir='ltr'>in</span> <span class='ocrx_word' id='word_1_95' title='bbox 270 927 448 977; x_wconf 87' lang='lat' dir='ltr'>praecelsa</span> <span class='ocrx_word' id='word_1_96' title='bbox 466 927 636 964; x_wconf 83' lang='lat' dir='ltr'>consedit</span> <span class='ocrx_word' id='word_1_97' title='bbox 654 939 751 977; x_wconf 88' lang='lat' dir='ltr'>rupe</span> <span class='ocrx_word' id='word_1_98' title='bbox 771 927 938 972; x_wconf 86' lang='lat' dir='ltr'>Celaeno,</span> <span class='ocrx_word' id='word_1_99' title='bbox 1260 936 1306 963; x_wconf 63' lang='lat'>2⁴¹5</span> 
     </span>
     <span class='ocr_line' id='line_1_18' title="bbox 106 987 1088 1037; baseline 0 -14"><span class='ocrx_word' id='word_1_100' title='bbox 106 987 242 1024; x_wconf 85' lang='lat' dir='ltr'>Infelix</span> <span class='ocrx_word' id='word_1_101' title='bbox 258 996 382 1034; x_wconf 84' lang='lat' dir='ltr'>vates,</span> <span class='ocrx_word' id='word_1_102' title='bbox 402 987 621 1037; x_wconf 82' lang='lat' dir='ltr'>rumpitque</span> <span class='ocrx_word' id='word_1_103' title='bbox 640 988 737 1024; x_wconf 89' lang='lat' dir='ltr'>hanc</span> <span class='ocrx_word' id='word_1_104' title='bbox 756 995 913 1037; x_wconf 84' lang='lat' dir='ltr'>pectore</span> <span class='ocrx_word' id='word_1_105' title='bbox 930 999 1063 1023; x_wconf 79' lang='lat' dir='ltr'>vocem</span> <span class='ocrx_word' id='word_1_106' title='bbox 1082 1002 1088 1022; x_wconf 93' lang='lat'>:</span> 
     </span>
    </p>
   </div>
   <div class='ocr_carea' id='block_1_7' title="bbox 77 1153 682 2260">
    <p class='ocr_par' dir='ltr' id='par_1_14' title="bbox 107 1153 680 1242">
     <span class='ocr_line' id='line_1_19' title="bbox 108 1153 680 1196; baseline 0.002 -13"><span class='ocrx_word' id='word_1_107' title='bbox 108 1155 175 1185; x_wconf 67' lang='lat' dir='ltr'>vius</span> <span class='ocrx_word' id='word_1_108' title='bbox 189 1165 262 1184; x_wconf 88' lang='lat' dir='ltr'>cum</span> <span class='ocrx_word' id='word_1_109' title='bbox 276 1154 314 1185; x_wconf 80' lang='lat' dir='ltr'>al.</span> <span class='ocrx_word' id='word_1_110' title='bbox 326 1172 371 1177; x_wconf 86' lang='lat'><strong>—</strong></span> <span class='ocrx_word' id='word_1_111' title='bbox 387 1155 463 1191; x_wconf 70' lang='lat'>234.</span> <span class='ocrx_word' id='word_1_112' title='bbox 475 1153 597 1184; x_wconf 82' lang='lat' dir='ltr'>Polluit</span> <span class='ocrx_word' id='word_1_113' title='bbox 607 1154 680 1196; x_wconf 87' lang='lat' dir='ltr'>plus</span> 
     </span>
     <span class='ocr_line' id='line_1_20' title="bbox 107 1200 583 1242; baseline 0.002 -12"><span class='ocrx_word' id='word_1_114' title='bbox 107 1211 202 1241; x_wconf 87' lang='lat' dir='ltr'>quam</span> <span class='ocrx_word' id='word_1_115' title='bbox 216 1200 375 1242; x_wconf 61' lang='lat' dir='ltr'>contingit</span> <span class='ocrx_word' id='word_1_116' title='bbox 389 1200 583 1231; x_wconf 88' lang='lat' dir='ltr'>devorando.</span> 
     </span>
    </p>

    <p class='ocr_par' dir='ltr' id='par_1_15' title="bbox 77 1246 682 2260">
     <span class='ocr_line' id='line_1_21' title="bbox 155 1246 678 1287; baseline -0.002 -10"><span class='ocrx_word' id='word_1_117' title='bbox 155 1247 232 1277; x_wconf 82' lang='lat'><strong>238.</strong></span> <span class='ocrx_word' id='word_1_118' title='bbox 249 1246 392 1287; x_wconf 82' lang='lat' dir='ltr'>Dt&#39;lapsae</span> <span class='ocrx_word' id='word_1_119' title='bbox 402 1248 512 1278; x_wconf 81' lang='lat' dir='ltr'>Heius.</span> <span class='ocrx_word' id='word_1_120' title='bbox 526 1257 600 1276; x_wconf 90' lang='lat' dir='ltr'>cum</span> <span class='ocrx_word' id='word_1_121' title='bbox 615 1257 678 1276; x_wconf 89' lang='lat' dir='ltr'>me-</span> 
     </span>
     <span class='ocr_line' id='line_1_22' title="bbox 104 1292 677 1323; baseline -0.002 0"><span class='ocrx_word' id='word_1_122' title='bbox 104 1293 239 1323; x_wconf 81' lang='lat' dir='ltr'>lioribus</span> <span class='ocrx_word' id='word_1_123' title='bbox 252 1293 342 1323; x_wconf 85' lang='lat' dir='ltr'>libris</span> <span class='ocrx_word' id='word_1_124' title='bbox 357 1294 520 1323; x_wconf 82' lang='lat' dir='ltr'>maluerat.</span> <span class='ocrx_word' id='word_1_125' title='bbox 535 1292 595 1323; x_wconf 88' lang='lat' dir='ltr'>Sed</span> <span class='ocrx_word' id='word_1_126' title='bbox 610 1303 677 1322; x_wconf 87' lang='lat' dir='ltr'>rec-</span> 
     </span>
     <span class='ocr_line' id='line_1_23' title="bbox 107 1339 677 1377; baseline 0 -9"><span class='ocrx_word' id='word_1_127' title='bbox 107 1345 137 1369; x_wconf 89' lang='lat' dir='ltr'>te</span> <span class='ocrx_word' id='word_1_128' title='bbox 161 1339 201 1369; x_wconf 84' lang='lat' dir='ltr'>ab</span> <span class='ocrx_word' id='word_1_129' title='bbox 224 1350 262 1370; x_wconf 90' lang='lat' dir='ltr'>eo</span> <span class='ocrx_word' id='word_1_130' title='bbox 290 1339 431 1369; x_wconf 77' lang='lat' dir='ltr'>discessit</span> <span class='ocrx_word' id='word_1_131' title='bbox 458 1341 588 1377; x_wconf 87' lang='lat' dir='ltr'>Burm.;</span> <span class='ocrx_word' id='word_1_132' title='bbox 605 1350 677 1369; x_wconf 89' lang='lat' dir='ltr'>nam</span> 
     </span>
     <span class='ocr_line' id='line_1_24' title="bbox 106 1385 678 1416; baseline -0.002 0"><span class='ocrx_word' id='word_1_133' title='bbox 106 1396 147 1416; x_wconf 77' lang='lat' dir='ltr'>ex</span> <span class='ocrx_word' id='word_1_134' title='bbox 177 1385 240 1416; x_wconf 90' lang='lat' dir='ltr'>alto</span> <span class='ocrx_word' id='word_1_135' title='bbox 268 1385 459 1416; x_wconf 84' lang='lat' dir='ltr'>delabuntur</span> <span class='ocrx_word' id='word_1_136' title='bbox 487 1386 522 1415; x_wconf 87' lang='lat' dir='ltr'>in</span> <span class='ocrx_word' id='word_1_137' title='bbox 558 1396 678 1415; x_wconf 87' lang='lat' dir='ltr'>mensas</span> 
     </span>
     <span class='ocr_line' id='line_1_25' title="bbox 106 1431 678 1471; baseline -0.002 -8"><span class='ocrx_word' id='word_1_138' title='bbox 106 1433 319 1471; x_wconf 82' lang='lat' dir='ltr'>Trojanorum</span> <span class='ocrx_word' id='word_1_139' title='bbox 330 1455 339 1469; x_wconf 94' lang='lat'>,</span> <span class='ocrx_word' id='word_1_140' title='bbox 372 1442 439 1462; x_wconf 87' lang='lat' dir='ltr'>non</span> <span class='ocrx_word' id='word_1_141' title='bbox 468 1432 504 1462; x_wconf 90' lang='lat' dir='ltr'>in</span> <span class='ocrx_word' id='word_1_142' title='bbox 541 1431 678 1462; x_wconf 73' lang='lat' dir='ltr'>diversas</span> 
     </span>
     <span class='ocr_line' id='line_1_26' title="bbox 106 1477 677 1520; baseline 0 -12"><span class='ocrx_word' id='word_1_143' title='bbox 106 1485 220 1520; x_wconf 82' lang='lat' dir='ltr'>partes.</span> <span class='ocrx_word' id='word_1_144' title='bbox 235 1478 403 1508; x_wconf 83' lang='lat' dir='ltr'>Dederunc</span> <span class='ocrx_word' id='word_1_145' title='bbox 419 1488 480 1508; x_wconf 86' lang='lat' dir='ltr'>sec.</span> <span class='ocrx_word' id='word_1_146' title='bbox 500 1477 616 1508; x_wconf 84' lang='lat' dir='ltr'>Hamb.</span> <span class='ocrx_word' id='word_1_147' title='bbox 632 1496 677 1501; x_wconf 90' lang='lat'><strong>—</strong></span> 
     </span>
     <span class='ocr_line' id='line_1_27' title="bbox 110 1524 678 1566; baseline -0.002 -11"><span class='ocrx_word' id='word_1_148' title='bbox 110 1525 301 1561; x_wconf 71' lang='lat'><strong>238—241.</strong></span> <span class='ocrx_word' id='word_1_149' title='bbox 329 1524 473 1554; x_wconf 76' lang='lat' dir='ltr'>Sonitum</span> <span class='ocrx_word' id='word_1_150' title='bbox 498 1524 678 1566; x_wconf 82' lang='lat' dir='ltr'>clangorem</span> 
     </span>
     <span class='ocr_line' id='line_1_28' title="bbox 108 1571 679 1601; baseline 0 0"><span class='ocrx_word' id='word_1_151' title='bbox 108 1571 227 1601; x_wconf 86' lang='lat' dir='ltr'>alarum</span> <span class='ocrx_word' id='word_1_152' title='bbox 243 1582 283 1601; x_wconf 80' lang='lat' dir='ltr'>ex</span> <span class='ocrx_word' id='word_1_153' title='bbox 300 1571 376 1601; x_wconf 83' lang='lat'>228.</span> <span class='ocrx_word' id='word_1_154' title='bbox 391 1571 534 1601; x_wconf 68' lang='lat' dir='ltr'>,Misenus</span> <span class='ocrx_word' id='word_1_155' title='bbox 549 1571 679 1601; x_wconf 88' lang='lat' dir='ltr'>tubicen</span> 
     </span>
     <span class='ocr_line' id='line_1_29' title="bbox 108 1611 677 1654; baseline -0.002 -7"><span class='ocrx_word' id='word_1_156' title='bbox 108 1611 212 1647; x_wconf 54' lang='lat' dir='ltr'>classii</span> <span class='ocrx_word' id='word_1_157' title='bbox 234 1617 293 1648; x_wconf 85' lang='lat' dir='ltr'>inf.</span> <span class='ocrx_word' id='word_1_158' title='bbox 309 1619 372 1654; x_wconf 87' lang='lat' dir='ltr'>VI,</span> <span class='ocrx_word' id='word_1_159' title='bbox 394 1617 476 1653; x_wconf 81' lang='lat'>164,</span> <span class='ocrx_word' id='word_1_160' title='bbox 497 1617 571 1647; x_wconf 83' lang='lat'>165.</span> <span class='ocrx_word' id='word_1_161' title='bbox 595 1619 677 1646; x_wconf 82' lang='lat' dir='ltr'>Ten-</span> 
     </span>
     <span class='ocr_line' id='line_1_30' title="bbox 108 1662 679 1704; baseline -0.002 -11"><span class='ocrx_word' id='word_1_162' title='bbox 108 1670 179 1693; x_wconf 81' lang='lat' dir='ltr'>tant</span> <span class='ocrx_word' id='word_1_163' title='bbox 195 1673 277 1693; x_wconf 83' lang='lat' dir='ltr'>nova</span> <span class='ocrx_word' id='word_1_164' title='bbox 286 1663 419 1703; x_wconf 64' lang='lat' dir='ltr'>puelia,</span> <span class='ocrx_word' id='word_1_165' title='bbox 435 1662 566 1704; x_wconf 81' lang='lat' dir='ltr'>foedare</span> <span class='ocrx_word' id='word_1_166' title='bbox 578 1686 586 1700; x_wconf 97' lang='lat'>,</span> <span class='ocrx_word' id='word_1_167' title='bbox 605 1673 679 1704; x_wconf 84' lang='lat' dir='ltr'>grae-</span> 
     </span>
     <span class='ocr_line' id='line_1_31' title="bbox 108 1708 679 1747; baseline 0 -8"><span class='ocrx_word' id='word_1_168' title='bbox 108 1720 159 1747; x_wconf 88' lang='lat' dir='ltr'>ce,</span> <span class='ocrx_word' id='word_1_169' title='bbox 179 1716 216 1739; x_wconf 87' lang='lat' dir='ltr'>ut</span> <span class='ocrx_word' id='word_1_170' title='bbox 240 1708 378 1747; x_wconf 86' lang='lat' dir='ltr'>foedent,</span> <span class='ocrx_word' id='word_1_171' title='bbox 401 1708 593 1744; x_wconf 80' lang='lat' dir='ltr'>mutilando,</span> <span class='ocrx_word' id='word_1_172' title='bbox 621 1719 679 1739; x_wconf 86' lang='lat' dir='ltr'>cae-</span> 
     </span>
     <span class='ocr_line' id='line_1_32' title="bbox 108 1754 674 1792; baseline -0.005 -6"><span class='ocrx_word' id='word_1_173' title='bbox 108 1754 213 1786; x_wconf 88' lang='lat' dir='ltr'>dendo</span> <span class='ocrx_word' id='word_1_174' title='bbox 221 1778 229 1792; x_wconf 91' lang='lat'>‚</span> <span class='ocrx_word' id='word_1_175' title='bbox 259 1755 458 1785; x_wconf 74' lang='lat' dir='ltr'>vulnerando</span> <span class='ocrx_word' id='word_1_176' title='bbox 466 1777 474 1792; x_wconf 96' lang='lat'>,</span> <span class='ocrx_word' id='word_1_177' title='bbox 508 1755 657 1784; x_wconf 82' lang='lat' dir='ltr'>obscenas</span> <span class='ocrx_word' id='word_1_178' title='bbox 666 1778 674 1790; x_wconf 90' lang='lat'><em>,</em></span> 
     </span>
     <span class='ocr_line' id='line_1_33' title="bbox 108 1801 679 1842; baseline -0.004 -10"><span class='ocrx_word' id='word_1_179' title='bbox 108 1802 205 1832; x_wconf 81' lang='lat' dir='ltr'>scedas</span> <span class='ocrx_word' id='word_1_180' title='bbox 222 1802 293 1831; x_wconf 78' lang='lat' dir='ltr'>visu</span> <span class='ocrx_word' id='word_1_181' title='bbox 316 1801 513 1842; x_wconf 85' lang='lat' dir='ltr'>olfactuque,</span> <span class='ocrx_word' id='word_1_182' title='bbox 531 1801 679 1831; x_wconf 79' lang='lat' dir='ltr'>volucres</span> 
     </span>
     <span class='ocr_line' id='line_1_34' title="bbox 102 1846 677 1889; baseline 0 -11"><span class='ocrx_word' id='word_1_183' title='bbox 102 1848 218 1889; x_wconf 78' lang='lat' dir='ltr'>pelagi</span> <span class='ocrx_word' id='word_1_184' title='bbox 224 1859 237 1883; x_wconf 90' lang='lat'><em>;</em></span> <span class='ocrx_word' id='word_1_185' title='bbox 253 1858 294 1877; x_wconf 80' lang='lat' dir='ltr'>ex</span> <span class='ocrx_word' id='word_1_186' title='bbox 320 1848 384 1877; x_wconf 86' lang='lat' dir='ltr'>alto</span> <span class='ocrx_word' id='word_1_187' title='bbox 410 1849 495 1877; x_wconf 87' lang='lat' dir='ltr'>enim</span> <span class='ocrx_word' id='word_1_188' title='bbox 519 1846 677 1878; x_wconf 77' lang='lat' dir='ltr'>advolant.</span> 
     </span>
     <span class='ocr_line' id='line_1_35' title="bbox 106 1893 682 1934; baseline 0 -10"><span class='ocrx_word' id='word_1_189' title='bbox 106 1895 233 1927; x_wconf 84' lang='lat' dir='ltr'>Servius</span> <span class='ocrx_word' id='word_1_190' title='bbox 245 1903 283 1924; x_wconf 87' lang='lat' dir='ltr'>eo</span> <span class='ocrx_word' id='word_1_191' title='bbox 299 1894 408 1931; x_wconf 86' lang='lat' dir='ltr'>refert,</span> <span class='ocrx_word' id='word_1_192' title='bbox 432 1893 520 1934; x_wconf 88' lang='lat' dir='ltr'>quod</span> <span class='ocrx_word' id='word_1_193' title='bbox 538 1895 632 1924; x_wconf 89' lang='lat' dir='ltr'>Ponti</span> <span class='ocrx_word' id='word_1_194' title='bbox 650 1901 682 1924; x_wconf 88' lang='lat' dir='ltr'>et</span> 
     </span>
     <span class='ocr_line' id='line_1_36' title="bbox 106 1939 675 1978; baseline 0 -8"><span class='ocrx_word' id='word_1_195' title='bbox 106 1943 232 1978; x_wconf 77' lang='lat' dir='ltr'>Terrae,</span> <span class='ocrx_word' id='word_1_196' title='bbox 267 1951 324 1970; x_wconf 87' lang='lat' dir='ltr'>seu</span> <span class='ocrx_word' id='word_1_197' title='bbox 339 1963 348 1977; x_wconf 91' lang='lat'>,</span> <span class='ocrx_word' id='word_1_198' title='bbox 377 1939 553 1973; x_wconf 85' lang='lat' dir='ltr'>secundum</span> <span class='ocrx_word' id='word_1_199' title='bbox 579 1939 675 1975; x_wconf 82' lang='lat' dir='ltr'>alios,</span> 
     </span>
     <span class='ocr_line' id='line_1_37' title="bbox 77 1986 678 2028; baseline -0.002 -10"><span class='ocrx_word' id='word_1_200' title='bbox 77 2013 81 2017; x_wconf 92' lang='lat'>.</span> <span class='ocrx_word' id='word_1_201' title='bbox 107 1987 251 2028; x_wconf 84' lang='lat' dir='ltr'>Neptuni</span> <span class='ocrx_word' id='word_1_202' title='bbox 276 1986 381 2027; x_wconf 85' lang='lat' dir='ltr'>proles</span> <span class='ocrx_word' id='word_1_203' title='bbox 410 1986 526 2016; x_wconf 85' lang='lat' dir='ltr'>habitae</span> <span class='ocrx_word' id='word_1_204' title='bbox 551 1986 678 2017; x_wconf 86' lang='lat' dir='ltr'>fuerint.</span> 
     </span>
     <span class='ocr_line' id='line_1_38' title="bbox 108 2032 679 2073; baseline -0.004 -9"><span class='ocrx_word' id='word_1_205' title='bbox 108 2033 169 2064; x_wconf 88' lang='lat' dir='ltr'>Sed</span> <span class='ocrx_word' id='word_1_206' title='bbox 183 2033 277 2064; x_wconf 87' lang='lat' dir='ltr'>Ponti</span> <span class='ocrx_word' id='word_1_207' title='bbox 296 2032 438 2063; x_wconf 87' lang='lat' dir='ltr'>dicendae</span> <span class='ocrx_word' id='word_1_208' title='bbox 464 2039 553 2063; x_wconf 84' lang='lat' dir='ltr'>erant</span> <span class='ocrx_word' id='word_1_209' title='bbox 567 2039 679 2073; x_wconf 84' lang='lat' dir='ltr'>neptes</span> 
     </span>
     <span class='ocr_line' id='line_1_39' title="bbox 108 2079 681 2120; baseline -0.002 -11"><span class='ocrx_word' id='word_1_210' title='bbox 108 2079 283 2110; x_wconf 85' lang='lat' dir='ltr'>secundum</span> <span class='ocrx_word' id='word_1_211' title='bbox 303 2079 490 2110; x_wconf 86' lang='lat' dir='ltr'>Hesiodum.</span> <span class='ocrx_word' id='word_1_212' title='bbox 516 2079 556 2109; x_wconf 78' lang='lat' dir='ltr'>cf.</span> <span class='ocrx_word' id='word_1_213' title='bbox 580 2079 681 2120; x_wconf 89' lang='lat' dir='ltr'>Apol-</span> 
     </span>
     <span class='ocr_line' id='line_1_40' title="bbox 110 2125 680 2166; baseline -0.002 -11"><span class='ocrx_word' id='word_1_214' title='bbox 110 2125 176 2157; x_wconf 87' lang='lat' dir='ltr'>lod.</span> <span class='ocrx_word' id='word_1_215' title='bbox 192 2127 223 2164; x_wconf 91' lang='lat'>1,</span> <span class='ocrx_word' id='word_1_216' title='bbox 244 2136 275 2163; x_wconf 85' lang='lat'>2,</span> <span class='ocrx_word' id='word_1_217' title='bbox 289 2126 310 2156; x_wconf 85' lang='lat'>6</span> <span class='ocrx_word' id='word_1_218' title='bbox 327 2133 358 2156; x_wconf 86' lang='lat' dir='ltr'>et</span> <span class='ocrx_word' id='word_1_219' title='bbox 376 2125 440 2156; x_wconf 87' lang='lat' dir='ltr'>hoc</span> <span class='ocrx_word' id='word_1_220' title='bbox 461 2126 551 2166; x_wconf 88' lang='lat' dir='ltr'>sequi</span> <span class='ocrx_word' id='word_1_221' title='bbox 570 2135 680 2166; x_wconf 83' lang='lat' dir='ltr'>possu-</span> 
     </span>
     <span class='ocr_line' id='line_1_41' title="bbox 112 2171 681 2213; baseline -0.004 -11"><span class='ocrx_word' id='word_1_222' title='bbox 112 2182 200 2209; x_wconf 84' lang='lat' dir='ltr'>mus,</span> <span class='ocrx_word' id='word_1_223' title='bbox 221 2182 281 2202; x_wconf 90' lang='lat' dir='ltr'>nec</span> <span class='ocrx_word' id='word_1_224' title='bbox 301 2172 435 2213; x_wconf 87' lang='lat' dir='ltr'>impedit</span> <span class='ocrx_word' id='word_1_225' title='bbox 455 2171 543 2213; x_wconf 88' lang='lat' dir='ltr'>quod</span> <span class='ocrx_word' id='word_1_226' title='bbox 563 2171 681 2213; x_wconf 47' lang='lat' dir='ltr'>Stygiis</span> 
     </span>
     <span class='ocr_line' id='line_1_42' title="bbox 111 2217 678 2260; baseline 0.002 -12"><span class='ocrx_word' id='word_1_227' title='bbox 111 2217 204 2248; x_wconf 82' lang='lat' dir='ltr'>undis</span> <span class='ocrx_word' id='word_1_228' title='bbox 217 2229 249 2249; x_wconf 87' lang='lat' dir='ltr'>v.</span> <span class='ocrx_word' id='word_1_229' title='bbox 267 2228 284 2248; x_wconf 87' lang='lat'>2</span> <span class='ocrx_word' id='word_1_230' title='bbox 293 2229 305 2248; x_wconf 85' lang='lat'>1</span> <span class='ocrx_word' id='word_1_231' title='bbox 314 2219 331 2249; x_wconf 90' lang='lat'><em>5</em></span> <span class='ocrx_word' id='word_1_232' title='bbox 349 2220 529 2260; x_wconf 69' lang='lat' dir='ltr'>provenisse</span> <span class='ocrx_word' id='word_1_233' title='bbox 545 2217 678 2249; x_wconf 76' lang='lat' dir='ltr'>dixerat.</span> 
     </span>
    </p>
   </div>
   <div class='ocr_carea' id='block_1_8' title="bbox 730 1153 1309 2258">
    <p class='ocr_par' dir='ltr' id='par_1_16' title="bbox 730 1153 1309 1751">
     <span class='ocr_line' id='line_1_43' title="bbox 733 1153 1308 1194; baseline 0.002 -10"><span class='ocrx_word' id='word_1_234' title='bbox 733 1155 788 1184; x_wconf 88' lang='lat' dir='ltr'>Est</span> <span class='ocrx_word' id='word_1_235' title='bbox 797 1155 882 1184; x_wconf 79' lang='lat' dir='ltr'>enim</span> <span class='ocrx_word' id='word_1_236' title='bbox 894 1153 963 1184; x_wconf 83' lang='lat' dir='ltr'>haec</span> <span class='ocrx_word' id='word_1_237' title='bbox 975 1155 1098 1194; x_wconf 88' lang='lat' dir='ltr'>poetica</span> <span class='ocrx_word' id='word_1_238' title='bbox 1111 1154 1213 1185; x_wconf 88' lang='lat' dir='ltr'>forma</span> <span class='ocrx_word' id='word_1_239' title='bbox 1224 1178 1232 1192; x_wconf 90' lang='lat'>‚</span> <span class='ocrx_word' id='word_1_240' title='bbox 1249 1155 1308 1185; x_wconf 84' lang='lat' dir='ltr'>ubi</span> 
     </span>
     <span class='ocr_line' id='line_1_44' title="bbox 732 1200 1304 1243; baseline 0.002 -13"><span class='ocrx_word' id='word_1_241' title='bbox 732 1200 771 1230; x_wconf 91' lang='lat' dir='ltr'>de</span> <span class='ocrx_word' id='word_1_242' title='bbox 802 1200 891 1230; x_wconf 79' lang='lat' dir='ltr'>malae</span> <span class='ocrx_word' id='word_1_243' title='bbox 916 1201 962 1230; x_wconf 91' lang='lat' dir='ltr'>rei</span> <span class='ocrx_word' id='word_1_244' title='bbox 989 1201 1111 1242; x_wconf 84' lang='lat' dir='ltr'>origine</span> <span class='ocrx_word' id='word_1_245' title='bbox 1138 1202 1304 1243; x_wconf 84' lang='lat' dir='ltr'>agitur.—</span> 
     </span>
     <span class='ocr_line' id='line_1_45' title="bbox 733 1247 1306 1287; baseline 0.003 -11"><span class='ocrx_word' id='word_1_246' title='bbox 733 1253 810 1283; x_wconf 67' lang='lat'>241.</span> <span class='ocrx_word' id='word_1_247' title='bbox 834 1247 967 1277; x_wconf 79' lang='lat' dir='ltr'>Foedare</span> <span class='ocrx_word' id='word_1_248' title='bbox 983 1247 1143 1287; x_wconf 79' lang='lat' dir='ltr'>explicui,</span> <span class='ocrx_word' id='word_1_249' title='bbox 1160 1247 1306 1278; x_wconf 74' lang='lat' dir='ltr'>vulnera-</span> 
     </span>
     <span class='ocr_line' id='line_1_46' title="bbox 730 1293 1305 1324; baseline 0.002 -2"><span class='ocrx_word' id='word_1_250' title='bbox 730 1304 764 1322; x_wconf 91' lang='lat' dir='ltr'>re</span> <span class='ocrx_word' id='word_1_251' title='bbox 781 1303 788 1323; x_wconf 88' lang='grc'>;</span> <span class='ocrx_word' id='word_1_252' title='bbox 806 1299 837 1322; x_wconf 89' lang='lat' dir='ltr'>et</span> <span class='ocrx_word' id='word_1_253' title='bbox 862 1294 1004 1322; x_wconf 86' lang='lat' dir='ltr'>occurrit</span> <span class='ocrx_word' id='word_1_254' title='bbox 1026 1293 1107 1322; x_wconf 88' lang='lat' dir='ltr'>illud</span> <span class='ocrx_word' id='word_1_255' title='bbox 1130 1294 1191 1324; x_wconf 91' lang='lat' dir='ltr'>hoc</span> <span class='ocrx_word' id='word_1_256' title='bbox 1212 1304 1305 1324; x_wconf 80' lang='lat' dir='ltr'>sensu</span> 
     </span>
     <span class='ocr_line' id='line_1_47' title="bbox 730 1338 1306 1380; baseline 0 -11"><span class='ocrx_word' id='word_1_257' title='bbox 730 1339 917 1380; x_wconf 86' lang='lat' dir='ltr'>simpliciter</span> <span class='ocrx_word' id='word_1_258' title='bbox 930 1338 1050 1368; x_wconf 87' lang='lat' dir='ltr'>dictum</span> <span class='ocrx_word' id='word_1_259' title='bbox 1059 1362 1068 1377; x_wconf 89' lang='lat'>‚</span> <span class='ocrx_word' id='word_1_260' title='bbox 1082 1340 1169 1370; x_wconf 87' lang='lat' dir='ltr'>nulla</span> <span class='ocrx_word' id='word_1_261' title='bbox 1184 1342 1306 1370; x_wconf 84' lang='lat' dir='ltr'>ratione</span> 
     </span>
     <span class='ocr_line' id='line_1_48' title="bbox 730 1385 1306 1427; baseline 0.002 -12"><span class='ocrx_word' id='word_1_262' title='bbox 730 1385 932 1427; x_wconf 74' lang='lat' dir='ltr'>etymologiae</span> <span class='ocrx_word' id='word_1_263' title='bbox 955 1385 1085 1417; x_wconf 86' lang='lat' dir='ltr'>habita:</span> <span class='ocrx_word' id='word_1_264' title='bbox 1109 1393 1141 1416; x_wconf 89' lang='lat' dir='ltr'>et</span> <span class='ocrx_word' id='word_1_265' title='bbox 1165 1386 1222 1416; x_wconf 85' lang='lat' dir='ltr'>lib.</span> <span class='ocrx_word' id='word_1_266' title='bbox 1255 1388 1306 1423; x_wconf 87' lang='lat'>11,</span> 
     </span>
     <span class='ocr_line' id='line_1_49' title="bbox 734 1431 1303 1474; baseline 0.002 -13"><span class='ocrx_word' id='word_1_267' title='bbox 734 1433 751 1461; x_wconf 88' lang='lat'><em>5</em></span> <span class='ocrx_word' id='word_1_268' title='bbox 757 1433 774 1462; x_wconf 80' lang='lat'><em>5</em></span> <span class='ocrx_word' id='word_1_269' title='bbox 779 1432 873 1473; x_wconf 81' lang='lat' dir='ltr'>ferro</span> <span class='ocrx_word' id='word_1_270' title='bbox 896 1432 1068 1474; x_wconf 75' lang='lat' dir='ltr'>Argolicas</span> <span class='ocrx_word' id='word_1_271' title='bbox 1074 1431 1207 1473; x_wconf 84' lang='lat' dir='ltr'>soedare</span> <span class='ocrx_word' id='word_1_272' title='bbox 1225 1433 1303 1462; x_wconf 79' lang='lat' dir='ltr'>late-</span> 
     </span>
     <span class='ocr_line' id='line_1_50' title="bbox 731 1478 1306 1513; baseline 0.002 -6"><span class='ocrx_word' id='word_1_273' title='bbox 731 1478 824 1513; x_wconf 82' lang='lat' dir='ltr'><em>bra5;</em></span> <span class='ocrx_word' id='word_1_274' title='bbox 845 1478 903 1508; x_wconf 86' lang='lat' dir='ltr'>ubi</span> <span class='ocrx_word' id='word_1_275' title='bbox 920 1490 950 1509; x_wconf 80' lang='lat' dir='ltr'>v.</span> <span class='ocrx_word' id='word_1_276' title='bbox 968 1485 1036 1509; x_wconf 90' lang='lat' dir='ltr'>not.</span> <span class='ocrx_word' id='word_1_277' title='bbox 1059 1479 1236 1509; x_wconf 84' lang='lat' dir='ltr'>Fatendum</span> <span class='ocrx_word' id='word_1_278' title='bbox 1263 1486 1306 1508; x_wconf 84' lang='lat' dir='ltr'>ta-</span> 
     </span>
     <span class='ocr_line' id='line_1_51' title="bbox 730 1524 1309 1561; baseline 0 -7"><span class='ocrx_word' id='word_1_279' title='bbox 730 1535 804 1554; x_wconf 89' lang='lat' dir='ltr'>men</span> <span class='ocrx_word' id='word_1_280' title='bbox 822 1524 855 1554; x_wconf 93' lang='lat' dir='ltr'>h.</span> <span class='ocrx_word' id='word_1_281' title='bbox 871 1525 892 1555; x_wconf 88' lang='lat' dir='ltr'>l.</span> <span class='ocrx_word' id='word_1_282' title='bbox 905 1547 914 1561; x_wconf 92' lang='lat'>‚</span> <span class='ocrx_word' id='word_1_283' title='bbox 930 1524 992 1554; x_wconf 86' lang='lat' dir='ltr'>ubi·</span> <span class='ocrx_word' id='word_1_284' title='bbox 1005 1524 1044 1554; x_wconf 89' lang='lat' dir='ltr'>de</span> <span class='ocrx_word' id='word_1_285' title='bbox 1062 1525 1153 1555; x_wconf 81' lang='lat' dir='ltr'>foedis</span> <span class='ocrx_word' id='word_1_286' title='bbox 1173 1525 1309 1555; x_wconf 73' lang='lat' dir='ltr'>volucri-</span> 
     </span>
     <span class='ocr_line' id='line_1_52' title="bbox 731 1571 1308 1611; baseline 0 -11"><span class='ocrx_word' id='word_1_287' title='bbox 731 1571 790 1600; x_wconf 83' lang='lat' dir='ltr'>bus</span> <span class='ocrx_word' id='word_1_288' title='bbox 817 1572 941 1611; x_wconf 85' lang='lat' dir='ltr'>agitur,</span> <span class='ocrx_word' id='word_1_289' title='bbox 963 1581 1076 1611; x_wconf 89' lang='lat' dir='ltr'>parum</span> <span class='ocrx_word' id='word_1_290' title='bbox 1092 1572 1308 1602; x_wconf 77' lang='lat' dir='ltr'>accommoda-</span> 
     </span>
     <span class='ocr_line' id='line_1_53' title="bbox 732 1617 1306 1648; baseline 0 -2"><span class='ocrx_word' id='word_1_291' title='bbox 732 1623 795 1646; x_wconf 89' lang='lat' dir='ltr'>tam</span> <span class='ocrx_word' id='word_1_292' title='bbox 810 1617 912 1646; x_wconf 72' lang='lat' dir='ltr'>videri</span> <span class='ocrx_word' id='word_1_293' title='bbox 936 1627 1058 1648; x_wconf 75' lang='lat' dir='ltr'>vocem.</span> <span class='ocrx_word' id='word_1_294' title='bbox 1079 1619 1119 1648; x_wconf 85' lang='lat' dir='ltr'>Et</span> <span class='ocrx_word' id='word_1_295' title='bbox 1142 1625 1231 1647; x_wconf 88' lang='lat' dir='ltr'>erant</span> <span class='ocrx_word' id='word_1_296' title='bbox 1248 1618 1306 1647; x_wconf 75' lang='lat' dir='ltr'>alia</span> 
     </span>
     <span class='ocr_line' id='line_1_54' title="bbox 732 1662 1306 1694; baseline 0.003 -3"><span class='ocrx_word' id='word_1_297' title='bbox 732 1662 770 1692; x_wconf 90' lang='lat' dir='ltr'>ad</span> <span class='ocrx_word' id='word_1_298' title='bbox 790 1673 921 1692; x_wconf 89' lang='lat' dir='ltr'>manum</span> <span class='ocrx_word' id='word_1_299' title='bbox 939 1672 946 1693; x_wconf 76' lang='grc' dir='ltr'><strong><em>ε</em></strong></span> <span class='ocrx_word' id='word_1_300' title='bbox 971 1675 1003 1694; x_wconf 79' lang='lat' dir='ltr'>v,</span> <span class='ocrx_word' id='word_1_301' title='bbox 1029 1674 1057 1694; x_wconf 93' lang='lat' dir='ltr'>c.</span> <span class='ocrx_word' id='word_1_302' title='bbox 1084 1671 1250 1693; x_wconf 79' lang='lat' dir='ltr'>temerare.</span> <span class='ocrx_word' id='word_1_303' title='bbox 1269 1666 1306 1693; x_wconf 85' lang='lat' dir='ltr'>In</span> 
     </span>
     <span class='ocr_line' id='line_1_55' title="bbox 730 1709 1304 1751; baseline 0.002 -13"><span class='ocrx_word' id='word_1_304' title='bbox 730 1709 788 1739; x_wconf 86' lang='lat' dir='ltr'>lib.</span> <span class='ocrx_word' id='word_1_305' title='bbox 808 1710 843 1745; x_wconf 90' lang='grc' dir='ltr'>Ι,</span> <span class='ocrx_word' id='word_1_306' title='bbox 864 1710 926 1746; x_wconf 84' lang='lat'>527</span> <span class='ocrx_word' id='word_1_307' title='bbox 949 1716 1015 1739; x_wconf 86' lang='lat' dir='ltr'>erat</span> <span class='ocrx_word' id='word_1_308' title='bbox 1022 1709 1116 1751; x_wconf 80' lang='lat' dir='ltr'>ferro</span> <span class='ocrx_word' id='word_1_309' title='bbox 1135 1709 1304 1750; x_wconf 81' lang='lat' dir='ltr'>populare.</span> 
     </span>
    </p>

    <p class='ocr_par' dir='ltr' id='par_1_17' title="bbox 731 1755 1308 2258">
     <span class='ocr_line' id='line_1_56' title="bbox 780 1755 1308 1796; baseline 0.002 -12"><span class='ocrx_word' id='word_1_310' title='bbox 780 1755 858 1790; x_wconf 75' lang='lat'>245.</span> <span class='ocrx_word' id='word_1_311' title='bbox 877 1757 982 1795; x_wconf 89' lang='lat' dir='ltr'>Quem</span> <span class='ocrx_word' id='word_1_312' title='bbox 1005 1762 1099 1796; x_wconf 80' lang='lat' dir='ltr'>poeta</span> <span class='ocrx_word' id='word_1_313' title='bbox 1125 1757 1159 1785; x_wconf 89' lang='lat' dir='ltr'>in</span> <span class='ocrx_word' id='word_1_314' title='bbox 1183 1755 1245 1785; x_wconf 88' lang='lat' dir='ltr'>hoc</span> <span class='ocrx_word' id='word_1_315' title='bbox 1264 1766 1308 1785; x_wconf 83' lang='lat' dir='ltr'>se-</span> 
     </span>
     <span class='ocr_line' id='line_1_57' title="bbox 732 1802 1307 1842; baseline 0.002 -12"><span class='ocrx_word' id='word_1_316' title='bbox 732 1808 851 1840; x_wconf 89' lang='lat' dir='ltr'>quutus</span> <span class='ocrx_word' id='word_1_317' title='bbox 864 1802 904 1830; x_wconf 86' lang='lat' dir='ltr'>sit</span> <span class='ocrx_word' id='word_1_318' title='bbox 914 1823 923 1838; x_wconf 84' lang='lat'>‚</span> <span class='ocrx_word' id='word_1_319' title='bbox 933 1807 969 1830; x_wconf 91' lang='lat' dir='ltr'>nt</span> <span class='ocrx_word' id='word_1_320' title='bbox 978 1812 1076 1831; x_wconf 82' lang='lat' dir='ltr'>unam</span> <span class='ocrx_word' id='word_1_321' title='bbox 1091 1803 1307 1842; x_wconf 77' lang='lat' dir='ltr'>Harpyiarum</span> 
     </span>
     <span class='ocr_line' id='line_1_58' title="bbox 733 1846 1306 1888; baseline 0.003 -12"><span class='ocrx_word' id='word_1_322' title='bbox 733 1846 891 1876; x_wconf 79' lang='lat' dir='ltr'>fatidicam</span> <span class='ocrx_word' id='word_1_323' title='bbox 908 1846 1095 1885; x_wconf 88' lang='lat' dir='ltr'>induceret,</span> <span class='ocrx_word' id='word_1_324' title='bbox 1114 1859 1181 1878; x_wconf 90' lang='lat' dir='ltr'>nou</span> <span class='ocrx_word' id='word_1_325' title='bbox 1194 1848 1306 1888; x_wconf 77' lang='lat' dir='ltr'>liquet.</span> 
     </span>
     <span class='ocr_line' id='line_1_59' title="bbox 733 1893 1307 1935; baseline 0.003 -13"><span class='ocrx_word' id='word_1_326' title='bbox 733 1893 847 1923; x_wconf 85' lang='lat' dir='ltr'>Tribui</span> <span class='ocrx_word' id='word_1_327' title='bbox 860 1900 965 1923; x_wconf 81' lang='lat' dir='ltr'>tamen</span> <span class='ocrx_word' id='word_1_328' title='bbox 979 1895 1018 1923; x_wconf 76' lang='lat' dir='ltr'>iis</span> <span class='ocrx_word' id='word_1_329' title='bbox 1026 1895 1133 1935; x_wconf 73' lang='lat' dir='ltr'>potuit</span> <span class='ocrx_word' id='word_1_330' title='bbox 1143 1917 1151 1931; x_wconf 92' lang='lat'>‚</span> <span class='ocrx_word' id='word_1_331' title='bbox 1165 1893 1252 1935; x_wconf 82' lang='lat' dir='ltr'>quod</span> <span class='ocrx_word' id='word_1_332' title='bbox 1261 1896 1307 1924; x_wconf 88' lang='lat' dir='ltr'>in-</span> 
     </span>
     <span class='ocr_line' id='line_1_60' title="bbox 733 1939 1305 1980; baseline 0.003 -12"><span class='ocrx_word' id='word_1_333' title='bbox 733 1939 858 1969; x_wconf 83' lang='lat' dir='ltr'>terdum</span> <span class='ocrx_word' id='word_1_334' title='bbox 886 1940 1008 1977; x_wconf 84' lang='lat' dir='ltr'>Furiis,</span> <span class='ocrx_word' id='word_1_335' title='bbox 1032 1940 1150 1980; x_wconf 86' lang='lat' dir='ltr'>quibus</span> <span class='ocrx_word' id='word_1_336' title='bbox 1174 1941 1305 1970; x_wconf 82' lang='lat' dir='ltr'>assimu-</span> 
     </span>
     <span class='ocr_line' id='line_1_61' title="bbox 732 1984 1304 2023; baseline 0.003 -9"><span class='ocrx_word' id='word_1_337' title='bbox 732 1984 839 2015; x_wconf 88' lang='lat' dir='ltr'>lantur</span> <span class='ocrx_word' id='word_1_338' title='bbox 860 1996 891 2015; x_wconf 81' lang='lat' dir='ltr'>v,</span> <span class='ocrx_word' id='word_1_339' title='bbox 918 1986 1000 2023; x_wconf 83' lang='lat'><strong>252,</strong></span> <span class='ocrx_word' id='word_1_340' title='bbox 1019 1993 1056 2016; x_wconf 89' lang='lat' dir='ltr'>ut</span> <span class='ocrx_word' id='word_1_341' title='bbox 1084 1986 1163 2016; x_wconf 83' lang='lat' dir='ltr'>mala</span> <span class='ocrx_word' id='word_1_342' title='bbox 1182 1986 1304 2016; x_wconf 90' lang='lat' dir='ltr'>denun-</span> 
     </span>
     <span class='ocr_line' id='line_1_62' title="bbox 732 2030 1303 2074; baseline 0.002 -13"><span class='ocrx_word' id='word_1_343' title='bbox 732 2032 822 2062; x_wconf 84' lang='lat' dir='ltr'>tient.</span> <span class='ocrx_word' id='word_1_344' title='bbox 841 2030 961 2073; x_wconf 65' lang='lat' dir='ltr'>Infelix</span> <span class='ocrx_word' id='word_1_345' title='bbox 972 2039 1081 2069; x_wconf 82' lang='lat' dir='ltr'>vates,</span> <span class='ocrx_word' id='word_1_346' title='bbox 1097 2033 1200 2074; x_wconf 86' lang='lat' dir='ltr'>simpl.</span> <span class='ocrx_word' id='word_1_347' title='bbox 1215 2032 1283 2062; x_wconf 87' lang='lat' dir='ltr'>dira</span> <span class='ocrx_word' id='word_1_348' title='bbox 1295 2056 1303 2069; x_wconf 76' lang='lat'><strong><em>,</em></strong></span> 
     </span>
     <span class='ocr_line' id='line_1_63' title="bbox 731 2079 1306 2110; baseline 0.002 -3"><span class='ocrx_word' id='word_1_349' title='bbox 731 2079 866 2109; x_wconf 84' lang='lat' dir='ltr'>sinistra.</span> <span class='ocrx_word' id='word_1_350' title='bbox 882 2079 1008 2109; x_wconf 80' lang='lat' dir='ltr'>Servius</span> <span class='ocrx_word' id='word_1_351' title='bbox 1023 2088 1032 2110; x_wconf 73' lang='grc' dir='ltr'><em>τ</em></span> <span class='ocrx_word' id='word_1_352' title='bbox 1050 2080 1162 2109; x_wconf 85' lang='lat' dir='ltr'>nuntia</span> <span class='ocrx_word' id='word_1_353' title='bbox 1175 2079 1306 2110; x_wconf 85' lang='lat' dir='ltr'>infelici-</span> 
     </span>
     <span class='ocr_line' id='line_1_64' title="bbox 732 2124 1303 2163; baseline 0.005 -10"><span class='ocrx_word' id='word_1_354' title='bbox 732 2125 821 2162; x_wconf 83' lang='lat' dir='ltr'>tatis,</span> <span class='ocrx_word' id='word_1_355' title='bbox 835 2131 872 2154; x_wconf 92' lang='lat' dir='ltr'>ut</span> <span class='ocrx_word' id='word_1_356' title='bbox 886 2124 966 2155; x_wconf 81' lang='lat' dir='ltr'>Iliad</span> <span class='ocrx_word' id='word_1_357' title='bbox 984 2135 1022 2163; x_wconf 84' lang='grc' dir='ltr'>α,</span> <span class='ocrx_word' id='word_1_358' title='bbox 1046 2125 1109 2155; x_wconf 85' lang='lat'>106</span> <span class='ocrx_word' id='word_1_359' title='bbox 1128 2124 1231 2156; x_wconf 68' lang='grc' dir='ltr'>Μάντι</span> <span class='ocrx_word' id='word_1_360' title='bbox 1247 2136 1303 2155; x_wconf 74' lang='grc' dir='ltr'>κα-</span> 
     </span>
     <span class='ocr_line' id='line_1_65' title="bbox 733 2171 1301 2214; baseline 0.002 -14"><span class='ocrx_word' id='word_1_361' title='bbox 733 2173 806 2202; x_wconf 77' lang='grc' dir='ltr'>κῶν.</span> <span class='ocrx_word' id='word_1_362' title='bbox 836 2171 967 2213; x_wconf 80' lang='lat' dir='ltr'>Rumpit</span> <span class='ocrx_word' id='word_1_363' title='bbox 986 2182 1100 2203; x_wconf 86' lang='lat' dir='ltr'>vocem</span> <span class='ocrx_word' id='word_1_364' title='bbox 1126 2182 1220 2214; x_wconf 84' lang='lat' dir='ltr'>supra</span> <span class='ocrx_word' id='word_1_365' title='bbox 1251 2174 1301 2209; x_wconf 88' lang='grc' dir='ltr'>ΙΙ,</span> 
     </span>
     <span class='ocr_line' id='line_1_66' title="bbox 737 2216 911 2258; baseline 0 -10"><span class='ocrx_word' id='word_1_366' title='bbox 737 2227 800 2258; x_wconf 80' lang='lat'>129</span> <span class='ocrx_word' id='word_1_367' title='bbox 811 2241 820 2256; x_wconf 89' lang='lat'>‚</span> <span class='ocrx_word' id='word_1_368' title='bbox 835 2216 911 2249; x_wconf 83' lang='lat' dir='ltr'>edit.</span> 
     </span>
    </p>
   </div>
  </div>
 </body>
</html>
