1402 2460
530 130 590 159 AD
616 130 781 160 Lunum
806 130 829 158 1.
1217 131 1277 168 34:

80 188 192 220 Cerda.
209 188 247 219 cf.
264 188 375 219 Silium
390 190 464 225 XV,
485 198 679 228 220—229.
697 188 883 218 Addisonus
899 188 1067 229 (Remarks
1091 199 1133 219 on
1154 191 1285 219 several

72 251 166 282 parts
179 242 316 284 ofllaly
329 254 361 283 p.
385 243 445 272 153
462 241 555 283 sqq.)
574 243 679 272 sinum
696 243 845 283 Neapolis
861 244 950 273 urbis
960 244 1087 285 Virgilii
1101 245 1201 274 oculis
1217 256 1282 274 esso

77 298 281 327 obversatum
294 298 446 338 putabat,
465 308 524 327 nec
544 297 583 327 ab
597 307 635 327 eo
651 297 815 335 dissentit,
833 299 886 338 qui
902 298 968 328 haec
983 299 1053 328 loca
1067 299 1163 337 adiit,
1184 299 1282 328 Gros-

77 352 157 381 leius
174 351 187 392 (
203 352 383 381 Noeweauoe
400 351 572 382 Me'moires
594 362 647 381 sur
658 351 796 387 l'lcalt'e,
817 358 839 382 t.
867 355 916 389 Π,
942 363 974 393 p.
1004 353 1086 391 105,
1119 350 1223 392 106);
1252 359 1282 381 et

76 411 181 446 potest
195 405 258 436 hoc
273 406 410 445 speeiem
427 406 568 447 aliquam
583 405 701 435 habere
713 428 721 443 ,
737 407 763 435 si
775 413 900 446 poetam
917 406 1051 446 Neapoli
1068 407 1170 436 otium
1187 417 1281 436 suum

76 461 284 489 consumsisse
299 468 425 501 reputes
438 483 446 498 ,
464 468 494 490 et
513 461 644 502 Capreae
659 460 796 489 insulam
815 461 913 499 objici
938 461 1042 497 litori,
1066 460 1230 490 montibus
1251 466 1282 489 et

76 512 162 543 silvis
171 515 309 551 munito,
324 515 515 544 memineris.
531 516 569 543 In
585 514 634 544 his
649 521 753 543 tamen
769 514 920 544 omnibus
935 514 1091 544 nonnulla
1104 521 1194 550 sunt,
1210 523 1282 554 quae

73 566 209 607 probare
231 570 286 598 vix
308 570 419 610 possis.
448 570 564 600 Parum
589 570 765 610 sapientem
787 579 967 609 parumque
993 580 1068 609 gnax
1078 579 1132 598 um
1152 575 1281 609 poetam

76 619 181 659 dicas,
198 624 254 662 qui
276 624 311 652 in
332 624 425 653 litore
444 623 543 653 Italiae
561 623 688 662 objecto
700 647 708 660 ‚
733 622 822 662 quod
841 622 984 663 quotidie
1001 629 1048 653 tot
1064 624 1202 653 Romani
1220 623 1281 651 sre-

76 683 267 716 quentarent
278 700 286 714 ,
307 678 457 718 quodque
473 678 552 708 adeo
573 679 775 708 notissimum
793 685 872 708 esset
889 677 984 719 (nam
1001 678 1090 707 aliter
1106 688 1153 707 res
1175 688 1206 706 se
1224 677 1280 706 ha-

77 730 166 760 beret
179 732 214 760 in
227 732 335 772 ignota
358 734 486 773 regione
500 732 530 773 )‚
547 732 643 762 vellet
658 732 765 762 locum
784 730 905 773 fingere
916 754 925 768 ‚
945 733 1002 772 qui
1020 733 1168 772 nuspiam
1183 739 1280 768 esset,

76 790 107 813 et
121 791 245 814 tantum
261 785 322 815 hoc
336 796 428 826 agere
441 809 449 823 ,
466 793 502 815 ut
521 786 630 816 locum
653 796 694 815 ex
717 788 859 816 Homero
883 786 979 815 latine
1003 793 1213 815 converteret.
1233 787 1280 816 Si-

75 838 143 867 mili
159 839 282 868 ratione
305 839 527 880 Nympharum
552 846 679 868 antrum
703 839 789 879 apud
812 841 990 869 Homerum
1013 840 1136 879 poetica
1153 839 1280 868 licentia

74 891 216 923 effictum
231 894 324 923 multi
347 894 498 930 voluere3
521 899 551 922 at
567 893 720 923 hahemus
743 893 940 922 Artemidori
957 892 1086 933 Ephesii
1109 892 1205 922 fidem
1228 903 1279 933 ap.

74 947 232 989 Porphyr.
256 948 294 977 de
311 949 352 978 A.
368 949 408 979 N.
428 958 495 988 cap.
523 953 559 984 4,
584 958 645 988 qua
667 954 791 977 constat
809 958 922 977 verum
938 947 1034 986 hujus
1058 947 1281 988 descriptionis

73 1001 210 1032 fundum
224 1003 330 1033 fuisse.
350 1003 447 1044 Quod
463 1002 633 1043 descriptio
651 1013 749 1043 porro
764 1002 829 1032 loci
844 1013 918 1032 cum
938 1003 1000 1032 situ
1016 1009 1130 1042 portus
1152 1002 1280 1033 Cartha-

74 1056 264 1099 ginisrnovae
282 1064 312 1086 et
326 1057 503 1098 Neapoleos
519 1057 690 1093 convenit,
707 1055 739 1085 id
756 1056 874 1085 mirum
893 1066 959 1086 non
984 1063 1030 1085 est
1041 1078 1050 1092 ‚
1073 1067 1147 1086 cuin
1163 1057 1280 1086 multo-

75 1120 147 1139 rum
160 1117 315 1150 portuum
330 1110 415 1140 idem
427 1112 505 1140 situs
520 1112 579 1147 sit,
600 1109 696 1149 idque
710 1120 769 1150 pro
784 1110 1045 1149 praestantissimo
1062 1109 1154 1139 facile
1167 1116 1279 1150 portus

76 1174 189 1204 genere
205 1164 373 1202 habeatur,
390 1164 476 1205 quod
492 1164 622 1202 objectu
642 1163 755 1192 insulae
770 1162 909 1193 efficitur
925 1173 933 1194 :
951 1164 1132 1202 cujusmodi
1147 1164 1279 1204 plurimi

75 1220 245 1248 memorari
260 1226 395 1259 possunt
410 1226 533 1259 portus.
560 1219 644 1247 Talis
662 1224 727 1247 erat
742 1217 936 1255 Brundusii,
955 1218 994 1247 de
1013 1229 1078 1258 quo
1102 1230 1132 1249 v.
1156 1221 1276 1250 Lucan.

75 1273 122 1309 11,
138 1273 340 1310 613—6213
358 1272 574 1309 Alexandriae,
589 1273 666 1302 Caes.
685 1274 720 1302 B.
739 1272 811 1303 Civ.
826 1274 872 1302 III
883 1295 891 1309 ‚
914 1283 926 1302 1
937 1283 988 1303 12.
1006 1275 1135 1307 Maneat
1150 1274 1278 1314 itaque,

75 1327 132 1355 etsi
157 1336 245 1355 nunc
269 1328 435 1366 ignoratur
456 1326 559 1355 litoris
572 1326 669 1364 hujus
693 1326 807 1366 Libyci
822 1336 896 1355 vera
917 1327 1018 1363 ratio,
1038 1334 1093 1356 aut
1115 1328 1280 1357 immutata

74 1387 121 1410 est
144 1382 211 1419 ejus
236 1381 329 1410 facies
353 1380 552 1410 naturalibus
570 1379 608 1409 de
637 1380 774 1416 caussis,
791 1380 965 1420 Virgilium
987 1387 1092 1411 tamen
1120 1382 1188 1411 veri
1215 1382 1279 1412 loci

74 1437 169 1465 situm
185 1435 396 1472 adumbrasse,
414 1444 609 1474 quamquam
628 1433 741 1463 additis
764 1434 845 1463 sorte
862 1435 1047 1472 nonnullis,
1066 1446 1136 1476 quae
1151 1436 1191 1466 ad
1203 1447 1280 1477 poe-

74 1491 170 1520 ticam
199 1490 412 1519 amoenitatem
434 1496 466 1519 et
489 1495 638 1518 ornatum
666 1488 823 1526 facerent3
849 1488 938 1529 quod
949 1511 957 1527 ‚
982 1496 1019 1519 ut
1045 1497 1157 1530 poeta,
1193 1498 1278 1521 recte

76 1544 177 1574 facere
195 1543 312 1584 potuit.

120 1600 226 1640 Atque
239 1599 307 1628 haec
320 1609 360 1629 ne
374 1597 500 1641 Virgilii
513 1601 611 1640 magis
627 1599 748 1637 studio,
761 1610 857 1640 quam
871 1599 977 1640 aliqua
991 1600 1060 1630 veri
1078 1601 1184 1641 specie
1194 1595 1276 1631 arbi-

75 1653 151 1683 trari
170 1653 347 1689 videamur,
375 1652 543 1691 Shavium‚
568 1654 788 1684 doctissimum
812 1654 937 1690 virum,
964 1660 1127 1683 auctorem
1151 1653 1278 1683 laudare

72 1717 240 1746 possumus
251 1729 259 1743 ,
275 1708 331 1746 qui
344 1707 479 1736 similem
495 1708 528 1736 in
542 1707 796 1747 Carthaginiensi
806 1706 899 1736 litore
909 1707 1018 1736 locum
1031 1706 1278 1746 deprehendisse

73 1760 135 1789 sibi
149 1763 234 1790 visus
251 1768 307 1790 est.
328 1761 366 1789 In
383 1762 545 1790 Tunitano
561 1762 650 1796 sinu,
674 1762 708 1789 in
731 1770 796 1800 quo
815 1760 928 1789 eodem
946 1759 1102 1800 Carthago
1122 1760 1200 1790 olim
1218 1759 1280 1790 fuit

73 1816 130 1844 sita
142 1837 150 1851 ‚
169 1816 254 1845 inter
269 1816 489 1856 promontoria
507 1814 666 1854 Apollinis
683 1821 715 1844 et
727 1815 902 1850 Mercurii,
922 1824 1061 1854 quorum
1073 1814 1136 1844 hoc
1148 1814 1278 1854 quidem

74 1879 162 1898 nunc
183 1868 250 1908 Cap
268 1871 358 1904 Bon,
385 1868 423 1898 ab
448 1869 589 1905 oriente3
606 1868 707 1906 illud,
726 1879 814 1898 nunc
843 1868 911 1908 Cap
933 1867 1051 1897 Zibeeb
1073 1867 1125 1897 vel
1144 1867 1275 1903 Zebibi,

73 1923 112 1952 ab
137 1922 322 1961 occidente,
340 1923 446 1952 sinum
473 1922 612 1959 claudit3
636 1924 671 1952 in
693 1922 756 1952 hoc
778 1924 886 1962 itaque
907 1923 999 1958 sinu,
1023 1922 1114 1959 cujus
1138 1932 1173 1952 os
1193 1923 1277 1952 inter

73 1976 139 2006 duo
165 1977 387 2017 promontoria
413 1976 563 2006 undecim
589 1976 695 2006 leucas
728 1982 815 2016 patet
827 1997 835 2011 ‚
858 1985 954 2015 supra
986 1973 1124 2004 Illisuam
1133 1997 1144 2011 ‚
1168 1985 1278 2005 versus

71 2029 329 2069 promontorium
345 2030 499 2059 Mercun'i
510 2052 518 2066 ‚
537 2039 594 2059 sen
609 2031 791 2059 Hermaeum
806 2028 890 2069 (Cap
905 2027 1003 2068 Bon),
1021 2029 1143 2057 circum
1157 2039 1193 2058 ea
1207 2028 1277 2059 loca

72 2084 106 2111 in
131 2082 247 2123 quibus
267 2082 441 2123 Aquilaria
467 2083 544 2113 olim
564 2082 625 2112 fuit
648 2083 707 2112 sita
732 2081 841 2123 (nunc
863 2083 954 2112 vicus
980 2080 1199 2119 Lowlzarealz,
1221 2084 1278 2123 qui

73 2147 169 2167 unam
187 2144 311 2167 tantum
326 2138 453 2168 leucam
470 2148 487 2167 a
500 2138 722 2178 promontorio
738 2137 793 2167 illo
809 2135 926 2177 abest),
944 2146 960 2165 a
974 2136 1066 2166 litore
1082 2135 1158 2166 inde
1175 2147 1278 2178 usque

73 2190 112 2220 ad
132 2191 237 2219 vicum
251 2190 336 2220 hunc
359 2202 450 2221 mons
474 2191 638 2232 procedit,
663 2192 721 2231 qui
738 2197 823 2220 totus
841 2190 972 2220 effossus
995 2197 1026 2220 et
1050 2197 1239 2228 excavatus,
1260 2201 1277 2219 a

71 2244 149 2273 mari
163 2242 238 2275 inde
258 2243 297 2273 ad
312 2245 418 2274 vicum
435 2246 495 2275 iter
514 2245 755 2276 subterraneum
772 2243 904 2285 praebet.
923 2246 1015 2277 Patet
1031 2244 1117 2274 enim
1141 2244 1203 2282 via,
1236 2243 1274 2272 ad
