1402 2460
505 166 566 197 AD
590 165 755 197 LIBRUM
779 166 821 196 11.
1196 173 1262 204 355

64 230 222 267 occurrit,
242 228 330 270 quod
353 236 544 268 magnopere
566 236 640 255 cum
664 226 801 267 Virgilio
824 227 1010 265 conveniat3
1028 234 1084 259 aut
1107 239 1207 262 unum
1231 242 1263 264 et

66 284 198 314 alterum
207 306 215 321 ‚
230 282 317 324 quod
331 281 425 318 adeo,
438 291 497 311 nec
510 277 637 310 artificii
650 279 701 310 vel
716 280 862 309 carminis
875 283 995 312 ratione
1007 285 1050 313 ita
1065 285 1244 325 postulante
1253 311 1262 325 ‚

69 339 229 368 diversum
245 337 304 375 sit,
327 336 484 373 occurrit3
508 341 618 365 contra
633 344 729 371 vero,
751 333 801 371 id,
826 335 913 374 quod
933 338 967 366 in
993 349 1088 379 opere
1106 341 1262 372 Vaticano

65 393 210 434 inprimis
235 390 463 421 attendendum
493 395 559 419 erat
576 411 585 426 ‚
617 395 815 419 momentum
842 390 887 418 rei
918 398 1010 431 gestae
1033 392 1120 434 quod
1149 393 1262 425 artifex

66 457 141 478 cum
165 446 287 486 judicio
312 445 444 487 delegit,
466 446 501 475 in
519 445 658 474 carmine
682 443 852 484 nequidem
872 444 1060 487 attingitur:
1079 457 1263 491 serpentum

66 508 171 531 autem
192 500 272 531 nodi
296 510 426 541 prorsus
450 505 525 528 sunt
543 497 676 535 diversi3
700 507 774 527 nam
796 505 931 539 uterque
955 510 1082 541 serpens
1109 503 1263 544 implicita

66 555 256 585 Laocoontis
274 555 396 584 cervice
411 562 504 594 supra
520 559 616 593 caput
630 552 697 590 ejus
719 552 848 583 eminet.
873 555 954 594 Quae
977 565 1050 585 cum
1064 557 1107 586 ita
1126 567 1191 587 sese
1205 556 1263 587 ha-

65 609 177 646 beant,
192 618 305 649 parum
327 608 465 638 materiae
482 607 511 637 ei
532 605 742 647 disputationi
760 606 836 636 inde
851 615 1018 649 suppetere
1031 609 1132 640 videri
1147 611 1263 651 possit,

68 670 177 694 utrum
192 669 318 704 poetam
331 662 444 692 artifex
454 685 462 700 ‚
481 671 520 692 an
533 662 558 691 is
575 668 701 702 poetam
721 669 875 702 sequutus
888 664 938 694 sit.
953 665 1074 695 Neuter
1089 666 1174 695 enim
1188 665 1264 696 alte-

64 727 156 755 rum,
185 727 289 758 neque
314 724 449 757 uterque
477 726 647 746 commune
674 715 803 756 aliquod
826 717 1024 759 exemplum,
1050 718 1102 748 vel
1127 718 1264 749 eundem

70 779 248 810 auctorem,
269 779 341 803 ante
366 771 478 802 oculos
497 771 662 809 habuisse,
679 770 735 801 sed
757 778 891 812 uterque
906 782 980 803 snos
1001 780 1144 804 auctores
1159 772 1264 814 (qnos

66 827 174 868 plures
191 829 227 858 in
242 827 301 858 hac
318 827 423 857 fabula
435 826 588 856 exstitisse
608 832 645 856 ut
660 832 834 864 constaret,
852 836 947 867 supra
965 837 982 856 a
999 827 1093 857 nobis
1111 827 1264 858 allabora-

67 887 136 910 tum
154 881 236 922 est),
256 891 384 922 snaeque
399 882 474 910 artis
497 880 634 910 rationes
660 886 814 920 sequutus
839 889 905 910 esse
931 879 1093 911 dicendus.
1118 882 1157 911 In
1183 881 1265 911 hanc

67 940 172 964 tamen
193 934 232 964 de
248 934 430 965 discrimine
448 935 531 964 inter
547 939 649 974 poetae
664 938 696 963 et
710 930 839 963 artificis
855 944 950 974 opera
960 956 969 972 ‚
986 944 1161 974 eorumque
1176 944 1265 965 caus-

68 998 114 1019 sas
133 998 166 1018 ac
188 989 342 1027 rationes,
364 988 610 1030 disputationem
630 987 780 1018 incidisse
803 988 1016 1029 Lessingium,
1033 994 1079 1018 est
1093 987 1180 1028 quod
1196 998 1266 1028 gra-

67 1043 216 1082 tulemur,
226 1054 300 1074 cum
314 1044 343 1073 ei
354 1043 475 1074 librum
487 1042 674 1084 praeclarum
688 1052 726 1072 eo
740 1042 869 1072 nomine
881 1042 1072 1083 inscriptum
1085 1040 1265 1071 debeamus.

68 1101 106 1129 In
122 1097 352 1129 Holdsworthii
366 1105 397 1128 et
409 1098 537 1139 Spencii
549 1098 703 1128 Annotat.
717 1103 748 1126 et
759 1096 851 1128 obss.
866 1096 907 1127 ad
919 1096 952 1127 h.
964 1097 987 1128 l.
1002 1098 1097 1128 etiam
1109 1095 1266 1127 nonnulla

69 1163 171 1194 nuper
187 1153 338 1195 legimus,
358 1153 413 1184 sed
429 1153 569 1195 vulgaria
583 1153 663 1190 sere,
677 1152 793 1193 partim
809 1158 841 1182 et
855 1151 939 1182 falsa.

600 1301 723 1311 ..ι-...-

412 1437 796 1491 EXCURSUS
834 1437 923 1490 III.

249 1607 322 1648 De
344 1603 612 1659 Penatibus,
633 1602 850 1648 Palladio
875 1613 921 1648 et
937 1607 1087 1649 Vesta.

119 1751 169 1787 11,
187 1749 369 1789 293—296
381 1772 390 1786 ‚
413 1758 490 1789 297.
507 1749 598 1780 Sacra
611 1759 742 1790 suosque
760 1748 816 1778 cibi
829 1748 1037 1778 commendat
1055 1747 1150 1790 Troja
1169 1750 1265 1780 Pena-

73 1812 118 1834 tes
131 1822 177 1828 —
197 1803 249 1833 Sic
264 1803 311 1833 ait
324 1812 355 1833 et
373 1802 519 1833 manibus
539 1804 651 1841 vittas,
679 1805 869 1844 Vestamque
882 1810 1067 1843 potentem,
1088 1803 1271 1833 AEcernum-

75 1868 136 1898 que
149 1856 255 1896 adytis
279 1856 374 1899 effirt
380 1856 603 1897 penetralibus
619 1858 734 1898 ignem.
751 1856 838 1897 Quid
856 1857 983 1887 tandem
1001 1855 1082 1886 illud
1098 1857 1138 1887 sit
1150 1880 1158 1894 ‚
1177 1857 1268 1897 quod

73 1914 185 1942 AEneas
203 1917 293 1952 capta
308 1911 404 1949 Troja
424 1921 532 1941 secum
550 1911 585 1940 in
606 1911 728 1941 Italiam
743 1910 932 1948 abduxerit,
955 1921 1029 1940 nam
1050 1910 1152 1940 modo
1175 1912 1270 1941 Pena-

72 1973 136 2001 tes,
164 1965 262 1996 modo
286 1963 478 2003 Palladium,
507 1964 606 1995 modo
625 1966 722 1995 Vesta
741 1972 953 2002 memoratum
977 1964 1136 1994 fuerintne
1153 1965 1272 2005 privati

74 2009 181 2051 AEneae
199 2030 239 2049 an
254 2019 377 2060 publici
389 2021 519 2050 Penates
530 2042 538 2057 ‚
559 2025 589 2049 et
607 2029 669 2059 qna
682 2019 784 2060 specie
798 2019 849 2048 vel
864 2019 984 2049 fuerint
995 2018 1047 2049 vel
1061 2019 1125 2049 sint
1139 2017 1251 2049 crediti
1262 2042 1272 2054 ‚

72 2075 182 2116 paucis
200 2075 289 2113 juvat
309 2074 489 2114 inquirere,
517 2080 673 2114 quantum
692 2073 820 2114 quidem
847 2072 885 2102 ad
902 2073 969 2103 loca
994 2072 1149 2103 nonnulla
1169 2079 1272 2113 poetae

76 2128 261 2160 declaranda
287 2128 386 2159 facere
406 2128 441 2158 id
463 2135 591 2170 potest3
616 2127 875 2169 quandoquidem
892 2133 984 2168 poeta
1010 2127 1175 2158 Penatium
1198 2127 1271 2156 reli-

75 2185 169 2226 gione
185 2191 248 2214 tam
267 2184 413 2224 praeclare
435 2194 510 2214 usus
534 2190 580 2214 est
595 2183 635 2214 ad
653 2184 803 2222 majorem
823 2185 928 2214 AEneae
949 2182 1037 2220 fatis,
1065 2181 1167 2212 errori
1185 2188 1216 2211 et
1232 2180 1272 2210 ad

77 2239 198 2269 Italiam
225 2239 376 2276 accessui,
407 2238 591 2280 dignitatem
612 2239 873 2279 mirationemque
896 2237 1136 2269 conciliandam.
1163 2236 1269 2267 Multo

77 2292 160 2322 enim
174 2294 353 2332 augustiora
367 2293 473 2323 omnia
485 2291 587 2324 videri
601 2292 690 2324 facile
705 2292 859 2334 intelligas
869 2315 878 2331 ,
898 2292 924 2323 si
940 2290 1056 2322 inferre
1070 2293 1198 2321 AEneam
1213 2291 1269 2319 La-

1045 2352 1113 2391 31*
