1402 2460
590 86 712 116 LIBER
736 86 793 114 IV.

1226 85 1286 122 307

96 142 190 189 Quis
210 142 278 180 tibi
298 151 404 187 tunc,
424 141 542 186 Dido,
563 142 731 178 cernenti
751 140 838 178 talia
858 145 1004 179 sensus!

96 206 249 249 Quosve
267 202 382 239 dabas
401 201 559 252 gemitus
572 231 581 248 ‚
601 215 718 251 quum
738 201 849 238 litora
870 202 1016 239 fervere
1031 202 1104 239 late

95 263 332 313 Prospiceres
353 275 438 298 arce
456 275 503 298 ex
522 274 684 307 summa,
706 270 902 311 totumque
921 262 1069 299 videres

1238 273 1287 299 ἡκ»

95 321 248 358 Misceri
267 332 352 358 ante
372 322 501 359 oculos
521 322 632 358 tantis
652 321 879 357 clamoribus
899 324 1047 371 aequor!

94 381 273 432 Improbe
292 395 416 427 amor,
438 381 530 430 quid
549 394 625 417 non
644 382 819 418 mortalia
837 390 992 431 pectora
1012 383 1134 431 cogis!

94 444 155 478 Ire
173 441 310 478 iterum
330 441 368 476 in
387 441 574 485 lacrimas,
596 441 733 476 iterum
754 449 898 477 tentare
918 441 1106 490 precando

95 501 269 550 Cogitur,
291 509 326 536 et
347 499 506 549 supplex
525 500 668 536 animos
687 498 909 536 submittere
931 500 1050 537 amori
1071 515 1078 535 :

94 562 151 596 Ne
170 559 261 608 quid
282 559 520 608 inexpertum
539 559 677 595 frustra
696 558 879 595 moritura
900 560 1097 608 relinquat.
1242 567 1289 596 22¹5

149 635 164 651 ιι
183 620 309 661 Anna,
330 617 433 654 vides
454 627 533 655 toto
553 618 752 668 properari
773 618 902 665 litore3
924 619 1067 654 circum

95 677 273 727 Undique
291 691 522 723 convene-rm
539 687 650 715 vocat
665 679 743 728 jam
762 678 940 715 carbasus
960 691 1088 724 auras;

94 736 291 786 Puppibus
309 746 345 775 et
362 737 437 774 laeti
454 745 577 774 nautae
596 738 811 787 imposuere
830 750 999 774 coronas.

96 906 131 935 in
145 904 207 934 illis
220 911 257 934 ut
271 912 302 935 et
315 905 349 934 in
362 905 428 935 aliis
444 904 514 936 edd.
531 911 586 935 est.
597 907 667 935 Mo-

97 961 148 980 ras
164 961 175 980 .·
190 961 295 990 operte
307 951 411 980 omnis
420 963 433 986 ;
449 958 479 981 et
489 958 535 980 est
548 961 668 981 correc-

96 1003 166 1027 tum
193 1007 286 1037 opere
324 998 358 1026 in
387 997 504 1027 Medic.
537 999 645 1027 Fervet
654 1008 666 1025 .-

97 1053 174 1073 mox
192 1048 256 1082 409
275 1041 402 1083 fervere
417 1053 427 1071 .·
451 1049 557 1072 tamen
578 1053 666 1072 nunc

96 1090 130 1118 in
138 1088 245 1129 fervet
260 1099 431 1118 consensus
446 1094 502 1118 est.

145 1135 370 1169 408.0ratoria
377 1132 566 1173 apostrophe
573 1143 667 1172 quam

96 1181 162 1209 vim
174 1179 207 1210 h.
223 1180 335 1209 habeat
345 1202 353 1216 ‚
369 1179 459 1208 facile
471 1179 667 1218 intelligitur.

98 1225 208 1255 Litora
229 1225 358 1266 fel-vere
382 1225 470 1265 (416
482 1224 667 1264 properari)

99 1272 223 1301 doctius
247 1282 358 1311 quam,
386 1271 540 1308 Trojanos
567 1271 603 1299 in
630 1270 668 1299 li-

97 1324 186 1355 tore;
199 1318 243 1346 sic
254 1324 284 1346 et
300 1328 329 1347 v.
345 1322 363 1352 4
372 1327 383 1345 1
396 1327 408 1345 1
426 1315 551 1345 misceri
560 1326 671 1355 (equor

97 1374 156 1404 pro
172 1363 323 1393 clamores
344 1363 469 1392 misceri
481 1363 514 1391 in
529 1366 667 1402 aequore.

147 1415 223 1445 412.
246 1409 342 1440 Color
367 1419 407 1438 ex
428 1408 576 1448 Apollon.
602 1409 667 1443 IV,

99 1456 184 1492 446,
207 1455 335 1496 quando
357 1454 469 1484 Medea
490 1454 670 1494 Absyrtum

95 1502 231 1542 jugulat.
256 1503 306 1531 Ire
328 1500 361 1530 in
390 1500 558 1535 lacrimas,
580 1500 669 1540 quod

98 1548 222 1588 vulgari
247 1548 368 1577 ratione
395 1546 566 1587 procedere
577 1568 585 1583 ,
614 1545 667 1575 de-

99 1593 248 1624 scendere
260 1617 268 1631 ,
287 1593 326 1623 ad
341 1593 494 1623 lacrimas.
518 1610 564 1615 —-
590 1597 666 1627 414.

99 1639 237 1670 Animos
262 1650 330 1670 non
351 1640 431 1668 male
452 1649 511 1679 pro
540 1638 605 1667 iras
623 1648 669 1667 ac-

101 1687 224 1726 cipiunt
244 1685 394 1715 nonnulli
410 1685 495 1725 apud
512 1685 667 1715 Servium.

99 1734 206 1762 Potest
222 1738 253 1761 et
269 1731 346 1760 altos
357 1753 365 1765 ‚
390 1730 560 1770 superbOS,
580 1730 669 1769 spiri-

101 1784 152 1806 tus
161 1777 399 1811 declarare—4
406 1787 418 1805 1
427 1777 456 1806 5.
465 1778 558 1806 Forte
569 1775 670 1816 placet

101 1825 325 1864 interpungere
340 1832 347 1853 :
365 1833 405 1852 ne
421 1821 502 1862 quid
521 1822 669 1861 inexper-

101 1876 165 1899 tum
183 1869 321 1910 (flustra
332 1871 344 1896 .'
359 1869 371 1909 )
388 1867 558 1903 moritura,
575 1867 670 1897 relin-

101 1923 198 1956 quat,
212 1915 245 1945 h.
260 1926 286 1946 e.
304 1915 434 1944 frustra!
452 1924 525 1943 cum
539 1914 671 1944 mo1itu-

102 1971 137 1990 ra
148 1968 248 1999 esset;
271 1968 307 1991 ut
325 1967 416 2001 poeta
434 1959 473 1989 de
491 1970 550 1989 suo
575 1961 670 1989 inter-

92 2014 220 2047 ‚ponat;
234 2006 289 2037 sed
302 2014 347 2036 est
360 2007 454 2036 nimis
468 2005 584 2035 subtile
597 2005 670 2035 hoc.

103 2069 149 2075 —-
164 2055 289 2084 Servius
301 2055 343 2082 ita
357 2053 486 2093 accipit,
502 2051 671 2093 utfiuscra

104 2110 146 2129 ex
160 2106 261 2139 poetae
278 2099 400 2138 judicio
420 2097 540 2128 dictum
557 2100 618 2127 sit:
636 2104 673 2127 ut

106 2146 211 2175 omnia
235 2147 434 2186 expet-iatum
461 2144 515 2174 sed
539 2144 670 2174 frustra!

106 2191 231 2222 Scilicet
246 2191 392 2223 turbabat
414 2191 468 2222 illa
487 2201 570 2229 vox,
598 2200 672 2221 cum

719 911 914 946 quaereretur
929 903 968 934 de
982 904 1155 934 verborum
1168 903 1291 934 ordine.

719 952 785 982 Alii
808 953 949 992 jungunt
967 961 974 981 :
985 951 1112 992 flustra
1139 950 1291 979 moritura

719 1008 761 1028 sc.
778 999 805 1027 si
818 998 990 1037 quicquam
1015 998 1207 1026 intentatum
1222 996 1294 1025 reli-

719 1044 848 1082 quisset.
870 1043 935 1082 Qui
959 1043 1039 1072 mala
1056 1043 1192 1082 patitur,
1222 1052 1293 1082 quat

720 1099 815 1128 opera
831 1095 863 1118 et
876 1087 983 1118 studio
1001 1099 1060 1118 suo
1080 1094 1219 1117 avertere
1237 1098 1294 1128 po-

722 1141 817 1170 terat,
832 1134 919 1163 subit
932 1144 965 1163 ea
979 1134 1070 1163 nullo
1084 1145 1158 1163 cnm
1174 1134 1292 1167 fructu,

721 1179 835 1208 frustra
849 1189 856 1210 :
872 1180 945 1219 quia
961 1181 999 1208 iis
1014 1190 1117 1209 carere
1136 1186 1292 1220 potuerat.

721 1225 836 1255 Saltem
863 1226 975 1255 melior
997 1225 1088 1255 locus
1109 1228 1153 1267 τῷ
1171 1224 1296 1266 frustra

720 1271 754 1300 in
767 1277 927 1300 structura
941 1272 1089 1311 exputari
1102 1272 1225 1311 nequit.

769 1317 847 1351 416.
867 1316 972 1346 Litore
979 1328 992 1352 ,·
1014 1316 1130 1346 circum
1149 1317 1296 1357 Undique

721 1372 895 1392 convenere
909 1364 1020 1402 utique
1035 1362 1295 1404 distinguendum

723 1419 798 1438 cum
813 1408 1003 1438 Marklando
1019 1408 1058 1437 ad
1074 1411 1151 1439 Stat.
1168 1410 1200 1438 II
1218 1409 1293 1439 silv.

725 1455 762 1491 5,
782 1455 838 1490 13,
855 1454 952 1494 idque
967 1456 1074 1495 recepi
1091 1465 1152 1495 pro
1169 1464 1241 1494 :pn
1258 1456 1294 1484 li-

723 1508 788 1530 tore
803 1500 920 1529 circum
938 1511 945 1531 :
965 1500 1112 1541 Undique
1127 1512 1155 1532 c,
1175 1502 1224 1530 De
1246 1502 1294 1530 in-

720 1547 943 1587 terpunctione
959 1547 1084 1576 codices
1096 1547 1210 1576 frustra
1224 1558 1297 1577 con-

720 1593 815 1622 sulas.
846 1593 953 1622 Litore
981 1604 1072 1622 cursu
1095 1592 1236 1623 Parthas.
1250 1611 1296 1616 —

724 1639 917 1674 4ῐ6-44ο.
947 1639 1171 1669 Commeatum
1194 1647 1296 1679 poetae

722 1690 768 1713 est
782 1685 1001 1724 ingeniosum,
1031 1692 1083 1721 et,
1106 1683 1194 1724 quod
1209 1686 1296 1714 Aris-

721 1730 832 1759 toteles
842 1729 962 1759 diceret
974 1729 1034 1771 (de
1047 1731 1171 1770 poetica
1187 1740 1214 1760 c.
1232 1737 1274 1766 24
1286 1739 1296 1771 )

721 1774 781 1818 πρὸ
831 1774 861 1805 ὸν
879 1777 956 1805 τοῦ
946 1786 984 1805 ’τ
975 1773 1119 1818 ’.ἦματῡς
1137 1774 1213 1819 ὅγκε
1202 1787 1230 1806 ν
1251 1777 1296 1806 fa-

723 1823 819 1859 ciens,
833 1821 921 1862 quod
937 1823 1040 1852 Annae
1053 1823 1170 1852 sororis
1188 1822 1225 1851 ad
1244 1825 1296 1852 AE-

724 1879 816 1898 neam
843 1868 979 1909 allegatae
1006 1878 1102 1908 opera
1122 1869 1224 1898 utitur
1240 1870 1296 1898 Di-

724 1914 784 1950 do3
811 1920 899 1944 tanto
916 1915 1000 1944 enim
1015 1915 1140 1955 gravior
1156 1925 1221 1944 esse
1243 1914 1297 1944 de-

725 1960 779 1989 bet
792 1960 884 1990 dolor
894 1983 902 1997 ‚
923 1971 988 2000 quo
1005 1961 1102 2001 magis
1120 1962 1226 1990 omnia
1241 1971 1293 1991 ex-

724 2013 834 2046 pertus
847 2006 954 2044 fueris,
970 2008 1062 2036 etiam
1081 2007 1138 2043 iis,
1159 2016 1232 2047 quae
1244 2008 1291 2036 in·

725 2051 819 2093 digna
838 2059 959 2090 essent,
978 2054 1114 2083 tentatis.

773 2105 849 2137 417.
875 2099 1055 2129 Convenere
1074 2109 1105 2129 v.
1126 2110 1197 2140 sup.
1217 2101 1293 2141 289.

727 2146 831 2174 Vocat
843 2155 940 2174 auras
952 2145 1059 2175 velum
1072 2156 1102 2175 v.
1120 2156 1190 2186 sup.
1206 2146 1246 2176 ad
1263 2158 1294 2178 v.

728 2192 804 2223 223.
824 2190 965 2222 Coronas
980 2203 1019 2224 ex
1041 2201 1129 2223 more
1149 2193 1184 2223 in
1197 2203 1230 2225 re
1245 2192 1297 2223 lae-
