1433 2460
129 113 186 147 152
627 105 821 135 AENFJDOS

123 165 351 207 Dardanidae
369 171 500 199 eontra
518 162 631 199 turris
650 176 692 199 ac
714 171 811 199 tecta
833 162 1033 199 domorum
1274 170 1324 199 44⁵

123 229 294 267 Culmina
313 223 529 260 convellunt
548 239 555 260 :
579 223 637 260 his
653 238 710 269 se,
731 223 885 272 quando
906 223 1036 259 ultima
1054 230 1232 267 cernunt,

126 293 304 327 Extrema
316 287 393 336 jatu
416 284 452 321 in
469 293 589 321 morte
609 294 742 334 parant
765 283 968 321 defendere
992 284 1091 327 t‹·lis;

126 354 362 396 Auratasque
380 345 524 390 trabes,
541 353 712 381 veterum
731 345 869 381 deeora
888 345 961 380 alta
979 352 1197 394 parentum,

126 410 360 454 Devolvunt3
379 408 440 444 alii
459 406 599 444 strictis
619 405 866 442 mucronibus
884 405 976 441 imas

128 470 322 508 Obsi—dere
342 469 441 505 fores
459 497 468 513 ,
486 468 554 504 has
572 473 722 503 servant
740 466 887 515 agmine
905 465 1034 502 denso,
1282 470 1331 499 2550

128 529 331 568 Instaurati
349 528 482 573 animi,
502 527 599 577 mgis
617 538 841 563 succurrere
864 525 990 569 tectis,

129 592 360 640 Auxilioque
379 591 504 626 levare
521 589 642 633 viros,
661 587 815 636 vimque
835 585 975 622 addere
993 583 1114 621 victis.

182 654 314 689 Limen
337 661 436 696 erat,
453 664 637 698 cmraeque
658 649 775 692 sores,
793 656 831 683 et
851 646 1004 696 pervius
1026 658 1114 682 usus

130 716 335 750 Tectorum
357 711 454 746 inter
472 724 510 746 sc
531 709 688 753 Priami,
712 717 915 757 postesque
937 705 1060 741 relicti

132 778 164 812 A
182 782 288 823 tergo
301 801 311 819 ,
338 771 466 807 infelix
484 783 557 820 qua
575 784 634 816 se,
653 768 742 805 dum
764 781 879 818 regna
896 765 1116 810 manebant,
1287 771 1336 800 455

133 901 301 932 erratione.
339 897 470 928 Deseris
496 896 529 938 f
551 904 713 937 prensant

135 956 197 978 tres
210 957 259 986 ap.
277 947 384 975 Burin.

183 994 259 1029 445.
271 993 301 1020 E
314 998 425 1020 contra
441 1000 488 1030 pr.
504 991 635 1026 Moret.,
650 1000 710 1019 ma-

134 1042 181 1071 le:
202 1039 265 1068 vid.
287 1039 395 1067 Burm.
417 1039 529 1066 Turres
545 1044 577 1066 et
591 1037 712 1076 aliquot

135 1089 216 1118 Pier.
236 1087 314 1114 Tota
328 1084 492 1113 domorum
507 1090 578 1123 post
591 1083 709 1113 Medic.

136 1132 241 1168 Pierii,
258 1133 374 1161 Moret.
386 1137 457 1160 tert.
474 1136 505 1159 et
521 1129 635 1159 Hamb.
650 1141 712 1160 sec.

134 1190 195 1219 pro
214 1188 279 1208 var.
297 1177 384 1215 lect.;
399 1183 429 1206 et
445 1176 528 1206 idem
546 1187 618 1206 cuin
638 1177 713 1207 alte—

135 1237 170 1255 ra
183 1225 320 1255 lectione
332 1224 366 1253 in
382 1224 538 1254 Servianis
555 1223 713 1253 laudatur.

141 1274 224 1302 Tuta
245 1270 276 1300 d.
299 1271 416 1300 Moret.
432 1280 486 1309 qu.
503 1272 584 1299 Sunt
605 1277 636 1299 et
654 1271 715 1299 viri

137 1317 225 1348 docti
236 1340 244 1354 ‚
261 1317 317 1357 qui
339 1316 478 1346 culmine
490 1315 620 1355 legunt,
637 1315 669 1345 h.
685 1326 711 1347 e.

140 1375 157 1394 a
174 1364 312 1394 culmine
325 1385 334 1399 ‚
348 1369 386 1392 ut
404 1374 434 1393 V.
447 1363 525 1392 603.
539 1380 586 1385 -—
599 1362 714 1392 Culmi-

139 1422 184 1440 na
208 1410 374 1439 domorum
400 1416 503 1445 tecta,
537 1408 629 1439 docte
654 1419 713 1449 pro

138 1459 208 1498 ipso
240 1462 325 1485 tecto
348 1456 449 1495 iisque
478 1454 572 1485 rebus
597 1455 714 1496 quibus

139 1503 285 1544 superior
305 1502 418 1531 domus
431 1512 502 1542 pars
519 1503 636 1542 tegitur
647 1525 654 1539 ‚
679 1501 711 1531 h.

139 1560 167 1579 e.
191 1549 318 1589 tegulis.
347 1549 441 1577 Tecta
454 1548 637 1587 penetralia
661 1558 713 1577 eo-

140 1595 212 1625 dem
227 1594 323 1624 modo
346 1596 360 1623 I
384 1595 500 1634 Georg.
521 1595 596 1633 379.
613 1594 714 1623 Etiam

139 1650 238 1671 turres
247 1652 306 1682 pro
321 1640 431 1670 eodem
443 1647 526 1669 tecto
537 1640 624 1676 dicit,
642 1641 715 1679 quia

141 1688 242 1718 altum
263 1695 318 1717 est.
341 1688 457 1727 Agitur
474 1694 577 1716 autem
596 1686 634 1715 de
652 1696 716 1715 una

140 1735 255 1764 Priami
269 1733 365 1764 domo
380 1743 386 1763 :
403 1734 455 1762 cui
470 1732 716 1774 magnificentio-

140 1791 207 1810 rem
223 1782 359 1821 speciem
378 1780 510 1818 adjecit,
530 1789 625 1820 quam
644 1789 716 1818 quae

141 1827 226 1867 apud
254 1829 431 1857 Homerum
460 1833 536 1856 erat.
561 1844 608 1849 ——
638 1826 714 1861 448.

143 1875 338 1914 AEratasque
353 1873 456 1902 trabes
480 1873 603 1913 antiqui
622 1872 715 1902 codd.

142 1920 226 1960 apud
249 1921 386 1951 Pierium
399 1942 407 1956 ,
435 1919 524 1959 quod
549 1926 630 1948 recte
642 1917 674 1948 h.
691 1919 713 1948 l.

142 1967 254 2004 rejicit.
271 1966 450 2006 Aerz'asque
470 1965 647 2005 Hamburg.
665 1976 713 2005 pr.

142 2023 201 2052 pro
217 2024 283 2043 var.
299 2014 371 2044 leet.
385 2035 393 2049 ‚
410 2013 465 2042 sed
481 2024 510 2042 v.
529 2013 636 2041 Burm.
658 2012 716 2041 Al-

143 2066 177 2088 ta
196 2060 230 2088 in
246 2059 374 2089 duobus
391 2067 443 2089 aut
463 2059 564 2089 tribus
579 2059 716 2098 antiquis

143 2106 294 2135 omissum
304 2107 425 2135 viderat
436 2107 545 2136 Heius.
556 2111 586 2134 et
602 2106 636 2134 in
653 2105 717 2134 Gu-

143 2151 242 2181 diano
260 2162 399 2188 erasum;
426 2154 546 2182 Pierius
563 2159 667 2181 autem
683 2152 718 2180 in

143 2197 307 2227 nonnullis
328 2207 334 2227 ε
358 2199 473 2228 decora
495 2199 576 2234 illa;
600 2197 662 2227 hoc
687 2204 719 2227 et

144 2244 254 2285 fragm.
269 2245 371 2274 Vatic.
387 2244 481 2275 habet
493 2267 501 2283 ‚
526 2245 719 2286 superscrip-

765 902 798 925 to
816 894 910 930 alta;
926 892 1013 934 quod
1029 891 1155 922 defendi
1174 892 1292 932 possit,
1309 897 1341 920 et

764 943 879 971 decora
900 940 1010 980 ampla
1031 939 1079 969 ed.
1099 941 1181 968 Ven.
1202 937 1263 967 Sed
1287 936 1341 966 de-

764 999 839 1018 cora
855 988 924 1017 alta
941 997 1051 1016 verum
1064 996 1140 1021 esse,
1159 984 1209 1014 vel
1223 994 1263 1013 ex
1276 985 1342 1013 Sta-

766 1036 802 1065 tii
829 1035 1004 1064 imitatione
1032 1038 1159 1073 apparet
1183 1032 1212 1060 V
1238 1029 1340 1060 Theb.

769 1087 832 1117 422
844 1103 852 1116 ,
871 1083 948 1116 423.
963 1079 1053 1109 Adde
1067 1089 1136 1118 sup.
1151 1077 1207 1108 lib.
1223 1077 1237 1105 1
1250 1100 1258 1115 ‚
1275 1082 1341 1116 429

767 1128 933 1158 columnas
950 1143 996 1149 —
1013 1124 1112 1155 scenis
1134 1124 1251 1154 decora
1272 1123 1343 1153 alca

758 1173 890 1217 ficturis.

816 1222 858 1257 45
867 1231 893 1250 1.
908 1217 1038 1251 Animis
1050 1229 1098 1259 pr.
1109 1218 1226 1247 Moret.
1236 1217 1343 1247 Mont-

769 1269 831 1300 alb.
851 1277 913 1296 sec.
937 1265 1088 1297 Rottend.
1117 1271 1147 1293 et
1162 1264 1254 1294 Witt.
1276 1265 1343 1294 Nec

769 1314 935 1356 displicet,
962 1320 997 1342 ut
1015 1320 1193 1341 succurrere
1212 1308 1345 1340 infiniti-

767 1373 827 1392 vus
836 1359 1006 1391 historicus
1017 1356 1240 1397 sit.Vulgatam
1249 1358 1343 1386 etiam

768 1409 878 1449 fragm.
894 1407 997 1436 Vatic.
1012 1405 1108 1434 habet
1131 1410 1162 1432 et
1185 1406 1344 1444 Pompon.

768 1456 839 1486 Sab.
859 1456 1097 1492 interpretatur.
1117 1466 1164 1472 —
1181 1452 1252 1481 Hoc
1274 1451 1344 1491 ipso

768 1512 876 1531 rerum
909 1498 1059 1539 adspectu
1093 1503 1281 1527 renovatum
1311 1497 1345 1528 in

769 1549 878 1578 sEnea
895 1546 1064 1575 consilium
1080 1556 1116 1575 ac
1133 1545 1344 1583 propositum,

769 1594 858 1633 quod
879 1594 941 1631 jam
966 1591 1089 1632 pridem
1109 1596 1236 1630 ceperat
1254 1589 1342 1631 (vid.

771 1641 837 1670 315
863 1649 1048 1669 concurrere
1077 1637 1110 1668 in
1131 1637 1280 1678 arcem),
1309 1644 1346 1668 ut

771 1688 865 1727 regiae
879 1687 1066 1725 Priamoque
1085 1691 1296 1715 succurreret.

818 1732 1011 1769 453—458.
1024 1732 1106 1762 Cum
1128 1728 1231 1761 aditus
1244 1730 1283 1760 ad
1296 1741 1344 1761 re-

769 1780 851 1821 giam
883 1778 1083 1809 obsideretur
1106 1778 1145 1807 ah
1169 1775 1317 1808 hostibus
1337 1800 1345 1814 ‚

770 1827 891 1867 postica
915 1832 1006 1866 porta
1030 1835 1098 1854 eam
1122 1826 1220 1854 intrat
1233 1827 1346 1855 AEneas

771 1879 802 1902 et
815 1883 831 1901 a
850 1879 938 1913 tergo
950 1873 1096 1912 pervenit
1109 1871 1147 1900 ad
1160 1877 1283 1909 portam
1299 1880 1347 1900 re-

771 1921 848 1961 giae,
872 1929 935 1959 qua
958 1925 1047 1959 parte
1061 1928 1171 1948 versus
1193 1915 1314 1946 aditum
1330 1927 1347 1946 a

770 1966 874 1995 fronte
891 1964 1005 1995 domus
1017 1971 1187 2006 pugnatur.
1205 1962 1262 1992 Illa
1276 1973 1349 2003 por-

770 2019 800 2041 ta
813 2012 933 2052 postica
947 2021 1019 2040 cum
1033 2018 1160 2047 ornatu,
1173 2019 1269 2050 quem
1283 2016 1346 2038 tam

769 2058 908 2099 vulgaris
924 2068 973 2087 res
986 2058 1041 2086 vix
1057 2056 1220 2086 videbatur
1236 2066 1346 2096 capere

769 2115 861 2145 posse
872 2127 881 2141 ‚
914 2103 1097 2143 designatur
1127 2113 1183 2143 per
1207 2109 1346 2143 quatuor

771 2151 1066 2180 determinationes:
1078 2156 1123 2179 est
1139 2148 1237 2178 limen
1248 2171 1257 2186 ,
1272 2155 1347 2178 sunt

771 2208 876 2232 coecae,
894 2196 926 2225 h.
942 2207 968 2227 e.
986 2197 1102 2237 iguotae
1118 2196 1185 2226 aliis
1198 2205 1257 2225 nec
1274 2205 1348 2235 cog-

772 2245 844 2275 nitu
866 2243 971 2273 faciles
996 2250 1026 2273 et
1053 2242 1176 2280 obviae,
1194 2241 1346 2285 sbres—

1424 1437 1433 1490 sn„
1422 1223 1433 1414 “mu-rm--.
1427 1171 1433 1199 ..-
1427 1139 1432 1149 -
