1402 2460
556 37 679 67 LIBER
704 37 762 66 111.

1194 40 1257 70 205

61 93 140 127 Nos
161 90 345 128 tumidum
361 91 432 129 sub
453 101 489 129 te
504 93 692 142 permensi
709 92 889 131 classibus
909 106 1051 145 aequor,

62 150 167 187 Idem
184 161 364 190 venturos
385 153 556 190 tollemus
571 153 610 190 in
627 162 727 191 astra
746 162 920 203 nepotes,

61 211 343 262 Imperiumque
365 212 450 250 urbi
472 212 657 250 dabimus.
678 215 736 250 Tu
757 215 894 262 moenia
909 215 1052 265 magnis

61 273 199 321 Magna
218 285 326 322 para,
346 273 577 325 longumque
597 273 694 324 fugae
710 287 757 310 ne
777 274 906 325 linque
922 275 1102 314 laborem.

1213 285 1259 310 160

62 331 255 370 Mutandae
274 333 392 371 sedes.
414 336 501 371 Non
516 334 597 371 haec
617 333 687 371 tibi
703 334 814 371 litora
833 336 949 374 suasit

61 391 209 439 Delius,
227 401 291 430 aut
307 396 427 432 Cretae
438 394 550 445 jussit
566 395 780 441 considere,
797 396 946 445 Apollo.

62 454 125 489 Est
144 453 247 492 locus
259 483 268 500 ‚
289 456 513 506 Hesperiam
530 456 636 494 Graii
654 457 877 505 cognomine
899 456 1029 494 dicunt
1044 473 1052 494 :

61 515 178 550 Terra
195 515 367 565 antiqua,
384 525 517 565 potens
537 516 669 561 armis,
685 523 798 565 atque
814 515 932 553 ubere
952 516 1082 566 glebae.

64 575 229 611 OEnotri
246 575 397 611 coluere
413 575 487 611 viri
505 589 512 610 :
533 589 634 612 nunc
649 576 766 622 sama,
784 575 949 613 minores

1215 585 1262 611 165

64 633 211 670 Italiam
228 634 386 680 dixisse,
408 634 514 672 ducis
531 635 577 672 de
594 636 766 682 nomine,
790 643 950 684 gentem.

63 694 131 728 Hae
152 693 261 731 nobis
281 694 446 744 propriae
463 694 589 741 sedes,
609 694 697 731 hinc
710 694 912 732 Dardanus
929 704 1053 740 ortus,

66 751 261 800 Iasiusque
281 761 406 802 pater,
423 765 540 802 genus
561 765 583 789 a
603 765 680 802 quo
697 753 869 803 principe
888 763 1070 791 nostrum.

65 924 131 943 non
152 911 311 950 condidit,
336 919 439 953 potest
461 920 564 943 tamen
573 923 638 953 pa-

64 970 134 989 rare
148 970 182 989 ea
198 970 214 989 a
229 965 322 1000 poeta
338 958 418 996 dici,
434 966 590 1000 quatenus
603 969 639 989 ea

64 1007 169 1036 omnia
195 1007 378 1047 exsequitur
404 1016 474 1046 quae
500 1005 640 1036 conden-

65 1053 136 1083 dam
169 1052 281 1083 urbem
309 1060 426 1082 eventu
457 1052 639 1082 antecedere

65 1099 156 1130 fatale
173 1105 249 1130 erat.
269 1098 401 1140 ,Magnis
417 1098 450 1129 11.
466 1109 494 1129 e.
515 1099 640 1139 nepoti-

65 1146 137 1183 bus,
155 1145 192 1175 ad
204 1152 322 1175 tantam
339 1146 464 1186 imperii
476 1155 639 1185 opumque

65 1191 314 1234 magnitudinem
337 1192 537 1232 perventuris
558 1191 640 1232 (nisi

66 1238 161 1269 ducas
183 1249 199 1268 3
222 1244 354 1277 neutro,
381 1238 507 1278 magnis
527 1238 635 1274 rebus,

66 1283 215 1326 eventis);
232 1295 300 1321 nec,
315 1291 447 1325 propter
460 1284 618 1314 molestias
628 1305 636 1321 ,

67 1331 205 1361 detrecta
231 1332 464 1372 navigationem
491 1330 530 1360 ad
557 1331 639 1360 ulte-

68 1379 149 1408 riora
172 1378 252 1408 loca.
277 1379 359 1407 Mox
384 1389 414 1407 v.
447 1377 508 1407 162
540 1378 641 1408 Cretae

68 1423 230 1454 considere
244 1434 304 1464 pro
316 1424 350 1454 in
365 1424 456 1454 Creta
467 1446 475 1462 ‚
489 1423 642 1454 docte.—

74 1471 146 1508 157.
173 1469 325 1500 Permissi
347 1471 454 1510 Sprot.
480 1481 496 1499 a
522 1481 565 1501 m.
590 1480 640 1510 pr.

69 1516 213 1547 Permesi
225 1515 302 1547 olim
320 1517 354 1545 in
373 1516 497 1553 multis,
523 1523 560 1546 ut
576 1518 643 1547 Ser-

68 1563 159 1593 viana
174 1570 304 1593 monent
315 1585 324 1599 ,
343 1561 451 1593 addito
467 1572 474 1593 :
491 1562 554 1592 Hic
570 1573 644 1593 ver-

69 1620 121 1639 sus
146 1608 293 1638 variasse
320 1608 456 1644 dicitur5
489 1609 578 1648 quod
604 1608 644 1638 ad

68 1657 159 1685 istam
186 1655 351 1695 scripturae
383 1655 566 1685 varietatem
595 1665 644 1685 re-

69 1701 147 1731 fero.

122 1748 184 1778 163
201 1763 248 1769 —
268 1745 342 1776 166.
357 1745 458 1775 Iidem
472 1756 581 1776 versus
595 1747 644 1775 in-

71 1794 151 1823 texti
166 1800 254 1823 erant
269 1802 363 1833 supra
384 1792 441 1822 lib.
461 1793 494 1828 I,
516 1792 581 1821 530
599 1809 646 1814 —

74 1840 151 1877 533,
167 1840 226 1869 ubi
244 1838 327 1869 vide.
340 1854 387 1862 —-
406 1838 481 1868 165.
500 1837 649 1868 OEnotrii

72 1885 190 1916 Medio.
211 1891 241 1915 et
266 1885 334 1921 alii,
352 1884 442 1915 male.
462 1895 493 1914 v.
517 1895 587 1925 sup.
611 1886 645 1921 I,

76 1933 151 1963 532.
178 1933 320 1962 Tenuere
342 1931 437 1961 Wall.
464 1937 495 1960 et
518 1930 646 1961 Vratisl.

73 1984 223 2019 perpetua
237 1977 423 2007 mutatione.

87 2024 92 2028 ⁴
124 2025 313 2064 167—171.
330 2024 391 2053 Hae
410 2021 648 2063 nobisproprioe

74 2070 174 2101 sedes.
209 2072 309 2111 Supra
336 2069 375 2099 ad
402 2069 586 2110 Apollinem
614 2080 646 2100 v-

76 2115 117 2145 85
130 2138 139 2153 ,
155 2117 208 2146 Da
223 2116 387 2157 propriam
397 2139 408 2154 ,
438 2117 466 2146 T
465 2115 623 2155 hymbraee
637 2138 646 2153 ‚

75 2161 212 2194 domum.
230 2163 337 2193 Iasius
347 2170 460 2203 pater,
477 2163 503 2192 si
519 2162 558 2192 de
571 2164 647 2193 Dar-

239 2216 288 2251 ΙΙ.

692 913 767 943 dani
793 919 882 954 patre
907 914 1060 954 accipias,
1078 914 1174 945 habet
1199 923 1266 946 tum

692 970 713 989 a
740 970 802 1000 quo
829 959 1008 1000 expeditam
1036 961 1269 1002 interpretatio-

692 1016 777 1036 nem.
794 1005 853 1037 Sed
870 1017 886 1035 e
902 1007 1011 1037 Servio
1022 1029 1030 1043 ,
1050 1008 1107 1047 qui
1121 1018 1138 1037 e
1151 1015 1274 1039 vestus-

693 1052 829 1082 tioribus
838 1052 958 1082 fabulas
971 1054 1117 1091 servavit,
1128 1053 1268 1095 adparet,

692 1106 844 1139 sequutos
854 1109 918 1128 esse
929 1099 1023 1129 Italos
1033 1099 1092 1129 hac
1099 1101 1135 1129 in
1144 1111 1178 1130 re
1184 1101 1269 1131 Grae-

693 1156 746 1175 cos
757 1145 886 1186 mythos
897 1168 905 1182 ,
923 1146 979 1185 qui
991 1147 1011 1176 J
1014 1146 1112 1175 asium
1125 1146 1268 1177 Dardani

691 1192 819 1221 fratrem
836 1191 1009 1228 tradidere,
1025 1202 1097 1221 cum
1112 1203 1177 1232 quo
1193 1194 1220 1222 is
1233 1194 1268 1223 in

692 1238 938 1269 Samothraciam
954 1238 1031 1268 abiit
1041 1260 1049 1275 ,
1066 1245 1102 1267 ut
1118 1238 1195 1268 adeo
1207 1250 1268 1279 pa-

693 1291 742 1314 ter
770 1285 962 1325 posteritatis
992 1291 1138 1325 respectu
1166 1285 1270 1316 dictus

693 1331 744 1362 sit.
768 1332 867 1368 Nam,
886 1331 912 1360 si
931 1330 1063 1360 malcum
1082 1338 1180 1361 aetate
1192 1342 1271 1372 pro-

694 1385 814 1407 vectum
832 1378 875 1406 ita
889 1376 1045 1418 designari
1065 1387 1140 1406 cum
1153 1378 1272 1408 Holds-

695 1422 820 1454 wortho
848 1430 964 1453 statuas
975 1446 984 1460 ,
1000 1424 1057 1452 vix
1070 1423 1172 1464 probe
1188 1424 1271 1455 fece-

694 1469 748 1500 ris.
765 1470 866 1510 Igitur
880 1480 955 1499 eum
971 1480 991 1498 a
1015 1480 1077 1509 quo
1097 1472 1273 1501 necessario

696 1515 735 1545 ad
759 1516 953 1546 Dardanum
981 1515 1184 1546 referendum
1212 1518 1273 1553 sit,

696 1563 740 1592 sic
756 1562 863 1592 locum
879 1572 1008 1603 expono
1020 1584 1028 1599 ,
1048 1569 1085 1592 nt
1098 1562 1220 1592 dictum
1234 1563 1275 1592 sit

696 1619 756 1649 pro
771 1619 778 1639 :
796 1620 817 1638 a
832 1608 959 1649 quibus,
976 1619 1033 1638 seu
1050 1618 1058 1638 :
1075 1609 1253 1638 Dardanus
1265 1631 1274 1644 ,

697 1665 767 1684 cnm
784 1654 885 1691 Jasio,
907 1665 928 1683 a
945 1665 1007 1694 quo
1023 1654 1194 1689 Dardano,
1213 1661 1275 1685 etc.

698 1701 851 1740 Princeps
865 1700 897 1730 h.
920 1700 942 1730 l.
963 1706 1074 1729 auctor
1097 1701 1203 1740 stirpis
1225 1701 1277 1730 vel

699 1747 832 1787 generis,
864 1745 1034 1784 Corythum
1053 1744 1091 1775 de
1109 1746 1180 1786 ipso
1203 1756 1277 1787 rege

700 1802 734 1821 ac
771 1791 937 1822 conditore
973 1791 1123 1821 Cortonae
1164 1793 1278 1832 accipit
1307 1803 1311 1808 ·

701 1838 829 1868 Cluver.
843 1837 912 1868 Ital.
927 1844 990 1867 ant.
1008 1847 1040 1877 p.
1059 1838 1136 1877 592.
1151 1838 1279 1868 Scilicet

700 1883 805 1914 dictus
829 1883 977 1913 conditor
1001 1893 1061 1923 pro
1086 1884 1154 1924 ipsa
1177 1884 1278 1921 urhe,

701 1937 732 1960 et
754 1929 787 1960 h.
807 1930 829 1960 l.
857 1940 916 1970 pro
940 1934 1006 1959 ’tota
1031 1929 1140 1967 Italia,
1168 1931 1278 1961 saltem

700 1976 825 2006 Etruria
843 1986 877 2006 ac
891 1974 1029 2006 finitimo
1043 1977 1133 2006 Latio
1148 1985 1156 2006 ε
1170 1983 1208 2006 ut
1226 1987 1277 2018 ap.

699 2022 859 2053 Rutilium
887 2021 1017 2061 Corythi
1033 2022 1171 2062 populos
1196 2025 1279 2064 Tyr-

701 2068 821 2099 rheniae
848 2068 955 2098 malim
973 2078 1154 2109 exponere,
1177 2076 1207 2099 et
1222 2069 1280 2099 inf.

698 2115 755 2145 lib.
775 2117 834 2153 lx,
850 2125 889 2146 ιο
909 2122 1070 2145 extremas
1085 2114 1282 2156 Cory-thipe-

701 2161 837 2192 necravie
861 2161 908 2192 ad
928 2161 1026 2192 urbes.
1045 2179 1093 2184 —-
1113 2162 1188 2192 168.
1210 2163 1282 2191 Ves-

1111 2213 1153 2248 18
