1402 2460
592 138 713 169 LIBER
738 138 793 167 1V.

1232 135 1292 163 331

97 194 237 230 Verum
254 206 389 244 anceps
406 207 541 244 pugnae
559 195 682 233 fuerat
700 196 851 232 fortuna
856 222 916 231 .....
932 194 1095 232 Fuisset!

99 254 222 297 Quem
239 254 357 290 metui
377 254 584 292 moritura?
604 259 718 293 Faces
735 255 775 292 in
794 263 916 292 castra
935 254 1120 298 tulissem,

98 310 389 361 Implessemque
408 312 510 350 foros
530 314 711 360 flammis,
729 321 936 363 natumque
955 322 1176 363 patremque

1245 318 1294 341 605

97 371 191 406 Cum
208 384 344 420 genere
361 373 590 420 exstinxem‚
608 383 745 411 memet
761 386 877 423 super
893 374 976 423 ipsa
995 372 1231 411 dedissem...

98 430 182 476 Sol,
198 431 264 480 qui
282 440 469 469 terrarum
486 433 644 471 flammis
663 447 781 484 opera
797 435 924 471 omnia
940 434 1094 479 lustras,

97 492 231 540 Tuque
250 491 385 528 harum
404 493 590 544 interpres
609 506 787 531 curarum
806 502 843 530 et
862 494 1011 531 conscia
1028 495 1049 530 J
1052 505 1145 537 uno,

97 550 378 600 Nocturnisque
395 555 535 590 Hecate
555 547 675 591 triviis
692 554 834 590 ululata
850 567 919 603 per
938 552 1063 598 urbis,

92 693 216 724 ponere
226 695 238 719 ,·
253 684 318 713 duo
333 685 416 724 apud
436 688 606 717 Burmann.
619 699 669 728 op-

91 740 233 770 ponere,
250 730 327 760 alter
351 732 464 762 Hamb.
494 733 668 774 imponere.

96 776 157 807 Sed
169 787 293 816 ponere
305 799 312 813 ‚
333 788 391 818 pro
410 789 590 819 apponere,
610 780 669 811 fre-

97 834 198 863 quens
218 824 330 864 poetiS.
341 841 387 846 —
396 826 576 866 Patrz'isque
594 838 668 867 epu—

97 870 231 898 landum
244 880 367 909 ponere
377 872 494 902 mensis
502 876 518 902 ,³
528 874 669 915 Respicit

96 917 122 945 T
124 916 243 956 hyestae
257 916 309 945 vel
326 918 418 948 Terei
431 928 563 949 coenam.

142 962 337 992 603-—606.
355 966 403 994 En
425 964 594 1004 affectum,
612 966 668 1006 qui

95 1008 189 1038 altius
199 1008 366 1048 adsurgere
375 1018 428 1040 aut
438 1011 609 1051 procedere
619 1023 670 1041 ne-

95 1056 177 1094 quit.
204 1055 313 1094 Itaque
333 1068 413 1087 vers.
436 1058 500 1095 607
526 1057 608 1087 bene
631 1059 687 1087 ad·

95 1101 178 1131 diras
211 1105 370 1132 convertit
408 1114 439 1132 se
450 1126 458 1140 ‚
494 1109 524 1131 at
555 1112 670 1143 quanta

97 1158 172 1177 cum
189 1154 253 1176 arte
275 1147 343 1178 illas
365 1148 405 1177 ad
429 1149 612 1188 religiosum
633 1161 669 1180 ac

96 1204 219 1223 sacrum
234 1193 370 1234 aliquem
380 1195 545 1224 horrorem
561 1202 670 1225 attem-

96 1240 234 1281 peravit!
262 1258 309 1263 —-
328 1242 406 1276 604.
441 1243 540 1280 Quem
581 1241 673 1272 timui

97 1286 193 1317 Goth.
211 1293 282 1317 tert.
298 1289 407 1318 Heius.
422 1288 506 1325 conj.
523 1287 554 1316 in
566 1295 670 1318 trans-

96 1341 165 1370 tra,
181 1334 236 1363 sed
254 1340 359 1362 castra
378 1334 450 1374 plus
463 1335 596 1373 poeticae
618 1346 671 1364 au-

96 1379 193 1410 daciae
214 1380 377 1410 habet.--
390 1382 491 1420 Quem
511 1380 604 1410 timui
628 1392 670 1412 m.

96 1427 262 1468 praeclare,
278 1437 339 1467 pro
354 1427 492 1467 vulgari:
503 1426 581 1467 quid
593 1427 672 1457 mihi

96 1473 304 1503 metuendum
330 1473 457 1509 fuisset,
486 1483 558 1503 cum
589 1475 672 1504 mori

96 1520 357 1550 decreverim?ln
371 1527 477 1549 castra
487 1542 496 1555 ,
513 1519 546 1550 h.
562 1520 583 1550 I.
594 1521 670 1550 clas-

97 1577 173 1597 sem.
185 1568 244 1603 111,
261 1567 279 1596 5
288 1577 326 1606 ¹9
339 1568 406 1595 Dat
415 1567 538 1597 clarum
549 1567 674 1608 epuppi

97 1613 223 1653 signnm
233 1625 245 1649 ;
257 1624 315 1642 nos
329 1621 435 1643 castra
446 1625 614 1645 movemus.
625 1633 671 1637 -

99 1660 177 1690 605.
190 1661 304 1694 Foras,
308 1658 416 1700 fores,
426 1659 535 1700 feros,
553 1661 673 1690 aberra-

97 1708 198 1736 tiones
206 1706 407 1736 librariorum
413 1709 498 1737 .—F
497 1718 578 1744 oros,
587 1707 674 1736 tabu-

97 1753 207 1789 latum,
218 1763 277 1793 pro
288 1753 362 1792 ipsis
376 1753 522 1783 navibus.
532 1771 578 1776 —-
593 1754 673 1785 606.

99 1801 286 1829 Extinctum
297 1810 344 1839 pr.
357 1801 473 1829 Moret.
484 1799 674 1841 extinguam

98 1848 204 1876 Lutat.
226 1845 265 1875 ad
284 1848 359 1876 Stat.
374 1848 404 1874 V
417 1846 518 1876 Theb.
544 1847 604 1876 128
621 1858 674 1876 ex-

98 1891 293 1928 stinxissem,
313 1891 403 1932 quod
418 1900 463 1921 est
480 1894 671 1933 interpretis,

98 1940 205 1969 Burni.
230 1938 388 1968 estimem
417 1939 482 1968 duo
510 1940 608 1969 Goth.
629 1941 674 1969 Ec

100 1992 216 2015 memet
246 1985 392 2025 quaedam
425 1985 496 2016 edd.
525 2003 571 2009 —--
592 1986 670 2016 Cum

95 2037 233 2071 genere,
245 2033 305 2062 int.
321 2033 486 2070 Trojanos.
503 2032 670 2062 Dedissem

99 2078 133 2107 iu
158 2078 274 2118 ignem.
304 2077 344 2108 cf.
378 2079 518 2108 furorem
549 2079 672 2109 Medeae

101 2124 185 2164 apud
199 2124 351 2165 Apollon.
371 2126 418 2155 IV
429 2148 437 2163 ‚
456 2127 521 2166 392
536 2143 582 2148 —
594 2126 670 2166 394.

147 2171 211 2208 607
230 2189 276 2194 --
293 2172 371 2203 612.
399 2172 499 2209 Solis,
522 2179 673 2212 tanquam

101 2218 152 2247 dei
171 2214 384 2260 πανδερκοῦς,
407 2218 548 2260 adeoque
572 2226 603 2248 et
625 2220 674 2248 in-

99 2265 190 2303 juriae
222 2265 426 2305 inspectoris,
456 2273 492 2295 ut
520 2266 553 2295 in
575 2265 673 2295 foede-

723 686 811 716 ribus,
828 685 880 727 (v.
904 685 994 715 Iliad.
1011 696 1030 717 η
1042 707 1051 722 ,
1073 694 1134 722 277
1150 705 1158 721 ,
1189 689 1220 713 et
1238 683 1296 713 ins.

723 735 786 764 XII
801 756 809 770 ‚
830 744 841 762 1
851 731 928 771 76),
941 733 984 761 ita
999 732 1034 760 iu
1052 729 1129 760 diris
1146 729 1298 759 sollenuis

723 780 854 810 mentio.
882 777 982 808 Cerda
1006 777 1114 807 laudat
1132 775 1297 816 Sophoclis

721 826 830 856 locum
845 824 935 862 Ajae.
954 823 1020 853 860
1035 833 1102 863 sqq.
1117 822 1202 851 conf.
1217 821 1296 851 ibid.

725 873 790 912 839
805 881 851 910 sq.
869 870 935 899 850
953 880 1021 909 sqq.
1037 868 1131 899 Adde
1145 869 1240 898 Ennii
1255 867 1299 897 lo-

721 929 795 949 cum
810 927 851 947 ex
859 915 972 946 Medea
982 914 1152 956 Euripidea
1160 924 1191 944 v.
1210 914 1295 943 1251

721 976 790 1006 sqq.
800 973 991 994 conversum
1000 962 1034 991 iu
1043 963 1164 1002 Fragm.
1176 971 1208 1000 p.
1223 961 1297 990 208.

724 1014 853 1041 Lustras
871 1009 910 1038 de
932 1018 1045 1045 cursu,
1060 1014 1098 1037 ut
1123 1017 1195 1046 sup.
1211 1018 1242 1037 v.
1263 1006 1296 1035 6.

724 1060 928 1088 Burmannus
948 1065 1010 1096 pro
1026 1054 1166 1084 illustras
1181 1054 1299 1092 accipe—

723 1115 756 1133 re
773 1103 929 1138 malebat;
949 1103 1055 1131 minus
1070 1100 1207 1141 poetice.
1231 1101 1297 1129 Ho—

724 1150 879 1179 mericum
896 1158 905 1178 :
922 1145 1022 1182 ἠέλιός
1037 1149 1062 1178 θ’
1076 1145 1105 1181 ὃς
1122 1142 1216 1175 πάντ’
1231 1145 1300 1186 &epo-

725 1196 779 1238 ρᾷς
805 1191 859 1224 καὶ
892 1193 986 1225 πάντ’
1013 1192 1177 1228 ἐπακούεις
1207 1192 1296 1222 Iliad.

724 1254 746 1285 γ
755 1265 764 1278 ,
776 1252 815 1279 27
824 1251 839 1278 7
850 1263 858 1277 ,
873 1243 1048 1281 comparari
1058 1250 1127 1270 non
1143 1239 1296 1270 debebat:

724 1289 770 1318 ibi
793 1286 849 1317 Sol
870 1286 987 1316 dicitur
1006 1286 1116 1317 omnia
1138 1285 1254 1316 intueri
1269 1293 1302 1314 et

725 1333 857 1369 mtdire5
886 1343 957 1373 quae
987 1334 1111 1363 diversa
1136 1339 1168 1362 et
1196 1331 1299 1361 multo

725 1381 907 1421 augustiora
943 1387 1038 1416 sunt,
1069 1389 1165 1419 quam
1200 1378 1299 1408 solem

726 1438 836 1457 omnes
871 1433 969 1456 terras
1005 1427 1157 1463 lustrare,
1193 1424 1295 1459 obire,

726 1484 823 1504 cursu
857 1483 928 1502 suo.
947 1474 1115 1502 Terrarum
1140 1482 1238 1512 opera
1264 1477 1301 1500 ut

726 1520 805 1564 ἔργα
820 1543 828 1557 ,
861 1520 992 1560 proprie
1021 1519 1060 1549 de
1088 1519 1182 1548 cultis
1208 1517 1297 1547 locis.

725 1570 810 1597 szo
833 1565 887 1608 (ut
914 1563 985 1606 sup'.
1014 1577 1044 1596 v.
1076 1566 1117 1605 59
1144 1566 1178 1594 in
1204 1564 1300 1593 sacris

724 1613 881 1643 mactabat
905 1611 1051 1642 bidentes
1081 1611 1206 1641 Jnnom'
1224 1618 1300 1640 ante

726 1670 855 1695 omnes,
873 1660 926 1689 cui
950 1658 1066 1688 ‘vincla
1087 1657 1221 1699 jugalia
1248 1668 1299 1686 cu-

727 1705 789 1746 rce)
803 1702 956 1749 γαμῆλως
975 1703 1142 1746 (pronuba
1156 1715 1186 1734 v.
1202 1703 1265 1732 166
1276 1701 1299 1743 )‚

727 1752 759 1782 h.
774 1753 796 1782 l.
814 1759 861 1781 est
883 1751 1036 1791 interpres
1053 1757 1084 1779 ec
1101 1749 1230 1779 conscia
1249 1760 1301 1778 cn-

728 1809 835 1828 rarmn
849 1796 961 1828 harum
972 1820 981 1833 ,
1000 1797 1096 1835 hujus
1111 1797 1226 1826 amoris
1245 1802 1300 1825 aut

730 1845 890 1885 conjugii,
905 1844 1047 1884 adeoque
1076 1844 1162 1872 testis
1192 1843 1299 1883 perju-

728 1893 763 1920 rii
790 1899 822 1921 et
850 1892 986 1929 injuriae.
1017 1891 1179 1929 Interpres
1205 1890 1300 1918 etiam

725 1939 814 1974 alias,
845 1938 937 1976 cujus
967 1938 1150 1966 interventu
1179 1934 1301 1976 aliquid

725 1983 879 2021 efficitur,
894 1983 927 2014 h.
955 1983 977 2013 l.
1009 1983 1194 2023 nuptiarum
1206 2005 1214 2018 ,
1231 1983 1301 2022 qui-

725 2031 785 2060 bus
803 2030 860 2060 dea
893 2036 1016 2071 praeest.
1033 2047 1079 2052 —
1094 2030 1172 2069 609.
1195 2030 1300 2058 Heca-

726 2086 774 2114 le,
809 2078 862 2107 cui
887 2083 989 2107 noctu
1021 2086 1107 2106 sacra
1139 2075 1301 2106 celebrau-

727 2131 778 2154 tur
794 2134 869 2154 cum
886 2123 1012 2155 ululatu
1023 2145 1031 2160 ‚
1046 2122 1080 2153 h.
1095 2133 1123 2153 e.
1138 2123 1276 2152 carmine
1291 2144 1298 2157 ‚

727 2170 894 2211 precibus,
913 2171 949 2200 in
961 2170 1073 2200 triviis.
1104 2170 1206 2200 Notus
1225 2179 1300 2198 usus

729 2219 814 2247 vocis
842 2217 985 2253 ululare,
1006 2214 1177 2254 ὀλολύζειν,
1196 2217 1230 2245 in
1255 2225 1300 2244 sa-

728 2265 789 2294 cris
799 2286 808 2303 ⁷
830 2274 891 2305 pro
919 2263 1087 2294 inclamare
1097 2285 1106 2301 ‚
1129 2263 1279 2293 invocare
1289 2283 1298 2298 ,
