1423 2517
76 162 92 189 4
577 147 769 179 AENEIDOS

71 212 249 245 substituit,
267 210 322 252 qni
340 210 422 240 inter
438 206 603 249 amplexus
622 214 652 238 et
669 207 776 238 oscula
792 206 924 239 latenter
940 210 1055 250 reginae
1069 217 1205 239 amorem
1226 209 1273 238 iu-

74 277 171 316 spirat
190 276 304 304 AEneoe.

124 526 215 558 ILLE
232 532 322 569 ego,
341 517 407 568 qui
427 517 639 567 quondam,
657 517 788 567 gracili
807 516 1023 555 modulatus
1040 529 1159 554 avena

72 586 230 620 Carmen
243 608 253 626 ,
268 588 327 626 et,
346 591 517 628 egressus
538 577 659 623 silvis,
676 576 801 613 vicina
821 577 947 626 coegi,

73 645 123 680 Ut
143 640 315 691 quamvis
335 638 448 676 avido
471 646 649 688 parerent
669 649 759 673 arva
775 636 931 682 colono;

72 707 231 739 Gratum
250 712 346 749 opus
362 698 535 748 agricolis
554 712 561 733 :
583 706 621 734 at
637 709 738 734 nunc
756 695 951 733 horrentia
971 695 1104 732 Martis

118 834 178 864 Ille
204 843 273 874 ego.
309 830 457 872 Vulgaris
490 831 645 860 sententia

70 886 132 915 est,
145 885 284 920 quatuor
293 877 351 907 hos
362 887 470 907 versus
484 883 644 906 auctorem

69 926 218 956 habuisse
232 923 403 964 Virgilium
415 945 423 959 ,
447 922 502 952 sed
517 933 534 951 a
548 923 645 952 Vario

69 981 135 1002 esse
157 971 307 1000 sublatos.
323 968 419 1009 Quod
439 970 465 998 si
489 969 531 997 ita
550 979 598 997 res
613 978 645 998 se

70 1017 193 1054 habuit,
210 1016 334 1046 acutior
351 1025 426 1044 sane
438 1015 554 1045 Varius
571 1015 645 1043 vir-

71 1064 147 1105 gilio
167 1063 239 1092 fuit.
263 1061 323 1093 Sed
345 1067 448 1090 totum
465 1059 547 1090 illud
562 1070 645 1090 com-

70 1116 215 1140 mentum
240 1105 475 1139 Pseudodonati
496 1104 560 1135 fide
574 1107 646 1135 niti-

70 1163 143 1193 απτ-ς
161 1161 192 1184 et
219 1154 313 1184 nobis
337 1152 468 1194 quidem
491 1153 645 1182 verisimi-

67 1200 129 1230 lius
159 1205 224 1236 est,
249 1210 266 1229 a
294 1199 510 1228 Grammatico
537 1198 645 1239 aliquo

68 1256 178 1277 versus
195 1245 256 1275 hos
279 1255 345 1274 esse
369 1250 508 1280 assutos;
526 1244 645 1273 factum

69 1293 154 1321 enim
168 1298 214 1320 est
229 1290 291 1319 hoc
302 1289 384 1319 idem
395 1290 429 1318 in
442 1289 509 1318 aliis
523 1290 644 1329 poetis;

68 1339 162 1367 etiam
177 1336 255 1366 olim
270 1337 303 1364 in
319 1334 449 1365 Hesiodi
466 1345 561 1375 opere
575 1345 643 1364 rus-

67 1385 131 1414 tico
157 1382 218 1412 hoc
238 1381 299 1411 sibi
316 1382 529 1422 permiserunt
541 1380 645 1421 Rhap-

67 1428 147 1460 sodi.
175 1429 323 1459 Ceterum
349 1428 457 1466 rejecti
485 1428 508 1456 ii
535 1437 645 1456 versus

66 1482 140 1505 sunt
153 1473 410 1504 doctissimorum
423 1474 565 1503 virorum
581 1473 644 1502 suf-

67 1522 183 1562 fragiis,
198 1538 244 1544 --
254 1522 284 1550 A
295 1521 435 1550 carmine
447 1519 599 1549 bucolico
612 1526 644 1549 et

65 1569 215 1608 georgico
237 1566 275 1596 ad
296 1567 461 1597 heroicum
480 1576 512 1595 se
529 1576 641 1606 proce-

63 1613 138 1643 dere
151 1612 322 1654 significat,
338 1613 481 1653 quisquis
493 1612 551 1641 hos
570 1622 639 1641 ver-

62 1669 116 1689 sus
149 1660 284 1699 scripsit.
313 1660 473 1689 Sententia
499 1659 639 1699 integra:

65 1705 126 1735 Ille
156 1716 216 1745 ego
234 1723 280 1728 —
297 1716 383 1734 nunc
410 1704 440 1735 Ιι.
467 1706 512 1734 JI.
545 1715 640 1733 arma

63 1751 234 1791 virumque
249 1752 435 1781 cano.Bene
448 1757 565 1786 autem,
578 1757 639 1780 tam

62 1797 156 1837 longa
169 1799 312 1827 oratione
327 1798 502 1834 interjecta,
516 1803 639 1836 poterat

62 1842 144 1872 illud
157 1851 194 1872 ac
206 1844 240 1872 in
255 1843 387 1883 apodosi
400 1842 521 1883 praefigi
531 1864 539 1879 ,
550 1842 638 1883 quod

65 1890 155 1918 toties
188 1889 309 1918 factum
352 1889 498 1919 videmus
513 1899 521 1926 ;
550 1888 638 1928 quod

63 1933 141 1965 adeo
168 1934 375 1975 reprehendi,
399 1942 455 1965 aut
487 1942 524 1965 at
544 1936 580 1964 in
607 1943 641 1965 et

62 1981 179 2010 mutari
190 1981 300 2011 nolim.
311 1981 444 2022 Reliqua
454 1981 499 2010 sic
505 1982 640 2021 jungen-

64 2025 101 2053 da
119 2035 125 2055 :
142 2027 214 2066 qui,
229 2027 489 2057 modulatus—ec
498 2037 640 2068 egressus

63 2071 163 2107 silvis,
182 2072 192 2112 (
207 2083 240 2101 re
255 2074 403 2112 pecuaria
419 2073 545 2109 relicta,
570 2073 637 2104 Ecl.

64 2118 122 2154 IV,
139 2118 171 2157 3)
181 2119 346 2158 quondam
363 2120 454 2161 coegi
465 2129 541 2149 arva
555 2118 638 2148 ‘vici-

63 2173 122 2198 na,
143 2171 177 2193 ut
198 2172 343 2204 parerent
363 2167 476 2195 colono
497 2165 640 2206 quamvis

60 2209 164 2245 avido,
182 2217 227 2246 ut,
245 2210 319 2240 licet
338 2211 390 2241 ille
405 2212 534 2254 frugum
547 2218 638 2241 terrae

59 2256 98 2284 sit
114 2255 313 2289 avidissimus
325 2279 333 2293 ,
351 2264 456 2288 tamen
474 2259 552 2299 agri,
562 2268 636 2298 pro-

698 836 813 859 ventus
838 828 999 866 ubertate,
1021 827 1187 868 cupiditati
1208 829 1275 867 ejus

699 876 922 905 satisfacerent.
946 874 987 904 cf.
1014 875 1188 905 Burmann.
1211 877 1273 905 Pa-

699 929 771 951 rent
785 931 862 950 arva
881 927 913 950 et
923 930 1002 950 arva
1015 928 1172 961 coguntur
1178 931 1274 961 pare-

702 978 746 1002 re,
766 966 911 1008 agricolae
925 965 1031 996 studio
1045 972 1076 996 et
1085 977 1192 1006 opera,
1203 977 1274 1007 quae

699 1012 879 1043 declaratur
887 1022 905 1041 a
918 1013 1019 1052 poetis
1027 1022 1084 1053 per
1093 1012 1271 1053 imperium,

698 1058 768 1088 vim
779 1082 787 1096 ,
813 1065 845 1089 et
869 1058 982 1088 similia
1002 1067 1009 1089 :
1033 1057 1184 1089 dicuntur
1209 1060 1275 1101 agri

699 1105 845 1143 domari,
858 1104 988 1141 servire,
1002 1115 1132 1145 parere.
1148 1107 1192 1135 At
1209 1105 1272 1136 hoc

699 1151 773 1182 loco
801 1151 840 1182 de
861 1157 966 1192 poeta,
975 1161 1072 1192 super
1098 1161 1132 1181 re
1156 1153 1273 1182 rustica

698 1205 858 1238 praecepta
886 1196 980 1227 dante
990 1219 999 1234 ,
1026 1196 1110 1228 idem
1143 1196 1224 1227 bene
1257 1209 1274 1227 e

697 1244 823 1283 poetica
832 1244 954 1273 ratione
969 1254 1032 1283 qua
1041 1243 1080 1273 ad
1089 1244 1274 1284 praecipien-

699 1295 773 1325 tem,
786 1295 935 1329 tanquam
951 1296 1123 1327 auctorem,
1138 1290 1274 1320 refertur

697 1334 732 1364 id
747 1334 834 1375 quod
848 1335 950 1364 facere
963 1335 1120 1375 praecipit,
1134 1334 1270 1373 dicium

699 1387 730 1411 at
744 1381 826 1411 forte
840 1390 908 1410 nou
923 1381 984 1410 nisi
1001 1381 1037 1410 in
1049 1380 1187 1422 pedestri
1201 1392 1271 1412 ora-

699 1427 786 1457 tione
810 1426 932 1456 dictum
957 1432 1004 1456 est
1018 1436 1026 1457 :
1042 1437 1155 1468 cogere
1180 1438 1267 1464 arva,

698 1480 734 1503 ut
745 1480 899 1513 pareant.
916 1473 1004 1503 Arva
1018 1472 1131 1503 vicina
1148 1475 1272 1514 possint

697 1530 764 1550 non
778 1518 981 1550 incommode
996 1518 1210 1557 dictas-iden,
1221 1521 1272 1550 iis-

696 1565 768 1596 dem
785 1565 880 1602 silvis,
892 1565 956 1595 hoc
973 1572 1029 1603 est,
1044 1567 1180 1606 pascuis,
1193 1566 1270 1596 snb-

691 1612 786 1650 jecta.
818 1614 923 1642 Arma
954 1610 1118 1641 horrentia
1142 1613 1169 1641 si
1195 1620 1271 1642 sunt

693 1658 870 1695 horribilia,
887 1665 1040 1687 novatum
1057 1657 1119 1687 hoc
1135 1668 1200 1688 esse
1213 1669 1271 1699 pu-

695 1704 831 1734 tabimus
842 1727 851 1739 ‚
878 1703 960 1734 forte
992 1703 1032 1733 ab
1059 1705 1129 1744 ipso
1158 1711 1268 1744 poeta;

693 1761 767 1780 nam
780 1750 964 1790 exemplum
981 1749 1078 1788 hujus
1099 1760 1174 1780 usus
1190 1751 1269 1780 anti-

694 1798 787 1837 quius
815 1796 920 1826 adhuc
947 1795 1102 1826 desidero.
1134 1798 1270 1827 Possunt

692 1850 798 1873 tamen
808 1866 816 1880 ‚
832 1849 870 1872 ut
881 1842 948 1872 tela
967 1841 1148 1878 horrentia,
1166 1841 1267 1872 hasta:

691 1888 864 1926 horrentes,
881 1888 959 1918 dnm
973 1895 1096 1925 erectae,
1111 1894 1268 1928 protensae

690 1942 778 1971 sunt,
798 1935 962 1971 dicuntur,
979 1936 1021 1964 ita
1039 1942 1070 1964 et
1085 1944 1179 1963 arma
1194 1933 1266 1963 hor-

691 1981 797 2011 rentia
827 1981 912 2011 dicta
943 1981 1053 2020 accipi.
1080 1981 1147 2010 Nec
1174 1979 1265 2010 aliter

692 2026 854 2056 horrentes
869 2026 999 2063 umbrae,
1016 2026 1074 2056 inf.
1096 2026 1171 2063 165,
1185 2027 1224 2056 31
1237 2037 1263 2063 ι,

691 2074 718 2102 si
735 2073 773 2102 de
785 2073 862 2112 ipsis
880 2071 1048 2101 arboribus
1061 2072 1207 2112 accipias.
1223 2072 1264 2103 cf.

692 2118 731 2148 ad
746 2119 837 2149 lib.X
847 2141 856 2155 ,
867 2119 945 2156 237.
962 2119 1058 2149 Notio
1071 2125 1175 2148 tamen
1190 2118 1264 2149 lior-

691 2166 772 2195 roris
781 2165 866 2195 etsie
880 2165 961 2194 inest
971 2176 979 2201 ;
997 2175 1055 2194 nec
1065 2164 1263 2206 repugnabo,

690 2213 716 2241 si
732 2213 802 2252 quis
814 2210 945 2240 horrens
962 2221 1049 2241 more
1062 2212 1164 2252 poetis
1178 2210 1265 2241 haud

688 2258 883 2298 infrequenti
901 2257 1024 2287 dictum
1041 2267 1108 2287 esse
1131 2263 1263 2287 conten-
