<?xml version="1.0" encoding="UTF-8"?>
<!DOCTYPE html PUBLIC "-//W3C//DTD XHTML 1.0 Transitional//EN"
    "http://www.w3.org/TR/xhtml1/DTD/xhtml1-transitional.dtd">
<html xmlns="http://www.w3.org/1999/xhtml" xml:lang="en" lang="en">
 <head>
  <title>
</title>
<meta http-equiv="Content-Type" content="text/html;charset=utf-8" />
  <meta name='ocr-system' content='tesseract 3.04.00' />
  <meta name='ocr-capabilities' content='ocr_page ocr_carea ocr_par ocr_line ocrx_word'/>
</head>
<body>
  <div class='ocr_page' id='page_1' title='image "./operahey02virguoft_0226.png"; bbox 0 0 1433 2460; ppageno 0'>
   <div class='ocr_carea' id='block_1_1' title="bbox 124 91 188 111">
    <p class='ocr_par' dir='ltr' id='par_1_1' title="bbox 124 91 188 111">
     <span class='ocr_line' id='line_1_1' title="bbox 124 91 188 111; baseline 0 0"><span class='ocrx_word' id='word_1_1' title='bbox 124 91 188 111; x_wconf 78' lang='lat'>212</span> 
     </span>
    </p>
   </div>
   <div class='ocr_carea' id='block_1_2' title="bbox 623 84 817 115">
    <p class='ocr_par' dir='ltr' id='par_1_2' title="bbox 623 84 817 115">
     <span class='ocr_line' id='line_1_2' title="bbox 623 84 817 115; baseline 0.005 -1"><span class='ocrx_word' id='word_1_2' title='bbox 623 84 817 115; x_wconf 72' lang='lat' dir='ltr'>AENEIDOS</span> 
     </span>
    </p>
   </div>
   <div class='ocr_carea' id='block_1_3' title="bbox 120 138 1317 612">
    <p class='ocr_par' dir='ltr' id='par_1_3' title="bbox 120 138 1317 612">
     <span class='ocr_line' id='line_1_3' title="bbox 175 138 1255 192; baseline 0.004 -18"><span class='ocrx_word' id='word_1_3' title='bbox 175 157 188 170; x_wconf 67' lang='lat' dir='ltr'><em>a</em></span> <span class='ocrx_word' id='word_1_4' title='bbox 211 139 352 175; x_wconf 75' lang='lat' dir='ltr'>Bellum</span> <span class='ocrx_word' id='word_1_5' title='bbox 373 138 484 176; x_wconf 77' lang='lat' dir='ltr'>otiam</span> <span class='ocrx_word' id='word_1_6' title='bbox 505 151 576 190; x_wconf 86' lang='lat' dir='ltr'>pro</span> <span class='ocrx_word' id='word_1_7' title='bbox 595 141 696 178; x_wconf 84' lang='lat' dir='ltr'>caede</span> <span class='ocrx_word' id='word_1_8' title='bbox 715 141 831 178; x_wconf 86' lang='lat' dir='ltr'>boum</span> <span class='ocrx_word' id='word_1_9' title='bbox 851 140 1050 191; x_wconf 80' lang='lat' dir='ltr'>stratisque.</span> <span class='ocrx_word' id='word_1_10' title='bbox 1065 141 1255 192; x_wconf 79' lang='lat' dir='ltr'>juvencis,</span> 
     </span>
     <span class='ocr_line' id='line_1_4' title="bbox 121 199 1011 251; baseline 0.001 -14"><span class='ocrx_word' id='word_1_11' title='bbox 121 199 470 246; x_wconf 66' lang='lat' dir='ltr'>Laomedontiaden,</span> <span class='ocrx_word' id='word_1_12' title='bbox 489 200 677 238; x_wconf 83' lang='lat' dir='ltr'>bellumne</span> <span class='ocrx_word' id='word_1_13' title='bbox 696 202 835 238; x_wconf 69' lang='lat' dir='ltr'>inseri-c</span> <span class='ocrx_word' id='word_1_14' title='bbox 854 203 1011 251; x_wconf 82' lang='lat' dir='ltr'>paratis,</span> 
     </span>
     <span class='ocr_line' id='line_1_5' title="bbox 121 259 1011 312; baseline 0.001 -15"><span class='ocrx_word' id='word_1_15' title='bbox 121 263 167 297; x_wconf 90' lang='lat' dir='ltr'>Et</span> <span class='ocrx_word' id='word_1_16' title='bbox 188 259 312 310; x_wconf 83' lang='lat' dir='ltr'>patrio</span> <span class='ocrx_word' id='word_1_17' title='bbox 332 261 518 311; x_wconf 76' lang='lat' dir='ltr'>Harpyias</span> <span class='ocrx_word' id='word_1_18' title='bbox 538 262 693 299; x_wconf 88' lang='lat' dir='ltr'>insontis</span> <span class='ocrx_word' id='word_1_19' title='bbox 714 263 852 311; x_wconf 76' lang='lat' dir='ltr'>pellere</span> <span class='ocrx_word' id='word_1_20' title='bbox 872 264 1011 312; x_wconf 75' lang='lat' dir='ltr'>regno?</span> 
     </span>
     <span class='ocr_line' id='line_1_6' title="bbox 121 319 1317 371; baseline 0.002 -15"><span class='ocrx_word' id='word_1_21' title='bbox 121 319 299 368; x_wconf 82' lang='lat' dir='ltr'>Adcipite</span> <span class='ocrx_word' id='word_1_22' title='bbox 319 332 409 369; x_wconf 85' lang='lat' dir='ltr'>ergo</span> <span class='ocrx_word' id='word_1_23' title='bbox 428 321 579 366; x_wconf 85' lang='lat' dir='ltr'>animis,</span> <span class='ocrx_word' id='word_1_24' title='bbox 599 331 711 371; x_wconf 83' lang='lat' dir='ltr'>atque</span> <span class='ocrx_word' id='word_1_25' title='bbox 730 322 810 358; x_wconf 85' lang='lat' dir='ltr'>haec</span> <span class='ocrx_word' id='word_1_26' title='bbox 830 335 912 359; x_wconf 81' lang='lat' dir='ltr'>mea</span> <span class='ocrx_word' id='word_1_27' title='bbox 932 323 1032 371; x_wconf 74' lang='lat' dir='ltr'>figite</span> <span class='ocrx_word' id='word_1_28' title='bbox 1052 322 1151 359; x_wconf 83' lang='lat' dir='ltr'>(licta</span> <span class='ocrx_word' id='word_1_29' title='bbox 1169 337 1175 357; x_wconf 86' lang='lat'><strong>:</strong></span> <span class='ocrx_word' id='word_1_30' title='bbox 1271 329 1317 353; x_wconf 77' lang='lat'>250</span> 
     </span>
     <span class='ocr_line' id='line_1_7' title="bbox 121 379 1229 434; baseline 0.005 -19"><span class='ocrx_word' id='word_1_31' title='bbox 121 382 217 425; x_wconf 83' lang='lat' dir='ltr'>Qnae</span> <span class='ocrx_word' id='word_1_32' title='bbox 237 379 379 417; x_wconf 80' lang='lat' dir='ltr'><strong>Phoebo</strong></span> <span class='ocrx_word' id='word_1_33' title='bbox 399 390 507 431; x_wconf 84' lang='lat' dir='ltr'>pater</span> <span class='ocrx_word' id='word_1_34' title='bbox 526 381 782 431; x_wconf 87' lang='lat' dir='ltr'>omnipotens,</span> <span class='ocrx_word' id='word_1_35' title='bbox 803 382 895 418; x_wconf 84' lang='lat' dir='ltr'>mihi</span> <span class='ocrx_word' id='word_1_36' title='bbox 915 382 1078 419; x_wconf 81' lang='lat' dir='ltr'>Phoebus</span> <span class='ocrx_word' id='word_1_37' title='bbox 1093 383 1229 434; x_wconf 83' lang='lat' dir='ltr'>Apollo</span> 
     </span>
     <span class='ocr_line' id='line_1_8' title="bbox 121 440 1094 493; baseline 0.003 -17"><span class='ocrx_word' id='word_1_38' title='bbox 121 440 320 487; x_wconf 80' lang='lat' dir='ltr'>Praedixit,</span> <span class='ocrx_word' id='word_1_39' title='bbox 341 441 450 478; x_wconf 88' lang='lat' dir='ltr'>vobis</span> <span class='ocrx_word' id='word_1_40' title='bbox 471 442 669 479; x_wconf 77' lang='lat' dir='ltr'>Furiarum</span> <span class='ocrx_word' id='word_1_41' title='bbox 689 454 759 493; x_wconf 83' lang='lat' dir='ltr'>ego</span> <span class='ocrx_word' id='word_1_42' title='bbox 775 443 938 480; x_wconf 80' lang='lat' dir='ltr'>maxima</span> <span class='ocrx_word' id='word_1_43' title='bbox 958 443 1094 493; x_wconf 84' lang='lat' dir='ltr'>pando.</span> 
     </span>
     <span class='ocr_line' id='line_1_9' title="bbox 120 501 947 553; baseline 0.005 -16"><span class='ocrx_word' id='word_1_44' title='bbox 120 501 267 538; x_wconf 85' lang='lat' dir='ltr'>Italiam</span> <span class='ocrx_word' id='word_1_45' title='bbox 287 515 400 539; x_wconf 88' lang='lat' dir='ltr'>cursu</span> <span class='ocrx_word' id='word_1_46' title='bbox 421 503 567 552; x_wconf 88' lang='lat' dir='ltr'>petitis,</span> <span class='ocrx_word' id='word_1_47' title='bbox 589 503 786 553; x_wconf 79' lang='lat' dir='ltr'>ventisque</span> <span class='ocrx_word' id='word_1_48' title='bbox 803 505 947 541; x_wconf 77' lang='lat' dir='ltr'>vocatis</span> 
     </span>
     <span class='ocr_line' id='line_1_10' title="bbox 120 560 964 612; baseline 0.001 -15"><span class='ocrx_word' id='word_1_49' title='bbox 120 560 229 598; x_wconf 89' lang='lat' dir='ltr'>Ibitis</span> <span class='ocrx_word' id='word_1_50' title='bbox 249 561 416 608; x_wconf 83' lang='lat' dir='ltr'>Italiam,</span> <span class='ocrx_word' id='word_1_51' title='bbox 436 570 646 612; x_wconf 88' lang='lat' dir='ltr'>portusque</span> <span class='ocrx_word' id='word_1_52' title='bbox 667 563 808 599; x_wconf 83' lang='lat' dir='ltr'>intrare</span> <span class='ocrx_word' id='word_1_53' title='bbox 824 562 964 600; x_wconf 82' lang='lat' dir='ltr'>licebit.</span> 
     </span>
    </p>
   </div>
   <div class='ocr_carea' id='block_1_4' title="bbox 122 619 1094 672">
    <p class='ocr_par' dir='ltr' id='par_1_4' title="bbox 122 619 1094 672">
     <span class='ocr_line' id='line_1_11' title="bbox 122 619 1094 672; baseline 0.001 -14"><span class='ocrx_word' id='word_1_54' title='bbox 122 619 198 658; x_wconf 89' lang='lat' dir='ltr'>Sed</span> <span class='ocrx_word' id='word_1_55' title='bbox 216 633 291 657; x_wconf 89' lang='lat' dir='ltr'>non</span> <span class='ocrx_word' id='word_1_56' title='bbox 313 630 398 658; x_wconf 86' lang='lat' dir='ltr'>ante</span> <span class='ocrx_word' id='word_1_57' title='bbox 418 621 544 659; x_wconf 83' lang='lat' dir='ltr'>datam</span> <span class='ocrx_word' id='word_1_58' title='bbox 558 622 714 672; x_wconf 82' lang='lat' dir='ltr'>cingetis</span> <span class='ocrx_word' id='word_1_59' title='bbox 734 622 920 660; x_wconf 81' lang='lat' dir='ltr'>moenibus</span> <span class='ocrx_word' id='word_1_60' title='bbox 940 622 1094 668; x_wconf 88' lang='lat' dir='ltr'>urbem,</span> 
     </span>
    </p>
   </div>
   <div class='ocr_carea' id='block_1_5' title="bbox 1275 630 1322 655">
    <p class='ocr_par' dir='ltr' id='par_1_5' title="bbox 1275 630 1322 655">
     <span class='ocr_line' id='line_1_12' title="bbox 1275 630 1322 655; baseline 0.021 -1"><span class='ocrx_word' id='word_1_61' title='bbox 1275 630 1322 655; x_wconf 73' lang='lat'>25⁵</span> 
     </span>
    </p>
   </div>
   <div class='ocr_carea' id='block_1_6' title="bbox 121 682 1089 912">
    <p class='ocr_par' dir='ltr' id='par_1_6' title="bbox 121 682 1089 792">
     <span class='ocr_line' id='line_1_13' title="bbox 121 682 1089 733; baseline 0.003 -16"><span class='ocrx_word' id='word_1_62' title='bbox 121 683 246 727; x_wconf 85' lang='lat' dir='ltr'>Quam</span> <span class='ocrx_word' id='word_1_63' title='bbox 265 693 333 717; x_wconf 83' lang='lat' dir='ltr'>vos</span> <span class='ocrx_word' id='word_1_64' title='bbox 352 682 435 718; x_wconf 85' lang='lat' dir='ltr'>dira</span> <span class='ocrx_word' id='word_1_65' title='bbox 454 682 569 718; x_wconf 85' lang='lat' dir='ltr'>sames</span> <span class='ocrx_word' id='word_1_66' title='bbox 588 692 802 732; x_wconf 75' lang='lat' dir='ltr'>nostraeque</span> <span class='ocrx_word' id='word_1_67' title='bbox 822 683 959 733; x_wconf 84' lang='lat' dir='ltr'>injuria</span> <span class='ocrx_word' id='word_1_68' title='bbox 977 683 1089 720; x_wconf 83' lang='lat' dir='ltr'>caedis</span> 
     </span>
     <span class='ocr_line' id='line_1_14' title="bbox 122 741 1024 792; baseline 0.002 -14"><span class='ocrx_word' id='word_1_69' title='bbox 122 741 303 779; x_wconf 86' lang='lat' dir='ltr'>Ambesas</span> <span class='ocrx_word' id='word_1_70' title='bbox 322 742 472 792; x_wconf 84' lang='lat' dir='ltr'>subigat</span> <span class='ocrx_word' id='word_1_71' title='bbox 491 743 596 779; x_wconf 87' lang='lat' dir='ltr'>malis</span> <span class='ocrx_word' id='word_1_72' title='bbox 616 742 815 780; x_wconf 79' lang='lat' dir='ltr'>absumere</span> <span class='ocrx_word' id='word_1_73' title='bbox 834 756 990 781; x_wconf 83' lang='lat' dir='ltr'>mensas.</span> <span class='ocrx_word' id='word_1_74' title='bbox 1009 760 1024 776; x_wconf 88' lang='lat'>»</span> 
     </span>
    </p>

    <p class='ocr_par' dir='ltr' id='par_1_7' title="bbox 122 802 1032 912">
     <span class='ocr_line' id='line_1_15' title="bbox 176 802 1032 852; baseline 0.001 -14"><span class='ocrx_word' id='word_1_75' title='bbox 176 802 299 848; x_wconf 86' lang='lat' dir='ltr'>Dixit;</span> <span class='ocrx_word' id='word_1_76' title='bbox 321 810 357 838; x_wconf 92' lang='lat' dir='ltr'>et</span> <span class='ocrx_word' id='word_1_77' title='bbox 375 802 413 838; x_wconf 91' lang='lat' dir='ltr'>in</span> <span class='ocrx_word' id='word_1_78' title='bbox 431 802 563 839; x_wconf 87' lang='lat' dir='ltr'>silvam</span> <span class='ocrx_word' id='word_1_79' title='bbox 585 803 717 852; x_wconf 85' lang='lat' dir='ltr'>pennis</span> <span class='ocrx_word' id='word_1_80' title='bbox 738 802 862 839; x_wconf 85' lang='lat' dir='ltr'>ablata</span> <span class='ocrx_word' id='word_1_81' title='bbox 880 802 1032 852; x_wconf 81' lang='lat' dir='ltr'>refugit.</span> 
     </span>
     <span class='ocr_line' id='line_1_16' title="bbox 122 861 1000 912; baseline 0.001 -15"><span class='ocrx_word' id='word_1_82' title='bbox 122 864 172 898; x_wconf 84' lang='lat' dir='ltr'>At</span> <span class='ocrx_word' id='word_1_83' title='bbox 186 862 298 898; x_wconf 86' lang='lat' dir='ltr'>sociis</span> <span class='ocrx_word' id='word_1_84' title='bbox 318 861 443 898; x_wconf 86' lang='lat' dir='ltr'>subita</span> <span class='ocrx_word' id='word_1_85' title='bbox 463 861 606 911; x_wconf 81' lang='lat' dir='ltr'>gelidus</span> <span class='ocrx_word' id='word_1_86' title='bbox 626 861 830 899; x_wconf 86' lang='lat' dir='ltr'>formidine</span> <span class='ocrx_word' id='word_1_87' title='bbox 849 863 1000 912; x_wconf 83' lang='lat' dir='ltr'>sanguis</span> 
     </span>
    </p>
   </div>
   <div class='ocr_carea' id='block_1_7' title="bbox 122 921 1164 973">
    <p class='ocr_par' dir='ltr' id='par_1_8' title="bbox 122 921 1164 973">
     <span class='ocr_line' id='line_1_17' title="bbox 122 921 1164 973; baseline 0.003 -16"><span class='ocrx_word' id='word_1_88' title='bbox 122 921 314 971; x_wconf 77' lang='lat' dir='ltr'>Deriguit5</span> <span class='ocrx_word' id='word_1_89' title='bbox 335 921 507 958; x_wconf 86' lang='lat' dir='ltr'>cecidere</span> <span class='ocrx_word' id='word_1_90' title='bbox 528 922 659 969; x_wconf 87' lang='lat' dir='ltr'>animi,</span> <span class='ocrx_word' id='word_1_91' title='bbox 678 935 747 959; x_wconf 90' lang='lat' dir='ltr'>nec</span> <span class='ocrx_word' id='word_1_92' title='bbox 761 922 839 973; x_wconf 86' lang='lat' dir='ltr'>jam</span> <span class='ocrx_word' id='word_1_93' title='bbox 855 923 1015 973; x_wconf 86' lang='lat' dir='ltr'>amplius</span> <span class='ocrx_word' id='word_1_94' title='bbox 1033 923 1164 970; x_wconf 85' lang='lat' dir='ltr'>armis,</span> 
     </span>
    </p>
   </div>
   <div class='ocr_carea' id='block_1_8' title="bbox 121 1047 699 2250">
    <p class='ocr_par' dir='ltr' id='par_1_9' title="bbox 122 1047 699 1309">
     <span class='ocr_line' id='line_1_18' title="bbox 171 1047 698 1088; baseline 0.004 -13"><span class='ocrx_word' id='word_1_95' title='bbox 171 1053 248 1084; x_wconf 74' lang='lat'><strong>247.</strong></span> <span class='ocrx_word' id='word_1_96' title='bbox 281 1047 447 1087; x_wconf 84' lang='lat' dir='ltr'>Ingeniose</span> <span class='ocrx_word' id='word_1_97' title='bbox 474 1058 514 1077; x_wconf 87' lang='lat' dir='ltr'>ex</span> <span class='ocrx_word' id='word_1_98' title='bbox 535 1057 592 1085; x_wconf 87' lang='lat' dir='ltr'>eo,</span> <span class='ocrx_word' id='word_1_99' title='bbox 610 1047 698 1088; x_wconf 88' lang='lat' dir='ltr'>quod</span> 
     </span>
     <span class='ocr_line' id='line_1_19' title="bbox 123 1100 699 1133; baseline 0.003 -11"><span class='ocrx_word' id='word_1_100' title='bbox 123 1103 193 1133; x_wconf 88' lang='lat' dir='ltr'>sup.</span> <span class='ocrx_word' id='word_1_101' title='bbox 228 1103 292 1123; x_wconf 85' lang='lat'>220</span> <span class='ocrx_word' id='word_1_102' title='bbox 317 1100 458 1123; x_wconf 83' lang='lat' dir='ltr'>armenta</span> <span class='ocrx_word' id='word_1_103' title='bbox 486 1101 699 1124; x_wconf 80' lang='lat' dir='ltr'>mactaverant</span> 
     </span>
     <span class='ocr_line' id='line_1_20' title="bbox 123 1140 698 1181; baseline -0.002 -11"><span class='ocrx_word' id='word_1_104' title='bbox 123 1140 272 1177; x_wconf 87' lang='lat' dir='ltr'>Trojani,</span> <span class='ocrx_word' id='word_1_105' title='bbox 289 1140 409 1180; x_wconf 85' lang='lat' dir='ltr'>petitur</span> <span class='ocrx_word' id='word_1_106' title='bbox 435 1150 509 1170; x_wconf 88' lang='lat' dir='ltr'>cum</span> <span class='ocrx_word' id='word_1_107' title='bbox 531 1140 698 1181; x_wconf 84' lang='lat' dir='ltr'>epularum</span> 
     </span>
     <span class='ocr_line' id='line_1_21' title="bbox 123 1185 699 1227; baseline 0.002 -12"><span class='ocrx_word' id='word_1_108' title='bbox 123 1185 272 1224; x_wconf 71' lang='lat' dir='ltr'>foedado,</span> <span class='ocrx_word' id='word_1_109' title='bbox 302 1193 455 1227; x_wconf 89' lang='lat' dir='ltr'>tanquam</span> <span class='ocrx_word' id='word_1_110' title='bbox 474 1197 533 1227; x_wconf 88' lang='lat' dir='ltr'>pro</span> <span class='ocrx_word' id='word_1_111' title='bbox 558 1186 699 1216; x_wconf 78' lang='lat' dir='ltr'>vindicta</span> 
     </span>
     <span class='ocr_line' id='line_1_22' title="bbox 122 1233 698 1274; baseline 0.002 -12"><span class='ocrx_word' id='word_1_112' title='bbox 122 1240 153 1262; x_wconf 85' lang='lat' dir='ltr'>et</span> <span class='ocrx_word' id='word_1_113' title='bbox 179 1242 294 1272; x_wconf 80' lang='lat' dir='ltr'>poena,</span> <span class='ocrx_word' id='word_1_114' title='bbox 324 1239 393 1263; x_wconf 87' lang='lat' dir='ltr'>tum</span> <span class='ocrx_word' id='word_1_115' title='bbox 416 1233 583 1274; x_wconf 82' lang='lat' dir='ltr'>praedictio</span> <span class='ocrx_word' id='word_1_116' title='bbox 610 1233 698 1263; x_wconf 84' lang='lat' dir='ltr'>famis</span> 
     </span>
     <span class='ocr_line' id='line_1_23' title="bbox 124 1278 254 1309; baseline 0.015 -2"><span class='ocrx_word' id='word_1_117' title='bbox 124 1278 254 1309; x_wconf 80' lang='lat' dir='ltr'>futurae.</span> 
     </span>
    </p>

    <p class='ocr_par' dir='ltr' id='par_1_10' title="bbox 121 1324 698 1830">
     <span class='ocr_line' id='line_1_24' title="bbox 172 1324 698 1365; baseline 0.004 -11"><span class='ocrx_word' id='word_1_118' title='bbox 172 1331 249 1365; x_wconf 77' lang='lat'><strong>249.</strong></span> <span class='ocrx_word' id='word_1_119' title='bbox 269 1324 358 1355; x_wconf 87' lang='lat' dir='ltr'>Ordo</span> <span class='ocrx_word' id='word_1_120' title='bbox 379 1325 551 1355; x_wconf 83' lang='lat' dir='ltr'>verborum</span> <span class='ocrx_word' id='word_1_121' title='bbox 570 1336 698 1356; x_wconf 85' lang='lat' dir='ltr'>revoca—</span> 
     </span>
     <span class='ocr_line' id='line_1_25' title="bbox 122 1372 697 1412; baseline 0.003 -11"><span class='ocrx_word' id='word_1_122' title='bbox 122 1378 174 1401; x_wconf 84' lang='lat' dir='ltr'>tus</span> <span class='ocrx_word' id='word_1_123' title='bbox 182 1379 227 1401; x_wconf 87' lang='lat' dir='ltr'>est</span> <span class='ocrx_word' id='word_1_124' title='bbox 237 1382 253 1401; x_wconf 90' lang='lat' dir='ltr'>e</span> <span class='ocrx_word' id='word_1_125' title='bbox 266 1372 388 1412; x_wconf 84' lang='lat' dir='ltr'>scriptis</span> <span class='ocrx_word' id='word_1_126' title='bbox 399 1378 430 1401; x_wconf 85' lang='lat' dir='ltr'>et</span> <span class='ocrx_word' id='word_1_127' title='bbox 439 1372 529 1402; x_wconf 88' lang='lat' dir='ltr'>editis</span> <span class='ocrx_word' id='word_1_128' title='bbox 539 1372 578 1402; x_wconf 85' lang='lat' dir='ltr'>ab</span> <span class='ocrx_word' id='word_1_129' title='bbox 588 1374 697 1403; x_wconf 85' lang='lat' dir='ltr'>Heius.</span> 
     </span>
     <span class='ocr_line' id='line_1_26' title="bbox 121 1418 698 1459; baseline 0.002 -12"><span class='ocrx_word' id='word_1_130' title='bbox 121 1425 195 1458; x_wconf 87' lang='lat' dir='ltr'>post</span> <span class='ocrx_word' id='word_1_131' title='bbox 209 1419 358 1448; x_wconf 80' lang='lat' dir='ltr'>Pieriam.</span> <span class='ocrx_word' id='word_1_132' title='bbox 386 1419 496 1459; x_wconf 86' lang='lat' dir='ltr'>Vulgo</span> <span class='ocrx_word' id='word_1_133' title='bbox 520 1419 572 1448; x_wconf 82' lang='lat' dir='ltr'>alii</span> <span class='ocrx_word' id='word_1_134' title='bbox 588 1418 698 1459; x_wconf 79' lang='lat' dir='ltr'>patrio</span> 
     </span>
     <span class='ocr_line' id='line_1_27' title="bbox 122 1463 697 1505; baseline 0.003 -12"><span class='ocrx_word' id='word_1_135' title='bbox 122 1463 261 1494; x_wconf 80' lang='lat' dir='ltr'>insontes</span> <span class='ocrx_word' id='word_1_136' title='bbox 290 1464 464 1505; x_wconf 79' lang='lat' dir='ltr'>Harpyias.</span> <span class='ocrx_word' id='word_1_137' title='bbox 507 1466 574 1496; x_wconf 88' lang='lat' dir='ltr'>Nec</span> <span class='ocrx_word' id='word_1_138' title='bbox 603 1465 697 1495; x_wconf 80' lang='lat' dir='ltr'>refert</span> 
     </span>
     <span class='ocr_line' id='line_1_28' title="bbox 121 1510 698 1551; baseline 0.002 -11"><span class='ocrx_word' id='word_1_139' title='bbox 121 1520 188 1551; x_wconf 87' lang='lat' dir='ltr'>quo</span> <span class='ocrx_word' id='word_1_140' title='bbox 197 1510 310 1540; x_wconf 86' lang='lat' dir='ltr'>ordine</span> <span class='ocrx_word' id='word_1_141' title='bbox 322 1510 390 1540; x_wconf 88' lang='lat' dir='ltr'>haec</span> <span class='ocrx_word' id='word_1_142' title='bbox 403 1522 435 1541; x_wconf 91' lang='lat' dir='ltr'>se</span> <span class='ocrx_word' id='word_1_143' title='bbox 445 1511 605 1551; x_wconf 80' lang='lat' dir='ltr'>excipiant</span> <span class='ocrx_word' id='word_1_144' title='bbox 613 1533 622 1548; x_wconf 90' lang='lat'>‚</span> <span class='ocrx_word' id='word_1_145' title='bbox 632 1522 698 1541; x_wconf 93' lang='lat' dir='ltr'>mo-</span> 
     </span>
     <span class='ocr_line' id='line_1_29' title="bbox 122 1556 697 1597; baseline 0.002 -11"><span class='ocrx_word' id='word_1_146' title='bbox 122 1556 164 1586; x_wconf 89' lang='lat' dir='ltr'>do</span> <span class='ocrx_word' id='word_1_147' title='bbox 180 1567 220 1587; x_wconf 87' lang='lat' dir='ltr'>ne</span> <span class='ocrx_word' id='word_1_148' title='bbox 235 1568 309 1586; x_wconf 88' lang='lat' dir='ltr'>cum</span> <span class='ocrx_word' id='word_1_149' title='bbox 325 1558 456 1588; x_wconf 81' lang='lat' dir='ltr'>Heinsio</span> <span class='ocrx_word' id='word_1_150' title='bbox 478 1557 641 1597; x_wconf 71' lang='lat' dir='ltr'>Harpyias</span> <span class='ocrx_word' id='word_1_151' title='bbox 658 1557 697 1587; x_wconf 84' lang='lat' dir='ltr'>ad</span> 
     </span>
     <span class='ocr_line' id='line_1_30' title="bbox 122 1603 698 1644; baseline 0.003 -12"><span class='ocrx_word' id='word_1_152' title='bbox 122 1610 288 1643; x_wconf 85' lang='lat' dir='ltr'>quaternas</span> <span class='ocrx_word' id='word_1_153' title='bbox 318 1603 454 1644; x_wconf 76' lang='lat' dir='ltr'>syUabas</span> <span class='ocrx_word' id='word_1_154' title='bbox 476 1614 625 1641; x_wconf 84' lang='lat' dir='ltr'>revoces;</span> <span class='ocrx_word' id='word_1_155' title='bbox 650 1611 698 1634; x_wconf 86' lang='lat' dir='ltr'>est</span> 
     </span>
     <span class='ocr_line' id='line_1_31' title="bbox 122 1650 696 1681; baseline 0.003 -3"><span class='ocrx_word' id='word_1_156' title='bbox 122 1651 208 1679; x_wconf 88' lang='lat' dir='ltr'>enim</span> <span class='ocrx_word' id='word_1_157' title='bbox 235 1650 270 1679; x_wconf 86' lang='lat' dir='ltr'>in</span> <span class='ocrx_word' id='word_1_158' title='bbox 293 1650 413 1680; x_wconf 82' lang='lat' dir='ltr'>Graecis</span> <span class='ocrx_word' id='word_1_159' title='bbox 435 1657 466 1680; x_wconf 87' lang='lat' dir='ltr'>et</span> <span class='ocrx_word' id='word_1_160' title='bbox 486 1651 521 1680; x_wconf 90' lang='lat' dir='ltr'>in</span> <span class='ocrx_word' id='word_1_161' title='bbox 544 1651 696 1681; x_wconf 80' lang='lat' dir='ltr'>Romanis</span> 
     </span>
     <span class='ocr_line' id='line_1_32' title="bbox 121 1695 696 1737; baseline 0.003 -12"><span class='ocrx_word' id='word_1_162' title='bbox 121 1697 224 1736; x_wconf 86' lang='lat' dir='ltr'>poetis</span> <span class='ocrx_word' id='word_1_163' title='bbox 254 1696 482 1737; x_wconf 74' lang='lat' dir='ltr'>trisyllabum:</span> <span class='ocrx_word' id='word_1_164' title='bbox 509 1695 596 1737; x_wconf 89' lang='lat' dir='ltr'>quod</span> <span class='ocrx_word' id='word_1_165' title='bbox 627 1707 696 1727; x_wconf 91' lang='lat' dir='ltr'>mo-</span> 
     </span>
     <span class='ocr_line' id='line_1_33' title="bbox 121 1743 694 1783; baseline 0.005 -12"><span class='ocrx_word' id='word_1_166' title='bbox 121 1743 195 1771; x_wconf 91' lang='lat' dir='ltr'>nuit</span> <span class='ocrx_word' id='word_1_167' title='bbox 229 1753 358 1783; x_wconf 88' lang='lat' dir='ltr'>quoque</span> <span class='ocrx_word' id='word_1_168' title='bbox 397 1743 546 1773; x_wconf 82' lang='lat' dir='ltr'>adversus</span> <span class='ocrx_word' id='word_1_169' title='bbox 585 1745 694 1775; x_wconf 82' lang='lat' dir='ltr'>Heius.</span> 
     </span>
     <span class='ocr_line' id='line_1_34' title="bbox 121 1787 695 1830; baseline 0.009 -13"><span class='ocrx_word' id='word_1_170' title='bbox 121 1787 285 1820; x_wconf 85' lang='lat' dir='ltr'>Schrader.</span> <span class='ocrx_word' id='word_1_171' title='bbox 296 1789 385 1829; x_wconf 83' lang='lat' dir='ltr'>praef.</span> <span class='ocrx_word' id='word_1_172' title='bbox 401 1789 580 1820; x_wconf 86' lang='lat' dir='ltr'>Emendatt.</span> <span class='ocrx_word' id='word_1_173' title='bbox 591 1801 623 1830; x_wconf 89' lang='lat' dir='ltr'>p.</span> <span class='ocrx_word' id='word_1_174' title='bbox 641 1791 695 1830; x_wconf 86' lang='lat'>39.</span> 
     </span>
    </p>

    <p class='ocr_par' dir='ltr' id='par_1_11' title="bbox 122 1827 694 2250">
     <span class='ocr_line' id='line_1_35' title="bbox 170 1827 694 1879; baseline 0.004 -15"><span class='ocrx_word' id='word_1_175' title='bbox 170 1836 364 1866; x_wconf 76' lang='lat'>250—252.</span> <span class='ocrx_word' id='word_1_176' title='bbox 380 1827 462 1867; x_wconf 72' lang='grc' dir='ltr'>Ᾰλλο</span> <span class='ocrx_word' id='word_1_177' title='bbox 483 1832 519 1866; x_wconf 66' lang='grc' dir='ltr'>δε</span> <span class='ocrx_word' id='word_1_178' title='bbox 535 1847 582 1866; x_wconf 83' lang='grc' dir='ltr'>τοι</span> <span class='ocrx_word' id='word_1_179' title='bbox 599 1835 672 1879; x_wconf 76' lang='grc' dir='ltr'>ἐρέω</span> <span class='ocrx_word' id='word_1_180' title='bbox 685 1861 694 1875; x_wconf 91' lang='grc'><strong>,</strong></span> 
     </span>
     <span class='ocr_line' id='line_1_36' title="bbox 122 1877 692 1924; baseline 0.005 -14"><span class='ocrx_word' id='word_1_181' title='bbox 122 1877 158 1910; x_wconf 60' lang='grc' dir='ltr'>σὺ</span> <span class='ocrx_word' id='word_1_182' title='bbox 172 1877 202 1910; x_wconf 69' lang='grc' dir='ltr'>δ’</span> <span class='ocrx_word' id='word_1_183' title='bbox 218 1879 259 1912; x_wconf 83' lang='grc' dir='ltr'>ἐνὶ</span> <span class='ocrx_word' id='word_1_184' title='bbox 279 1879 366 1924; x_wconf 76' lang='grc' dir='ltr'>φρεσὶ</span> <span class='ocrx_word' id='word_1_185' title='bbox 385 1880 498 1920; x_wconf 66' lang='grc' dir='ltr'>βάλλεο</span> <span class='ocrx_word' id='word_1_186' title='bbox 517 1884 586 1917; x_wconf 82' lang='grc' dir='ltr'>σῆσι</span> <span class='ocrx_word' id='word_1_187' title='bbox 603 1883 692 1914; x_wconf 85' lang='lat' dir='ltr'>Iliad.</span> 
     </span>
     <span class='ocr_line' id='line_1_37' title="bbox 125 1928 692 1970; baseline 0.007 -14"><span class='ocrx_word' id='word_1_188' title='bbox 125 1937 162 1963; x_wconf 83' lang='grc' dir='ltr'>αι,</span> <span class='ocrx_word' id='word_1_189' title='bbox 185 1937 246 1967; x_wconf 83' lang='lat'>297</span> <span class='ocrx_word' id='word_1_190' title='bbox 274 1935 306 1958; x_wconf 89' lang='lat' dir='ltr'>et</span> <span class='ocrx_word' id='word_1_191' title='bbox 328 1928 414 1959; x_wconf 80' lang='lat' dir='ltr'>alibi.</span> <span class='ocrx_word' id='word_1_192' title='bbox 443 1931 543 1960; x_wconf 91' lang='lat' dir='ltr'>Porro</span> <span class='ocrx_word' id='word_1_193' title='bbox 567 1930 692 1970; x_wconf 78' lang='lat' dir='ltr'>Apolli-</span> 
     </span>
     <span class='ocr_line' id='line_1_38' title="bbox 124 1974 694 2014; baseline 0.007 -12"><span class='ocrx_word' id='word_1_194' title='bbox 124 1983 197 2002; x_wconf 86' lang='lat' dir='ltr'>nem</span> <span class='ocrx_word' id='word_1_195' title='bbox 208 1996 216 2010; x_wconf 93' lang='lat'>,</span> <span class='ocrx_word' id='word_1_196' title='bbox 234 1985 304 2014; x_wconf 87' lang='lat' dir='ltr'>quae</span> <span class='ocrx_word' id='word_1_197' title='bbox 329 1974 426 2012; x_wconf 82' lang='lat' dir='ltr'>dicit,</span> <span class='ocrx_word' id='word_1_198' title='bbox 443 1986 458 2005; x_wconf 92' lang='lat' dir='ltr'>a</span> <span class='ocrx_word' id='word_1_199' title='bbox 476 1977 559 2006; x_wconf 91' lang='lat' dir='ltr'>Jove</span> <span class='ocrx_word' id='word_1_200' title='bbox 577 1975 694 2006; x_wconf 84' lang='lat' dir='ltr'>hahere</span> 
     </span>
     <span class='ocr_line' id='line_1_39' title="bbox 123 2021 693 2053; baseline 0.009 -5"><span class='ocrx_word' id='word_1_201' title='bbox 123 2029 172 2048; x_wconf 84' lang='lat' dir='ltr'>res</span> <span class='ocrx_word' id='word_1_202' title='bbox 187 2030 272 2049; x_wconf 89' lang='lat' dir='ltr'>nune</span> <span class='ocrx_word' id='word_1_203' title='bbox 287 2027 372 2052; x_wconf 85' lang='lat' dir='ltr'>uota.</span> <span class='ocrx_word' id='word_1_204' title='bbox 387 2021 427 2052; x_wconf 90' lang='lat' dir='ltr'>cf.</span> <span class='ocrx_word' id='word_1_205' title='bbox 452 2023 503 2052; x_wconf 89' lang='lat' dir='ltr'>vel</span> <span class='ocrx_word' id='word_1_206' title='bbox 520 2022 552 2052; x_wconf 89' lang='lat' dir='ltr'>h.</span> <span class='ocrx_word' id='word_1_207' title='bbox 572 2022 594 2053; x_wconf 93' lang='lat' dir='ltr'>l.</span> <span class='ocrx_word' id='word_1_208' title='bbox 618 2022 693 2053; x_wconf 86' lang='lat' dir='ltr'>Cer-</span> 
     </span>
     <span class='ocr_line' id='line_1_40' title="bbox 123 2064 694 2099; baseline 0.009 -6"><span class='ocrx_word' id='word_1_209' title='bbox 123 2064 195 2094; x_wconf 87' lang='lat' dir='ltr'>dam</span> <span class='ocrx_word' id='word_1_210' title='bbox 209 2072 240 2094; x_wconf 90' lang='lat' dir='ltr'>et</span> <span class='ocrx_word' id='word_1_211' title='bbox 255 2067 361 2097; x_wconf 89' lang='lat' dir='ltr'>Burm.</span> <span class='ocrx_word' id='word_1_212' title='bbox 379 2067 417 2097; x_wconf 89' lang='lat' dir='ltr'>ad</span> <span class='ocrx_word' id='word_1_213' title='bbox 434 2070 521 2099; x_wconf 84' lang='lat' dir='ltr'>Serv.</span> <span class='ocrx_word' id='word_1_214' title='bbox 531 2068 637 2099; x_wconf 86' lang='lat' dir='ltr'>Verba</span> <span class='ocrx_word' id='word_1_215' title='bbox 654 2079 694 2098; x_wconf 81' lang='lat' dir='ltr'>ex</span> 
     </span>
     <span class='ocr_line' id='line_1_41' title="bbox 123 2106 694 2156; baseline 0.009 -16"><span class='ocrx_word' id='word_1_216' title='bbox 123 2110 265 2152; x_wconf 80' lang='lat' dir='ltr'>AEschyh&#39;</span> <span class='ocrx_word' id='word_1_217' title='bbox 286 2112 405 2151; x_wconf 83' lang='lat' dir='ltr'>fabula,</span> <span class='ocrx_word' id='word_1_218' title='bbox 427 2106 538 2156; x_wconf 68' lang='grc' dir='ltr'>ἱέρειαι</span> <span class='ocrx_word' id='word_1_219' title='bbox 561 2115 694 2155; x_wconf 85' lang='lat' dir='ltr'>inscrip-</span> 
     </span>
     <span class='ocr_line' id='line_1_42' title="bbox 124 2157 694 2198; baseline 0.009 -12"><span class='ocrx_word' id='word_1_220' title='bbox 124 2164 172 2194; x_wconf 86' lang='lat' dir='ltr'>ta,</span> <span class='ocrx_word' id='word_1_221' title='bbox 191 2157 288 2198; x_wconf 78' lang='lat' dir='ltr'>petita</span> <span class='ocrx_word' id='word_1_222' title='bbox 312 2168 376 2188; x_wconf 90' lang='lat' dir='ltr'>esse</span> <span class='ocrx_word' id='word_1_223' title='bbox 404 2161 474 2190; x_wconf 78' lang='lat' dir='ltr'>vult</span> <span class='ocrx_word' id='word_1_224' title='bbox 503 2160 647 2191; x_wconf 83' lang='lat' dir='ltr'>Macrob.</span> <span class='ocrx_word' id='word_1_225' title='bbox 663 2163 694 2191; x_wconf 88' lang='lat' dir='ltr'><strong>V</strong></span> 
     </span>
     <span class='ocr_line' id='line_1_43' title="bbox 125 2203 692 2250; baseline 0.007 -16"><span class='ocrx_word' id='word_1_226' title='bbox 125 2205 186 2234; x_wconf 83' lang='lat' dir='ltr'>Sat.</span> <span class='ocrx_word' id='word_1_227' title='bbox 209 2210 289 2234; x_wconf 82' lang='lat' dir='ltr'>extr.</span> <span class='ocrx_word' id='word_1_228' title='bbox 313 2203 435 2247; x_wconf 63' lang='grc' dir='ltr'>Πατρὶς</span> <span class='ocrx_word' id='word_1_229' title='bbox 451 2205 610 2250; x_wconf 65' lang='grc' dir='ltr'>προφήτης</span> <span class='ocrx_word' id='word_1_230' title='bbox 630 2203 692 2238; x_wconf 81' lang='grc' dir='ltr'>ἐστὶ</span> 
     </span>
    </p>
   </div>
   <div class='ocr_carea' id='block_1_9' title="bbox 1276 933 1324 957">
    <p class='ocr_par' dir='ltr' id='par_1_12' title="bbox 1276 933 1324 957">
     <span class='ocr_line' id='line_1_44' title="bbox 1276 933 1324 957; baseline -0.042 0"><span class='ocrx_word' id='word_1_231' title='bbox 1276 933 1324 957; x_wconf 78' lang='lat'>260</span> 
     </span>
    </p>
   </div>
   <div class='ocr_carea' id='block_1_10' title="bbox 745 1045 1354 2248">
    <p class='ocr_par' dir='ltr' id='par_1_13' title="bbox 750 1045 1328 1366">
     <span class='ocr_line' id='line_1_45' title="bbox 751 1045 1323 1092; baseline 0 -14"><span class='ocrx_word' id='word_1_232' title='bbox 751 1046 864 1085; x_wconf 74' lang='grc' dir='ltr'><strong>Λοξίας</strong></span> <span class='ocrx_word' id='word_1_233' title='bbox 879 1045 965 1085; x_wconf 67' lang='grc' dir='ltr'>Διᾶς;</span> <span class='ocrx_word' id='word_1_234' title='bbox 981 1055 1011 1077; x_wconf 77' lang='lat' dir='ltr'>et</span> <span class='ocrx_word' id='word_1_235' title='bbox 1025 1049 1127 1078; x_wconf 69' lang='grc' dir='ltr'>ταιῦτα.</span> <span class='ocrx_word' id='word_1_236' title='bbox 1140 1045 1203 1092; x_wconf 71' lang='grc' dir='ltr'>γὰρ</span> <span class='ocrx_word' id='word_1_237' title='bbox 1218 1047 1323 1090; x_wconf 66' lang='grc' dir='ltr'>πατὴρ</span> 
     </span>
     <span class='ocr_line' id='line_1_46' title="bbox 752 1092 1323 1138; baseline 0 -14"><span class='ocrx_word' id='word_1_238' title='bbox 752 1093 823 1130; x_wconf 78' lang='grc' dir='ltr'>Ζεὺς</span> <span class='ocrx_word' id='word_1_239' title='bbox 840 1092 978 1138; x_wconf 73' lang='grc' dir='ltr'>ἐγκαθίει</span> <span class='ocrx_word' id='word_1_240' title='bbox 995 1092 1092 1136; x_wconf 62' lang='grc' dir='ltr'>Λοξίᾳ</span> <span class='ocrx_word' id='word_1_241' title='bbox 1115 1092 1323 1136; x_wconf 75' lang='grc' dir='ltr'>θεσπίσματα.</span> 
     </span>
     <span class='ocr_line' id='line_1_47' title="bbox 751 1140 1328 1182; baseline -0.002 -11"><span class='ocrx_word' id='word_1_242' title='bbox 751 1141 919 1172; x_wconf 81' lang='lat' dir='ltr'>Furiarum</span> <span class='ocrx_word' id='word_1_243' title='bbox 948 1152 1007 1182; x_wconf 73' lang='lat' dir='ltr'>ego</span> <span class='ocrx_word' id='word_1_244' title='bbox 1026 1140 1190 1178; x_wconf 69' lang='lat' dir='ltr'>maxima,</span> <span class='ocrx_word' id='word_1_245' title='bbox 1209 1141 1328 1170; x_wconf 84' lang='lat' dir='ltr'>scilicet</span> 
     </span>
     <span class='ocr_line' id='line_1_48' title="bbox 753 1187 1328 1228; baseline -0.002 -11"><span class='ocrx_word' id='word_1_246' title='bbox 753 1188 892 1218; x_wconf 82' lang='lat' dir='ltr'>confusae</span> <span class='ocrx_word' id='word_1_247' title='bbox 914 1187 1041 1217; x_wconf 86' lang='lat' dir='ltr'>tandem</span> <span class='ocrx_word' id='word_1_248' title='bbox 1066 1188 1154 1218; x_wconf 85' lang='lat' dir='ltr'>fuere</span> <span class='ocrx_word' id='word_1_249' title='bbox 1177 1188 1328 1228; x_wconf 82' lang='lat' dir='ltr'>Harpyiae</span> 
     </span>
     <span class='ocr_line' id='line_1_49' title="bbox 753 1234 1328 1264; baseline -0.003 0"><span class='ocrx_word' id='word_1_250' title='bbox 753 1245 826 1264; x_wconf 89' lang='lat' dir='ltr'>cum</span> <span class='ocrx_word' id='word_1_251' title='bbox 842 1235 955 1264; x_wconf 86' lang='lat' dir='ltr'>Furiis.</span> <span class='ocrx_word' id='word_1_252' title='bbox 971 1236 1020 1264; x_wconf 79' lang='lat' dir='ltr'>Ex</span> <span class='ocrx_word' id='word_1_253' title='bbox 1034 1234 1083 1264; x_wconf 84' lang='lat' dir='ltr'>his</span> <span class='ocrx_word' id='word_1_254' title='bbox 1099 1234 1157 1264; x_wconf 83' lang='lat' dir='ltr'>alia</span> <span class='ocrx_word' id='word_1_255' title='bbox 1182 1241 1229 1264; x_wconf 84' lang='lat' dir='ltr'>est</span> <span class='ocrx_word' id='word_1_256' title='bbox 1249 1241 1328 1263; x_wconf 84' lang='lat' dir='ltr'>nam</span> 
     </span>
     <span class='ocr_line' id='line_1_50' title="bbox 751 1279 1326 1321; baseline -0.003 -10"><span class='ocrx_word' id='word_1_257' title='bbox 751 1282 852 1319; x_wconf 88' lang='lat' dir='ltr'>major</span> <span class='ocrx_word' id='word_1_258' title='bbox 871 1288 901 1310; x_wconf 89' lang='lat' dir='ltr'>et</span> <span class='ocrx_word' id='word_1_259' title='bbox 915 1282 1030 1311; x_wconf 86' lang='lat' dir='ltr'>minor.</span> <span class='ocrx_word' id='word_1_260' title='bbox 1047 1292 1078 1311; x_wconf 78' lang='lat' dir='ltr'>v.</span> <span class='ocrx_word' id='word_1_261' title='bbox 1095 1281 1206 1321; x_wconf 89' lang='lat' dir='ltr'>Eurip.</span> <span class='ocrx_word' id='word_1_262' title='bbox 1222 1279 1326 1321; x_wconf 86' lang='lat' dir='ltr'>Iphig.</span> 
     </span>
     <span class='ocr_line' id='line_1_51' title="bbox 750 1327 1169 1366; baseline -0.005 -8"><span class='ocrx_word' id='word_1_263' title='bbox 750 1329 785 1358; x_wconf 90' lang='lat' dir='ltr'>in</span> <span class='ocrx_word' id='word_1_264' title='bbox 798 1329 894 1358; x_wconf 82' lang='lat' dir='ltr'>Taur.</span> <span class='ocrx_word' id='word_1_265' title='bbox 912 1328 977 1366; x_wconf 82' lang='lat'>963</span> <span class='ocrx_word' id='word_1_266' title='bbox 993 1338 1001 1364; x_wconf 88' lang='lat'>;</span> <span class='ocrx_word' id='word_1_267' title='bbox 1018 1330 1073 1358; x_wconf 90' lang='lat' dir='ltr'>Or.</span> <span class='ocrx_word' id='word_1_268' title='bbox 1091 1327 1169 1366; x_wconf 85' lang='lat'>961.</span> 
     </span>
    </p>

    <p class='ocr_par' dir='ltr' id='par_1_14' title="bbox 745 1371 1354 2203">
     <span class='ocr_line' id='line_1_52' title="bbox 801 1371 1329 1411; baseline -0.002 -8"><span class='ocrx_word' id='word_1_269' title='bbox 801 1374 933 1403; x_wconf 84' lang='lat'><strong>253—2</strong></span> <span class='ocrx_word' id='word_1_270' title='bbox 941 1374 979 1411; x_wconf 81' lang='lat'>57</span> <span class='ocrx_word' id='word_1_271' title='bbox 987 1396 993 1402; x_wconf 92' lang='lat'><em>.</em></span> <span class='ocrx_word' id='word_1_272' title='bbox 1007 1373 1114 1403; x_wconf 78' lang='lat' dir='ltr'>Ventis</span> <span class='ocrx_word' id='word_1_273' title='bbox 1123 1371 1248 1402; x_wconf 76' lang='lat' dir='ltr'>vocatis</span> <span class='ocrx_word' id='word_1_274' title='bbox 1254 1371 1329 1403; x_wconf 93' lang='lat' dir='ltr'>doc-</span> 
     </span>
     <span class='ocr_line' id='line_1_53' title="bbox 752 1418 1327 1460; baseline -0.003 -10"><span class='ocrx_word' id='word_1_275' title='bbox 752 1421 814 1450; x_wconf 80' lang='lat' dir='ltr'>tius</span> <span class='ocrx_word' id='word_1_276' title='bbox 824 1430 919 1460; x_wconf 89' lang='lat' dir='ltr'>quam</span> <span class='ocrx_word' id='word_1_277' title='bbox 929 1426 1060 1449; x_wconf 79' lang='lat' dir='ltr'>ventum</span> <span class='ocrx_word' id='word_1_278' title='bbox 1069 1418 1246 1449; x_wconf 89' lang='lat' dir='ltr'>secundum</span> <span class='ocrx_word' id='word_1_279' title='bbox 1257 1429 1327 1448; x_wconf 89' lang='lat' dir='ltr'>nac-</span> 
     </span>
     <span class='ocr_line' id='line_1_54' title="bbox 751 1466 1324 1503; baseline -0.002 -8"><span class='ocrx_word' id='word_1_280' title='bbox 751 1468 784 1496; x_wconf 81' lang='lat' dir='ltr'>ti.</span> <span class='ocrx_word' id='word_1_281' title='bbox 802 1466 926 1497; x_wconf 79' lang='lat' dir='ltr'>Scilicet</span> <span class='ocrx_word' id='word_1_282' title='bbox 937 1474 1061 1496; x_wconf 75' lang='lat' dir='ltr'>vocant</span> <span class='ocrx_word' id='word_1_283' title='bbox 1071 1473 1203 1495; x_wconf 82' lang='lat' dir='ltr'>ventum</span> <span class='ocrx_word' id='word_1_284' title='bbox 1210 1472 1324 1503; x_wconf 81' lang='lat' dir='ltr'>nautae,</span> 
     </span>
     <span class='ocr_line' id='line_1_55' title="bbox 751 1513 1326 1553; baseline -0.002 -11"><span class='ocrx_word' id='word_1_285' title='bbox 751 1513 829 1543; x_wconf 89' lang='lat' dir='ltr'>dum</span> <span class='ocrx_word' id='word_1_286' title='bbox 845 1514 922 1543; x_wconf 82' lang='lat' dir='ltr'>velis</span> <span class='ocrx_word' id='word_1_287' title='bbox 943 1514 1129 1553; x_wconf 76' lang='lat' dir='ltr'>excipiunt3</span> <span class='ocrx_word' id='word_1_288' title='bbox 1143 1518 1180 1541; x_wconf 88' lang='lat' dir='ltr'>ut</span> <span class='ocrx_word' id='word_1_289' title='bbox 1198 1519 1326 1552; x_wconf 81' lang='lat' dir='ltr'>apparet</span> 
     </span>
     <span class='ocr_line' id='line_1_56' title="bbox 750 1558 1323 1597; baseline -0.002 -8"><span class='ocrx_word' id='word_1_290' title='bbox 750 1571 781 1591; x_wconf 78' lang='lat' dir='ltr'>v.</span> <span class='ocrx_word' id='word_1_291' title='bbox 807 1570 835 1589; x_wconf 90' lang='lat' dir='ltr'>c.</span> <span class='ocrx_word' id='word_1_292' title='bbox 860 1559 916 1589; x_wconf 83' lang='lat' dir='ltr'>inf.</span> <span class='ocrx_word' id='word_1_293' title='bbox 937 1562 987 1595; x_wconf 78' lang='lat' dir='ltr'>V,</span> <span class='ocrx_word' id='word_1_294' title='bbox 1015 1569 1076 1590; x_wconf 83' lang='lat'>211</span> <span class='ocrx_word' id='word_1_295' title='bbox 1091 1570 1100 1597; x_wconf 79' lang='lat'><em>3</em></span> <span class='ocrx_word' id='word_1_296' title='bbox 1116 1558 1211 1595; x_wconf 84' lang='lat' dir='ltr'>VIII,</span> <span class='ocrx_word' id='word_1_297' title='bbox 1234 1568 1297 1596; x_wconf 89' lang='lat'>707</span> <span class='ocrx_word' id='word_1_298' title='bbox 1315 1582 1323 1596; x_wconf 92' lang='lat'>,</span> 
     </span>
     <span class='ocr_line' id='line_1_57' title="bbox 753 1605 1323 1644; baseline -0.005 -8"><span class='ocrx_word' id='word_1_299' title='bbox 753 1607 829 1644; x_wconf 80' lang='lat'><strong>708.</strong></span> <span class='ocrx_word' id='word_1_300' title='bbox 858 1608 979 1636; x_wconf 78' lang='lat' dir='ltr'>Datum</span> <span class='ocrx_word' id='word_1_301' title='bbox 991 1628 1000 1643; x_wconf 87' lang='lat'>‚</span> <span class='ocrx_word' id='word_1_302' title='bbox 1024 1605 1095 1635; x_wconf 80' lang='lat' dir='ltr'>fatis</span> <span class='ocrx_word' id='word_1_303' title='bbox 1120 1614 1298 1634; x_wconf 85' lang='lat' dir='ltr'>concessam</span> <span class='ocrx_word' id='word_1_304' title='bbox 1314 1627 1323 1642; x_wconf 94' lang='lat'>‚</span> 
     </span>
     <span class='ocr_line' id='line_1_58' title="bbox 750 1649 1322 1691; baseline -0.003 -8"><span class='ocrx_word' id='word_1_305' title='bbox 750 1661 787 1683; x_wconf 93' lang='lat' dir='ltr'>ut</span> <span class='ocrx_word' id='word_1_306' title='bbox 811 1653 892 1682; x_wconf 83' lang='lat' dir='ltr'>bene</span> <span class='ocrx_word' id='word_1_307' title='bbox 919 1654 1005 1683; x_wconf 78' lang='lat' dir='ltr'>Serv.</span> <span class='ocrx_word' id='word_1_308' title='bbox 1018 1675 1027 1689; x_wconf 84' lang='lat'>‚</span> <span class='ocrx_word' id='word_1_309' title='bbox 1052 1651 1103 1681; x_wconf 80' lang='lat' dir='ltr'>vel</span> <span class='ocrx_word' id='word_1_310' title='bbox 1129 1649 1322 1691; x_wconf 83' lang='lat' dir='ltr'>praedictam.</span> 
     </span>
     <span class='ocr_line' id='line_1_59' title="bbox 749 1696 1323 1739; baseline -0.002 -10"><span class='ocrx_word' id='word_1_311' title='bbox 749 1700 800 1730; x_wconf 86' lang='lat' dir='ltr'>Sic</span> <span class='ocrx_word' id='word_1_312' title='bbox 819 1701 852 1736; x_wconf 89' lang='grc' dir='ltr'>Ι,</span> <span class='ocrx_word' id='word_1_313' title='bbox 883 1699 947 1729; x_wconf 82' lang='lat'>382</span> <span class='ocrx_word' id='word_1_314' title='bbox 971 1699 1050 1728; x_wconf 80' lang='lat' dir='ltr'>data</span> <span class='ocrx_word' id='word_1_315' title='bbox 1064 1696 1147 1739; x_wconf 82' lang='lat' dir='ltr'>sata</span> <span class='ocrx_word' id='word_1_316' title='bbox 1164 1704 1323 1737; x_wconf 79' lang='lat' dir='ltr'>sequuta-5.</span> 
     </span>
     <span class='ocr_line' id='line_1_60' title="bbox 748 1744 1323 1776; baseline -0.007 0"><span class='ocrx_word' id='word_1_317' title='bbox 748 1747 840 1775; x_wconf 86' lang='lat'>—25</span> <span class='ocrx_word' id='word_1_318' title='bbox 846 1746 875 1775; x_wconf 87' lang='lat'>5.</span> <span class='ocrx_word' id='word_1_319' title='bbox 889 1744 984 1776; x_wconf 86' lang='lat' dir='ltr'>Sedes</span> <span class='ocrx_word' id='word_1_320' title='bbox 994 1751 1093 1774; x_wconf 84' lang='lat' dir='ltr'>certas</span> <span class='ocrx_word' id='word_1_321' title='bbox 1107 1744 1323 1773; x_wconf 82' lang='lat' dir='ltr'>noninvenie-</span> 
     </span>
     <span class='ocr_line' id='line_1_61' title="bbox 750 1788 1322 1832; baseline -0.003 -10"><span class='ocrx_word' id='word_1_322' title='bbox 750 1793 789 1822; x_wconf 79' lang='lat' dir='ltr'>tis</span> <span class='ocrx_word' id='word_1_323' title='bbox 805 1799 972 1832; x_wconf 78' lang='lat' dir='ltr'>antequam</span> <span class='ocrx_word' id='word_1_324' title='bbox 984 1801 1104 1821; x_wconf 84' lang='lat' dir='ltr'>mensas</span> <span class='ocrx_word' id='word_1_325' title='bbox 1114 1788 1322 1820; x_wconf 84' lang='lat' dir='ltr'>comederitis.</span> 
     </span>
     <span class='ocr_line' id='line_1_62' title="bbox 749 1835 1321 1873; baseline -0.005 -5"><span class='ocrx_word' id='word_1_326' title='bbox 749 1840 908 1869; x_wconf 82' lang='lat' dir='ltr'>Eventum</span> <span class='ocrx_word' id='word_1_327' title='bbox 934 1848 985 1867; x_wconf 82' lang='lat' dir='ltr'>res</span> <span class='ocrx_word' id='word_1_328' title='bbox 1011 1837 1124 1867; x_wconf 86' lang='lat' dir='ltr'>habuit</span> <span class='ocrx_word' id='word_1_329' title='bbox 1148 1835 1205 1866; x_wconf 88' lang='lat' dir='ltr'>lib.</span> <span class='ocrx_word' id='word_1_330' title='bbox 1238 1837 1303 1865; x_wconf 87' lang='lat' dir='ltr'>VII</span> <span class='ocrx_word' id='word_1_331' title='bbox 1312 1859 1321 1873; x_wconf 92' lang='lat'>‚</span> 
     </span>
     <span class='ocr_line' id='line_1_63' title="bbox 752 1881 1320 1924; baseline -0.011 -9"><span class='ocrx_word' id='word_1_332' title='bbox 752 1885 826 1915; x_wconf 86' lang='lat'>116.</span> <span class='ocrx_word' id='word_1_333' title='bbox 851 1885 979 1914; x_wconf 79' lang='lat' dir='ltr'>Nostrae</span> <span class='ocrx_word' id='word_1_334' title='bbox 1003 1882 1120 1924; x_wconf 76' lang='lat' dir='ltr'>injuria</span> <span class='ocrx_word' id='word_1_335' title='bbox 1135 1881 1233 1911; x_wconf 81' lang='lat' dir='ltr'>caedis</span> <span class='ocrx_word' id='word_1_336' title='bbox 1256 1881 1320 1911; x_wconf 91' lang='lat' dir='ltr'>dic-</span> 
     </span>
     <span class='ocr_line' id='line_1_64' title="bbox 748 1928 1322 1966; baseline -0.009 -5"><span class='ocrx_word' id='word_1_337' title='bbox 748 1939 816 1961; x_wconf 88' lang='lat' dir='ltr'>tum</span> <span class='ocrx_word' id='word_1_338' title='bbox 826 1941 899 1960; x_wconf 89' lang='lat' dir='ltr'>cnm</span> <span class='ocrx_word' id='word_1_339' title='bbox 911 1931 960 1966; x_wconf 83' lang='lat' dir='ltr'>vi3</span> <span class='ocrx_word' id='word_1_340' title='bbox 974 1928 1156 1959; x_wconf 85' lang='lat' dir='ltr'>assumenda</span> <span class='ocrx_word' id='word_1_341' title='bbox 1167 1928 1251 1957; x_wconf 79' lang='lat' dir='ltr'>enim</span> <span class='ocrx_word' id='word_1_342' title='bbox 1259 1928 1322 1957; x_wconf 86' lang='lat' dir='ltr'>ani-</span> 
     </span>
     <span class='ocr_line' id='line_1_65' title="bbox 746 1974 1323 2016; baseline -0.009 -9"><span class='ocrx_word' id='word_1_343' title='bbox 746 1988 800 2007; x_wconf 91' lang='lat' dir='ltr'>mo</span> <span class='ocrx_word' id='word_1_344' title='bbox 824 1977 906 2007; x_wconf 88' lang='lat' dir='ltr'>ultio</span> <span class='ocrx_word' id='word_1_345' title='bbox 930 1983 960 2005; x_wconf 93' lang='lat' dir='ltr'>et</span> <span class='ocrx_word' id='word_1_346' title='bbox 982 1985 1076 2016; x_wconf 88' lang='lat' dir='ltr'>poena</span> <span class='ocrx_word' id='word_1_347' title='bbox 1098 1974 1174 2003; x_wconf 73' lang='lat' dir='ltr'>hujc</span> <span class='ocrx_word' id='word_1_348' title='bbox 1196 1974 1323 2011; x_wconf 84' lang='lat' dir='ltr'>injuriae</span> 
     </span>
     <span class='ocr_line' id='line_1_66' title="bbox 747 2020 1354 2063; baseline -0.008 -10"><span class='ocrx_word' id='word_1_349' title='bbox 747 2023 864 2053; x_wconf 80' lang='lat' dir='ltr'>debita.</span> <span class='ocrx_word' id='word_1_350' title='bbox 894 2023 1060 2063; x_wconf 77' lang='lat' dir='ltr'>Ingeniose</span> <span class='ocrx_word' id='word_1_351' title='bbox 1086 2020 1166 2049; x_wconf 83' lang='lat' dir='ltr'>fama</span> <span class='ocrx_word' id='word_1_352' title='bbox 1192 2021 1320 2060; x_wconf 82' lang='lat' dir='ltr'>antiqua</span> <span class='ocrx_word' id='word_1_353' title='bbox 1352 2041 1354 2044; x_wconf 50' lang='lat'>&gt;</span> 
     </span>
     <span class='ocr_line' id='line_1_67' title="bbox 747 2065 1322 2098; baseline -0.003 0"><span class='ocrx_word' id='word_1_354' title='bbox 747 2069 786 2098; x_wconf 89' lang='lat' dir='ltr'>de</span> <span class='ocrx_word' id='word_1_355' title='bbox 817 2069 932 2098; x_wconf 83' lang='lat' dir='ltr'>mensis</span> <span class='ocrx_word' id='word_1_356' title='bbox 959 2067 1090 2097; x_wconf 86' lang='lat' dir='ltr'>ambesis</span> <span class='ocrx_word' id='word_1_357' title='bbox 1120 2065 1260 2095; x_wconf 88' lang='lat' dir='ltr'>adhibita</span> <span class='ocrx_word' id='word_1_358' title='bbox 1290 2073 1322 2096; x_wconf 74' lang='lat' dir='ltr'>et</span> 
     </span>
     <span class='ocr_line' id='line_1_68' title="bbox 747 2113 1320 2155; baseline -0.007 -10"><span class='ocrx_word' id='word_1_359' title='bbox 747 2122 842 2145; x_wconf 82' lang='lat' dir='ltr'>tracta</span> <span class='ocrx_word' id='word_1_360' title='bbox 855 2121 901 2144; x_wconf 87' lang='lat' dir='ltr'>est</span> <span class='ocrx_word' id='word_1_361' title='bbox 913 2113 952 2143; x_wconf 89' lang='lat' dir='ltr'>ad</span> <span class='ocrx_word' id='word_1_362' title='bbox 964 2123 1090 2155; x_wconf 84' lang='lat' dir='ltr'>poenam</span> <span class='ocrx_word' id='word_1_363' title='bbox 1104 2113 1229 2151; x_wconf 79' lang='lat' dir='ltr'>injuriae</span> <span class='ocrx_word' id='word_1_364' title='bbox 1241 2113 1320 2142; x_wconf 83' lang='lat' dir='ltr'>Har-</span> 
     </span>
     <span class='ocr_line' id='line_1_69' title="bbox 745 2160 944 2203; baseline 0 -13"><span class='ocrx_word' id='word_1_365' title='bbox 745 2162 829 2203; x_wconf 82' lang='lat' dir='ltr'>pyiis</span> <span class='ocrx_word' id='word_1_366' title='bbox 841 2160 944 2191; x_wconf 81' lang='lat' dir='ltr'>illatae.</span> 
     </span>
    </p>

    <p class='ocr_par' dir='ltr' id='par_1_15' title="bbox 793 2204 1318 2248">
     <span class='ocr_line' id='line_1_70' title="bbox 793 2204 1318 2248; baseline -0.006 -10"><span class='ocrx_word' id='word_1_367' title='bbox 793 2207 870 2239; x_wconf 84' lang='lat'>260.</span> <span class='ocrx_word' id='word_1_368' title='bbox 890 2205 1038 2248; x_wconf 74' lang='lat' dir='ltr'>Der-ignit</span> <span class='ocrx_word' id='word_1_369' title='bbox 1053 2206 1162 2237; x_wconf 83' lang='lat' dir='ltr'>Heius.</span> <span class='ocrx_word' id='word_1_370' title='bbox 1183 2215 1200 2235; x_wconf 90' lang='lat' dir='ltr'>e</span> <span class='ocrx_word' id='word_1_371' title='bbox 1214 2204 1318 2236; x_wconf 75' lang='lat' dir='ltr'>libris.</span> 
     </span>
    </p>
   </div>
  </div>
 </body>
</html>
