1423 2517
105 194 111 211 ι
125 183 140 209 ἐξ
605 175 797 207 AENEIDOS

103 238 315 277 lumbum-‹-
334 233 446 278 mari,
464 242 660 283 totumque
681 248 700 270 a
718 233 871 271 sedibus
890 232 972 270 imis

104 301 186 334 Una
206 300 402 343 Eurusque
421 296 619 344 Notusque
638 303 754 331 ruunt
770 293 981 344 creberque
998 291 1173 344 procellis
1271 300 1302 325 ες

105 358 272 399 Africus,
289 364 325 391 et
342 363 466 391 vastos
482 354 639 391 volvunt
657 354 703 391 ad
719 355 830 391 litora
853 354 1001 391 fluctus.

105 416 321 465 Insequitur
338 415 556 464 clamorque
577 415 701 450 virum
722 415 939 464 stridorque
962 413 1174 451 rudentum.

107 476 281 525 Eripiunt
298 474 425 512 subito
442 473 562 511 nubes
579 474 791 523 coelumque
809 474 985 524 diemque

106 539 340 572 'l‘eucrornm
362 548 408 571 ex
427 535 545 571 oeulis
565 548 572 569 :

596 542 713 583 ponto
731 546 807 570 nox
828 533 982 570 incubat
1000 541 1092 570 atra.

106 600 311 633 Intonuere
333 596 427 646 poli,
446 605 483 632 et
502 594 647 631 crebris
668 594 781 631 micat
798 594 948 643 ignibus
969 594 1107 638 aetlier;
1277 608 1309 632 90

107 660 408 706 Praesentemqne
428 656 519 691 viris
541 655 724 691 intentant
744 654 869 690 omnia
886 663 1058 690 mortem.

160 716 359 765 Extemplo
378 717 506 751 A‘Eneae
524 712 723 751 solvuntur
740 714 881 763 frigore
899 713 1081 750 membra.

109 824 205 853 latere
220 823 336 852 montis
350 832 498 862 percusso
517 822 602 851 hasta
621 821 684 858 dei,

111 877 263 910 perrupto
284 875 313 896 et
335 870 379 897 sie
402 869 570 908 patefacto.
586 870 622 897 Iu
641 869 687 897 lu-

110 922 158 944 tus
167 922 211 944 est
225 926 282 954 pro
299 915 331 943 in
342 915 448 951 lau-re,
464 921 496 943 nt
509 914 564 944 inf.
577 926 606 944 v,
624 925 633 943 1
648 925 657 943 1
667 920 685 950 l,

114 963 218 990 Unum
232 978 279 983 -—
293 960 325 989 1'11
337 960 470 1001 puppim
481 960 573 1002 serit.
595 961 687 990 Alius

112 1015 203 1047 poeta
237 1007 248 1048 (
267 1018 447 1047 quanquam
478 1014 507 1036 (Ἰ
542 1014 686 1036 nostrum

114 1053 197 1083 idem
227 1054 328 1083 facere
359 1054 473 1083 xolunt
500 1054 687 1093 interpretes

113 1111 143 1130 v.
159 1101 331 1130 Burmann.
344 1101 355 1140 >
371 1100 518 1141 repagula
532 1101 687 1129 ostiorum

114 1147 195 1177 solvi
231 1147 381 1184 jussisset.
410 1147 590 1187 Simplicior
623 1148 690 1176 110-

115 1203 220 1223 merns
241 1192 357 1234 Odyss.
377 1203 408 1229 ε,
428 1204 490 1233 291
509 1204 555 1233 sq.
573 1203 631 1222 uec
649 1199 691 1222 ta-

115 1250 188 1270 men
202 1240 308 1269 minus
322 1239 477 1269 sublimis.
492 1240 607 1269 Statius
622 1240 691 1270 Vir-

115 1287 182 1328 gilii
192 1287 329 1325 vestigiis
347 1287 460 1315 institit
474 1296 481 1316 ε
497 1285 692 1326 dubiamque

110 1333 190 1374 jugo
195 1331 316 1373 fragor
327 1332 453 1372 impulit
471 1333 575 1362 OElen
593 1334 630 1362 In
645 1333 693 1362 Ia-

117 1387 176 1409 tus.
190 1378 292 1409 Theb.
308 1380 321 1407 I
334 1401 342 1415 ,
361 1389 373 1407 1
386 1389 435 1419 ις).
456 1379 612 1409 Conversa
626 1390 692 1408 cus-

112 1425 208 1466 pide,
231 1425 346 1462 hastae3
371 1436 465 1465 quam
488 1437 546 1466 pro
565 1433 690 1466 sceptro

116 1479 235 1513 gestare
266 1471 325 1501 diis
355 1472 496 1502 sollenne
521 1479 586 1510 est;
609 1472 690 1502 hanc

116 1520 302 1558 intorquet,
335 1520 498 1553 immittit,
534 1526 691 1559 ruptaque

117 1575 198 1605 rupe
208 1567 290 1594 viam
305 1566 405 1595 ventis
419 1565 503 1603 facit,
515 1576 576 1606 qua
591 1576 692 1595 erum-

118 1618 203 1652 pant.

167 1659 207 1693 84
222 1675 268 1681 ——-
287 1658 340 1687 86.
359 1658 550 1696 Incubuere,
568 1659 692 1688 incum-

118 1704 218 1742 bunt,
248 1703 409 1742 ἐνέπεσῡν,
439 1703 613 1747 ἐπέχραον,
633 1704 692 1735 ἐνέ-

117 1747 248 1791 σκῆψπν.
265 1753 296 1780 Λ
309 1751 431 1781 sedibus
446 1752 518 1781 imis
531 1759 627 1781 ruunt
637 1774 645 1789 ,
659 1752 690 1783 h.

117 1808 144 1827 e.
160 1804 279 1827 eruunt
293 1808 310 1827 a
326 1797 426 1827 fundo
441 1808 448 1828 :
468 1798 526 1828 inf.
547 1800 578 1828 II
590 1821 598 1835 ‚
627 1804 691 1839 419

120 1845 188 1873 Itno
203 1845 327 1874 AVereus
348 1844 410 1873 ciet
430 1855 562 1885 (equora
570 1843 691 1886 fitndo.

118 1891 266 1930 Sequitur
300 1893 493 1931 tempestatis
521 1890 693 1932 descriptio

118 1938 261 1966 omnium
277 1937 340 1966 fere
354 1945 426 1977 post
436 1938 609 1978 Virgilium
618 1949 694 1979 poe-

118 1989 222 2012 tarum
248 1984 423 2013 imitatione
444 1984 630 2021 nobilitata,
658 1987 693 2015 in

117 2038 178 2067 qua
192 2028 441 2068 observandum,
453 2030 616 2071 quomodo
629 2042 693 2061 om-

119 2075 170 2102 nia
198 2075 260 2104 sint
279 2076 316 2105 ad
342 2084 494 2107 terrorem
510 2084 540 2107 et
561 2077 692 2107 admira-

119 2120 238 2149 tionem
267 2130 398 2153 narrata.
426 2123 522 2164 Quod
548 2123 692 2163 undique

118 2168 204 2195 venti
233 2178 398 2209 erumpere
421 2177 608 2207 narrantur,
624 2180 692 2200 non

120 2223 156 2242 ro
187 2221 324 2253 spectat,
354 2223 390 2244 ut
421 2227 487 2246 nno
516 2215 691 2256 eodemque

118 2262 268 2299 temporis
290 2269 450 2293 momento
475 2273 585 2293 omnes
604 2264 691 2292 venti

118 2307 257 2346 spirent3
276 2317 388 2339 verum
409 2311 474 2348 uti,
495 2309 582 2350 quod
598 2316 690 2340 natu-

738 832 772 851 ra
803 821 994 862 tempestatis
1018 819 1096 857 fert,
1115 820 1234 851 crebra:
1265 832 1313 850 ae-

740 869 781 897 ris
798 869 989 897 mutationes
1012 867 1051 896 ab
1066 867 1217 897 omnibus
1239 868 1313 896 ind«-

740 915 811 944 coeli
826 915 924 955 plagis
936 913 997 942 sibi
1011 913 1191 944 succedant.
1204 932 1249 937 —-
1259 915 1312 950 81..

744 963 934 1000 Tortumque
948 960 1072 1001 legebat
1085 967 1115 990 et
1130 960 1182 990 hic
1196 961 1322 1000 Markl„

740 1009 839 1047 Epist.
857 1008 926 1037 crit.
944 1018 975 1047 p.
998 1008 1052 1043 52,
1069 1007 1126 1036 ubi
1149 1007 1230 1037 illud
1252 1014 1314 1037 tot·—

741 1061 806 1083 tum
824 1054 856 1083 in
879 1053 969 1094 plura
987 1060 1152 1093 poetarum
1177 1053 1247 1084 loca
1269 1065 1316 1085 re-

741 1099 858 1129 ducere
875 1100 1096 1131 allaborat.—-
1110 1100 1163 1130 85.
1184 1100 1319 1131 Crebris-

743 1158 804 1188 que
822 1146 927 1177 Mead.
955 1147 1053 1177 Goth.
1077 1153 1148 1177 tert.
1168 1157 1185 1176 a
1206 1158 1249 1178 m.
1265 1158 1315 1188 pr.

745 1194 894 1224 Ceterum
925 1193 1035 1223 nullus
1077 1192 1174 1223 habet
1198 1203 1206 1224 :
1245 1196 1318 1224 Una

744 1242 849 1269 Eurus
885 1242 1069 1281 Boreasque
1106 1247 1216 1277 ruunt,
1247 1240 1297 1270 vel
1309 1263 1318 1277 ,

747 1289 820 1316 Una
866 1287 1033 1327 Eurusque
1069 1286 1254 1328 Aquiloque
1292 1298 1317 1317 r.

744 1333 832 1362 hunc
862 1339 967 1363 tamen
1000 1334 1034 1362 in
1052 1333 1111 1362 hae
1139 1340 1321 1374 tempestate

744 1380 890 1420 inprimis
916 1386 1094 1420 exspectes,
1122 1390 1185 1420 qua
1209 1380 1247 1410 ad
1268 1381 1318 1410 Li-

745 1425 841 1467 byam
855 1426 1013 1456 deferatur
1029 1426 1143 1456 classis.

794 1473 848 1511 87.
867 1473 987 1503 Laudat
1013 1476 1100 1504 Serv.
1120 1484 1161 1503 ex
1180 1475 1320 1504 Pacuvio

745 1520 778 1548 in
809 1521 935 1549 Teucro
964 1529 971 1549 ;
992 1527 1229 1549 armamentum
1250 1519 1320 1550 seri-

746 1565 807 1594 dor
820 1573 852 1595 ec
863 1566 1032 1595 rudentum
1049 1565 1157 1596 sibilus
1166 1577 1179 1602 ;
1194 1566 1321 1596 funium

746 1613 959 1642 nauticorum.
976 1629 1023 1634 —
1043 1612 1102 1649 88,
1121 1613 1174 1652 89.
1205 1612 1320 1653 odyss·

748 1667 780 1695 ε,
803 1659 868 1698 293
894 1668 945 1688 συν
976 1654 1011 1687 δὲ
1036 1658 1174 1700 νεφέεσσι
1200 1656 1320 1700 κάλυψε

746 1703 843 1734 Γαῖαν
860 1703 936 1747 ἐμοῦ
954 1701 1008 1734 καὶ
1027 1703 1150 1735 πόντον·
1166 1703 1274 1748 ὀρώρει
1291 1702 1322 1736 δ’

746 1749 905 1793 οὐρανόθεν
917 1748 979 1788 νύξ.
997 1751 1036 1781 ef.
1049 1751 1204 1794 Odyss‚t‚
1222 1752 1323 1782 66—

747 1798 790 1838 69
810 1805 841 1827 et
856 1798 912 1828 inf.
936 1799 1001 1835 III,
1024 1799 1106 1838 198,
1126 1798 1184 1828 ubi
1202 1797 1321 1836 nimbi,

747 1845 803 1885 qui
821 1844 853 1875 h.
873 1845 895 1875 l.
923 1844 1030 1875 nubes.
1058 1846 1140 1876 Mox
1161 1845 1236 1885 poli
1262 1856 1322 1887 pro

747 1891 828 1921 eoelo
844 1891 949 1932 simpl.
965 1892 1031 1922 Nec
1049 1898 1096 1921 est
1109 1890 1231 1934 ὕστερον
1245 1890 1323 1934 πρό-

746 1947 832 1980 τερον
850 1960 859 1975 ,
890 1938 980 1978 quasi
1011 1939 1134 1967 tonitru
1164 1938 1323 1978 praecedat

746 1984 869 2025 fulgur3
887 1984 941 2013 sed
958 1983 1076 2014 cadunt
1090 1983 1201 2014 crebra
1216 1985 1321 2015 fulmi-

746 2040 786 2060 na
805 2041 879 2060 cum
894 2031 1027 2060 tonitru.

792 2087 847 2116 92.
871 2077 998 2107 Naturae
1019 2077 1181 2107 veritatem
1202 2088 1319 2118 sequu-

745 2129 796 2152 tus
812 2129 923 2163 poeta,
940 2123 1086 2163 exemplo
1110 2125 1244 2154 Homeri
1258 2124 1318 2155 Od.

747 2179 776 2205 ε,
790 2169 878 2222 ¹uncle
894 2169 984 2199 loeus
1002 2180 1188 2210 expressus,
1202 2181 1233 2201 v.
1253 2181 1316 2211 297

744 2212 798 2245 καὶ
815 2226 846 2245 τ
838 2214 880 2245 ’τ’
895 2208 1053 2251 ὸδυσσῆος
1061 2215 1152 2251 >uz-0
1178 2215 1319 2262 γούνατα

744 2273 798 2292 και
827 2260 895 2304 φίὶῡ
899 2273 912 2291 ν
941 2258 1040 2305 ἦτΉρ
1065 2265 1195 2293 AEneam
1223 2274 1318 2293 suum

745 2316 831 2340 metu
849 2320 959 2339 vacare
987 2319 1054 2339 non
1081 2309 1183 2348 jubet.
1217 2310 1318 2341 Aliud
