1433 2460
593 101 716 131 LIBER
741 101 766 130 1.
1242 112 1279 141 μ

81 163 115 196 It
135 171 238 196 mare
257 166 484 208 proruptum
496 185 506 203 ,
523 166 560 193 et
575 157 709 206 pelago
728 157 867 206 premit
887 170 977 195 arva
992 161 1158 208 sonanti3

79 221 152 256 Hic
167 227 291 256 tamen
307 219 368 255 ille
387 217 522 254 urbem
539 217 669 253 Patavi
685 216 868 266 sedesque
889 218 1028 256 locavit

78 281 331 324 Teucrorum,
349 287 385 315 et
406 277 507 328 genti
527 289 666 313 nomen
684 276 807 322 dedit,
825 290 1005 328 armaque
1022 280 1103 318 fixit

79 340 212 385 Tro'1'a3
232 352 332 375 nunc
349 337 496 388 placida
516 346 733 387 compostus
752 350 844 387 pace
860 339 1030 387 quiescit.

77 399 175 443 Nos,
193 407 257 435 tua
275 398 493 449 progenies,
514 397 597 434 coeli
615 397 755 447 quibus
776 398 909 434 adnuis
926 412 1069 446 arcem,

1232 410 1279 434 250

77 457 270 505 Navibus,
286 458 502 495 infandum!
521 457 683 504 amissis,
700 457 812 496 unius
828 458 878 495 ob
894 459 990 495 iram

77 663 91 680 x
100 653 137 681 iae
147 653 249 682 socios
262 651 354 682 fuisse
367 651 507 687 aiebant,
519 650 653 681 ductum

78 708 143 728 esse
153 699 276 728 volunt.
289 697 536 739 Armaque-fixit
546 697 650 734 Troia,

78 754 154 784 pace
166 755 209 774 sc.
226 751 256 774 et
272 744 443 783 tranquillo
459 744 525 772 otio
540 750 650 782 parto;

77 790 165 829 quod
185 793 274 820 suavi
297 800 404 821 reruni
427 790 562 827 imagine
579 788 650 816 red-

77 835 158 865 didit
168 859 176 873 ‚
190 838 288 876 petita
303 836 355 867 illa
369 835 408 864 ab
424 835 462 863 iis
472 857 480 870 ‚
495 835 550 873 qui
566 834 649 862 mili-

77 883 120 911 tia
143 883 229 911 missi
256 894 339 912 arma
364 879 594 921 suspenderent
620 887 651 910 et

75 927 220 970 figerent.
236 929 328 960 Conf.
343 930 501 968 Ponxpon.
521 926 592 956 Sal).
610 926 651 955 ad

75 974 108 1005 h.
138 975 160 1005 l.
190 976 287 1005 ‚Nunc
308 974 444 1016 placida
472 980 651 1013 compostus

72 1031 156 1061 pace
183 1021 335 1062 quiescit:
365 1031 430 1061 quo
463 1030 557 1049 sensu
583 1019 651 1049 haec

77 1067 162 1097 dicta
187 1069 250 1098 sint
262 1091 271 1105 ‚
297 1068 443 1098 dubitare
471 1066 565 1103 licet;
599 1073 652 1096 aut

77 1116 163 1144 enim
187 1113 226 1144 de
248 1122 350 1145 morte
375 1120 430 1143 aut
458 1113 497 1142 de
528 1113 594 1142 otio
622 1119 653 1142 et

78 1161 305 1200 tranquillitate
315 1184 323 1199 ‚
341 1171 402 1201 qua
419 1161 566 1189 Antenor
581 1159 653 1188 reli-

78 1217 172 1247 quam
183 1208 279 1237 vitam
289 1208 412 1248 exegit,
424 1207 523 1246 accipi
532 1213 652 1246 potest;

77 1255 112 1282 in
137 1260 275 1294 utroque
302 1261 404 1283 tamen
430 1252 502 1281 duri
532 1251 652 1292 aliquid

76 1301 168 1330 inest.
208 1301 288 1330 Sane
324 1298 474 1340 componi
509 1299 651 1328 absolute

77 1347 197 1375 mortui
215 1346 384 1384 dicuntur,
399 1353 428 1375 et
441 1344 536 1375 iidem
552 1345 653 1386 quies-

77 1403 157 1422 cere.
172 1393 234 1423 Ins.
246 1395 309 1430 lx,
319 1394 385 1430 445
395 1392 595 1432 placidaque
610 1391 653 1421 ibi

78 1439 205 1468 demum
225 1448 326 1470 morte
343 1438 484 1480 quievic;
498 1440 545 1468 VI
554 1461 561 1475 ‚
585 1439 624 1468 32
634 1449 647 1468 1

78 1485 210 1515 Sedibus
240 1493 276 1516 ut
305 1487 420 1516 saltem
443 1485 586 1526 placidis
619 1484 652 1514 ιίι

78 1538 178 1562 morte
200 1533 372 1573 quiescam.
394 1533 529 1561 Veneris
547 1539 651 1561 tamen

78 1578 230 1616 consilio,
246 1580 324 1609 dum
343 1582 450 1609 AEneae
470 1579 652 1608 calamitati-

76 1624 138 1654 bus
158 1627 331 1656 Antenoris
355 1626 518 1655 fortunam
540 1635 651 1654 secun·

76 1669 147 1700 dam
158 1681 337 1712 comparare
349 1672 434 1708 vult,
447 1682 561 1711 parum
575 1681 650 1701 eon-

78 1718 200 1747 ·reniret
209 1740 216 1753 ‚
227 1719 399 1748 Antenoris
409 1725 540 1747 monem
546 1717 649 1757 placi-

78 1763 155 1792 dam
170 1762 309 1793 laudare.
324 1765 368 1793 At
382 1764 409 1792 si
423 1763 462 1792 de
475 1764 590 1803 quietis
603 1774 650 1792 se-

78 1809 188 1848 dibus,
204 1809 300 1839 rebus
319 1810 447 1850 placatis
457 1831 465 1845 ‚
479 1810 544 1838 vita
563 1815 649 1838 tran-

78 1856 176 1897 quilla
190 1858 308 1898 agitur,
329 1863 397 1886 tum
414 1856 478 1885 fere
500 1866 549 1885 res
566 1865 651 1884 com·

70 1902 189 1944 positce
220 1910 437 1932 memorantur
455 1925 463 1939 ,
494 1912 562 1932 non
593 1901 654 1941 ipsi

77 1948 242 1985 homines;
255 1956 308 1979 aut
322 1951 347 1978 si
363 1949 425 1979 hoc
440 1949 496 1985 sit,
512 1955 582 1977 tum
599 1947 651 1977 ad-

74 1997 193 2034 jectum
204 1995 323 2036 aliquid
332 1995 438 2025 videas
449 2005 456 2025 ς
471 1995 518 2024 ad
518 2005 646 2034 pacem,

77 2043 124 2072 ad
159 2042 348 2072 modestiam
376 2049 435 2072 etc.
470 2043 578 2081 Atque
607 2043 651 2071 ita

77 2090 170 2123 etiam
193 2090 280 2119 iniis
302 2090 378 2129 ipsis
398 2088 476 2119 locis
500 2087 557 2124 fit,
579 2098 650 2128 quae

75 2135 109 2166 h.
128 2135 150 2166 l.
169 2146 185 2165 a
198 2137 382 2166 But-manno
397 2134 579 2165 laudantur.
595 2136 651 2164 Di-

77 2181 214 2212 cendum
226 2183 349 2223 itaque,
367 2189 421 2212 aut
438 2188 563 2223 poetam
574 2181 607 2211 h.
625 2181 649 2212 l.

76 2228 284 2270 compositum
309 2239 396 2260 novo
423 2227 570 2269 exemplo
601 2227 653 2258 ad-

705 651 863 686 hibuisse,
892 656 928 679 ut
951 657 982 679 et
1003 661 1074 680 voc.
1099 651 1277 690 quiescere,

704 707 775 736 pro,
788 697 887 725 vitam
902 696 1007 735 quiete
1022 698 1166 736 exigere3
1181 699 1282 738 quies·

704 744 747 772 cit
761 741 851 770 rebus
871 741 1070 781 compositis,
1093 743 1236 784 adeoque
1251 752 1283 774 et

704 789 770 828 ipse
786 787 976 827 compositus
986 800 999 824 ;
1016 795 1070 818 aut
1087 789 1280 820 manendum

703 835 737 863 in
761 835 867 874 priore
894 834 1074 875 significatu
1095 845 1102 865 :
1127 843 1164 865 ut
1181 847 1198 865 a
1219 839 1282 867 Ve-

703 890 779 909 nere
796 881 1019 920 interpositum
1037 881 1099 911 hoc
1118 883 1176 920 sit,
1194 889 1280 912 tran-

705 926 893 966 quillitatem
922 929 1080 957 Antenori
1109 928 1148 958 ad
1176 936 1279 959 extre-

704 983 787 1001 mam
802 983 903 1012 usque
919 974 1016 1003 vitam
1037 975 1215 1016 contigisse.
1231 977 1279 1005 Ita

699 1030 786 1059 pace
798 1029 858 1059 pro
871 1026 984 1050 morte.

767 1066 845 1100 246.
899 1068 1090 1106 Promptum
1137 1067 1278 1098 defendit

704 1113 854 1142 Heinsius
870 1111 924 1141 hic
951 1119 982 1141 et
1014 1113 1100 1144 alibi.
1129 1115 1213 1145 conf.
1233 1116 1279 1146 in-

705 1160 815 1200 primis
840 1158 878 1188 ad
904 1159 1014 1189 SIh'um
1040 1161 1106 1197 111,
1135 1161 1189 1190 51.
1224 1163 1280 1191 Est

704 1215 780 1234 sane
805 1206 960 1245 exquisita
987 1216 1052 1235 vox
1079 1206 1141 1236 hoc
1162 1218 1276 1244 sensu,

704 1262 764 1292 pro
801 1262 1025 1292 prorumpens.
1071 1253 1169 1282 Multi
1195 1265 1279 1294 prce-

705 1305 848 1338 ruptum,
871 1299 956 1328 conf.
976 1297 1076 1329 cerda
1089 1300 1182 1328 etiam
1200 1300 1280 1341 frag-

704 1351 803 1374 ment.
828 1346 930 1375 Vatic.
951 1355 968 1373 a
991 1356 1040 1385 pr.
1065 1356 1149 1376 man.
1173 1353 1204 1376 et
1222 1357 1279 1387 ¹ap.

705 1394 813 1422 Senec.
839 1393 902 1431 Qu.
918 1398 982 1421 nat.
1002 1394 1067 1428 111,
1088 1403 1116 1423 c.
1137 1403 1164 1422 1.
1182 1393 1280 1433 Quod

705 1448 779 1467 sane
807 1437 934 1467 defendi
956 1445 1080 1478 posset3
1099 1438 1184 1470 conf.
1207 1450 1278 1480 sup.

710 1485 785 1514 105.
810 1486 1007 1525 Proereprum
1038 1485 1087 1515 ed.
1123 1487 1207 1516 Ven.
1239 1487 1279 1515 In

706 1542 794 1560 mare
813 1539 1003 1572 proruptum
1025 1532 1144 1563 Moret.
1168 1543 1218 1573 pr.
1248 1539 1280 1562 et

703 1579 818 1608 Franc.

753 1625 818 1654 250
836 1642 884 1647 -—
907 1626 984 1654 253.
1028 1627 1280 1666 Argumentatur

701 1672 812 1701 Venus
834 1671 874 1700 ah
900 1670 1047 1711 exemplo
1069 1673 1174 1703 simili.
1208 1674 1280 1702 Ma-

702 1728 765 1758 gno
792 1724 896 1747 autem
922 1728 995 1746 cum
1019 1717 1155 1748 artificio
1179 1729 1211 1747 se
1232 1719 1283 1758 ip-

702 1773 767 1792 sam
783 1764 857 1793 facit
871 1774 969 1792 unam
985 1774 1026 1793 ex
1041 1765 1186 1802 Trojanis
1197 1786 1206 1801 ,
1223 1766 1280 1804 qui

703 1810 853 1846 injuriam
866 1810 998 1838 tulerint
1011 1819 1019 1839 :
1036 1810 1121 1845 Nos,
1145 1817 1200 1839 tua
1206 1820 1281 1850 pro-

699 1855 824 1896 genies,
839 1855 952 1895 quibus
965 1854 1084 1884 annuis
1099 1866 1205 1885 arcem
1219 1867 1279 1886 σα»-

704 1901 738 1937 Ιῐ,
751 1901 783 1931 h.
795 1901 817 1931 l.
829 1901 960 1938 coelum,
975 1903 1135 1941 promittis
1148 1905 1279 1932 AEneam

702 1954 775 1988 post
798 1954 933 1978 mortem
951 1949 1034 1977 inter
1053 1947 1129 1978 deos
1150 1950 1190 1978 iri
1204 1949 1280 1979 rela-

703 2001 782 2024 tum.
807 1994 847 2024 cf.
868 2004 945 2023 mox
964 2006 996 2025 v.
1018 1995 1094 2035 259.
1115 1995 1234 2026 Callida
1249 2003 1280 2025 et

704 2041 861 2070 invidiose
888 2042 981 2070 etiam
1008 2041 1062 2070 illa
1084 2051 1093 2072 :
1118 2041 1212 2072 unius
1235 2042 1278 2072 oh

703 2088 782 2116 iram
799 2098 843 2117 sc.
859 2089 879 2117 J
883 2089 1016 2125 anonis,
1044 2094 1076 2118 et
1093 2088 1224 2118 navibus
1244 2099 1276 2119 α.

703 2144 763 2174 pro
783 2135 911 2163 navium
925 2141 1030 2175 parte,
1046 2141 1078 2165 et
1085 2135 1274 2175 prodimur,

703 2191 760 2221 per
780 2180 905 2210 fraudes
922 2181 1107 2221 perdimur,
1130 2192 1188 2223 per
1201 2182 1278 2211 insi-

705 2227 770 2257 dias
785 2229 806 2258 J
809 2228 927 2258 unom's
939 2227 1171 2259 calamitatibus
1186 2238 1277 2259 vexa-

1044 2293 1086 2339 4*
