1433 2460
597 131 719 162 Lissfflz
743 133 769 162 1.
1239 136 1278 171 07

86 188 297 236 Condebat,
315 189 422 226 donis
442 189 664 239 opulentum
683 200 719 227 et
739 191 891 227 numine
909 192 1004 229 divae
1023 208 1030 228 :

85 251 196 286 AErea
216 250 277 286 cui
293 249 474 300 gradibus
489 249 695 300 surgebant
714 250 860 296 limina,
881 265 1063 302 nexaeque

85 312 173 347 AEre
190 309 333 357 trabcs3
351 310 496 348 foribus
516 310 632 348 cardo
651 310 834 349 stridebat
850 313 991 350 ahenis.

137 371 221 406 Hoc
237 370 401 420 primum
420 371 459 408 in
474 371 559 408 luco
576 383 675 408 nova
694 385 754 409 res
771 372 897 410 oblata
915 374 1088 410 timorem

1230 382 1280 410 450

85 428 210 468 Leniit
228 445 234 466 :
254 430 315 467 hic
330 431 495 481 primum
510 434 646 469 AEneas
662 445 815 482 sperare
835 434 993 470 salutem

83 491 228 536 Ausus,
248 499 284 527 et
300 490 458 528 adflictis
478 493 610 530 melius
629 493 819 530 confidere
839 493 963 530 relius.

84 549 273 597 Namque,
290 549 360 586 sub
378 549 521 600 ingenti
542 550 675 587 lustrat
691 552 779 588 dum
797 552 942 602 singula
960 551 1116 601 templo,

85 610 267 658 Reginam
286 611 508 659 opperiens;
530 611 639 657 dum,
660 626 744 661 qua:
766 613 916 649 fortuna
935 613 982 649 sit
1004 612 1107 657 urbi,

135 788 211 822 448.
228 787 327 817 ,Nisae
347 787 462 817 multos
479 788 582 828 legere
593 789 654 826 jani

85 834 211 863 Servius
231 834 363 863 notavit.
386 833 526 863 Eandem
548 834 655 864 lectio-

85 890 158 909 nem
186 879 311 909 codices
332 890 350 908 a
370 881 553 910 Burmanno
578 891 656 910 enu-

86 927 195 955 merati
222 925 339 955 habere
372 926 540 964 xidentur3
573 937 656 964 non,

87 983 194 1003 nexoe.
211 990 257 995 —
272 973 336 1007 448
349 995 358 1010 ,
382 978 459 1012 449.
480 973 532 1003 Ad
553 973 657 1003 heroi-

87 1029 198 1048 corum
240 1025 420 1059 temporum
455 1019 658 1061 magnificen-

87 1066 163 1095 tiam
184 1066 340 1105 pertinet,
379 1065 467 1106 quod
491 1067 597 1095 omnia
619 1077 659 1095 ex

89 1121 148 1141 aere
162 1112 246 1141 fecit.
264 1113 368 1141 L'nam
380 1112 519 1141 laudabo
532 1112 660 1142 Alcinoi

88 1159 205 1198 regiam
217 1157 332 1198 Odyss.
346 1168 364 1190 η
376 1181 384 1195 ,
404 1158 445 1187 86
462 1169 529 1198 sqq.
546 1160 660 1188 Home-

87 1214 143 1233 rus
166 1203 297 1233 candem
318 1204 503 1244 elegantiam
524 1205 563 1234 ad
584 1205 660 1235 deo-

88 1260 159 1279 rum
175 1249 297 1287 sedem,
311 1250 503 1292 Olympum,
527 1258 659 1281 transtu-

86 1295 133 1326 lit.
148 1296 258 1336 Quid?
283 1296 370 1336 quod
384 1300 494 1327 Romae
507 1297 576 1327 talis
593 1308 656 1327 ma-

86 1342 270 1383 gnificentia
293 1350 360 1372 erat
379 1343 543 1384 frequens,
568 1345 658 1383 cujus

87 1388 189 1418 adhuc
202 1390 236 1419 in
250 1389 389 1420 Pantheo
401 1392 531 1432 vestigia
549 1390 659 1431 depre-

86 1434 290 1472 henduntur,
325 1443 362 1466 ut
392 1438 542 1477 Spensius
576 1437 658 1467 bene

86 1483 221 1512 monuit.
244 1484 448 1512 Ornatissime
469 1489 573 1513 autem
593 1484 657 1513 sin-

87 1528 161 1568 gula
173 1528 297 1558 extulit.
314 1530 415 1559 AErea
426 1529 579 1571 gradibus
591 1541 657 1559 sur-

84 1574 205 1615 gebant
222 1574 357 1612 limina,
378 1575 410 1606 h.
429 1586 455 1606 e.
472 1576 569 1606 limen
592 1583 658 1606 erat

89 1631 130 1649 ex
151 1631 210 1650 aere
225 1631 232 1651 :
248 1632 304 1651 seu
323 1629 360 1651 ut
382 1622 480 1652 limen
504 1633 563 1663 pro
582 1622 656 1652 fori—

89 1666 150 1696 bus
168 1666 286 1697 dictum
306 1669 452 1708 accipias,
465 1679 521 1698 seu
543 1675 579 1698 ut
586 1680 659 1709 pro-

83 1712 155 1752 prie
171 1712 290 1742 dictum
311 1715 368 1750 sit,
392 1714 427 1743 id
447 1714 535 1754 quod
556 1716 657 1752 malo;

90 1760 164 1799 quia
176 1760 258 1789 fores
267 1770 343 1789 mox
351 1767 578 1791 memorantur.
591 1763 660 1790 Sur-

86 1816 163 1847 gere
187 1816 253 1835 non
277 1805 374 1835 modo
396 1805 583 1843 aedificium,
605 1807 660 1837 sed

89 1859 120 1881 et
141 1851 272 1892 sing-ula:
292 1859 396 1892 partes
419 1852 570 1881 dicuntur
587 1863 659 1892 quae

88 1899 123 1927 in
138 1908 176 1927 eo
189 1905 283 1934 sunt,
309 1899 454 1938 inprimis
472 1898 563 1928 editae
576 1906 606 1928 et
619 1900 658 1928 al-

88 1951 128 1973 tae
142 1954 149 1975 :
163 1950 299 1985 surgunt
314 1945 420 1984 itaque
432 1945 542 1974 limina
555 1945 657 1985 gradi-

88 1990 148 2020 bus
160 2013 168 2028 ‚
184 2001 242 2031 per
253 1990 368 2031 gradus
379 2014 386 2028 ‚
412 1990 495 2020 siunt
509 1991 658 2030 subjectis

87 2032 237 2077 g'radibus
263 2047 320 2076 per
353 2047 434 2076 quos
468 2037 506 2066 ad
540 2048 577 2067 ea
603 2038 656 2068 ad-

87 2082 260 2113 scenditur.
274 2082 335 2113 Sed
350 2083 428 2123 quid
440 2090 486 2113 est
500 2084 634 2114 alterum
649 2094 656 2114 :

88 2139 184 2159 neaeae
193 2139 256 2159 aere
265 2129 369 2158 trabes
378 2130 547 2171 surgebant
553 2134 570 2159 .³
584 2132 658 2160 Tra-

87 2174 140 2204 bes
151 2175 239 2205 haud
254 2174 351 2205 dubie
363 2183 438 2206 sunt
449 2184 574 2217 postes3
592 2187 655 2207 oere

85 2231 181 2250 neoeae
210 2221 308 2262 vulgo
328 2223 374 2252 sic
395 2225 496 2264 accipi
527 2223 632 2253 videas
645 2246 653 2260 ‚

85 2267 281 2308 utposcium,
301 2268 366 2299 hoo
389 2277 436 2299 est
457 2270 595 2300 trabium
615 2281 655 2300 ex

710 789 808 829 ligno,
824 799 855 818 v.
874 800 900 818 c.
917 788 1121 828 ahjegnarum
1132 812 1140 825 ‚
1157 791 1283 819 vincula

710 842 740 864 et
754 835 834 864 clavi
851 846 906 865 seu
928 837 1003 864 unci
1020 837 1084 864 sint
1097 846 1137 865 ex
1151 846 1222 865 aere.
1240 837 1284 866 At

709 881 771 911 hoc
792 892 851 922 pro
872 882 993 921 reliqna
1013 882 1120 922 templi
1144 882 1284 922 magnifi—

711 927 837 958 ficentia
873 938 967 968 quam
1001 936 1079 958 esset
1112 929 1257 967 jejunum
1277 931 1283 958 !

712 975 801 1015 quod
821 982 904 1005 recte
926 976 1022 1004 sensit
1045 976 1196 1005 Catroeus.
1219 975 1285 1005 Alii

712 1021 843 1051 indutos
860 1028 966 1062 postes
984 1022 1071 1051 aereis
1091 1022 1216 1051 laminis
1236 1023 1284 1051 iu-

712 1068 880 1108 telligunt;
915 1075 944 1097 at
970 1078 1029 1098 nec
1050 1067 1112 1097 hoc
1130 1070 1195 1097 sive
1217 1079 1285 1097 sen-

712 1115 762 1143 sui
779 1115 844 1143 sive
858 1114 981 1152 jndicio
999 1121 1109 1144 nostro
1127 1114 1284 1145 satisfacit.

713 1161 828 1190 ss‘exas
846 1170 909 1190 a‘re
925 1160 1028 1190 trabes
1044 1161 1195 1200 putabam
1208 1161 1284 1190 olim

713 1206 814 1236 dictos
844 1213 950 1246 postes
975 1207 1069 1236 aeueis
1102 1207 1285 1236 cardinibus

709 1253 837 1289 junctos
856 1263 864 1289 ;
905 1252 1002 1293 idque
1026 1259 1133 1293 patere
1164 1253 1215 1282 vel
1245 1264 1284 1282 ex

711 1298 877 1329 Claudiani
906 1300 1082 1328 imitatione
1109 1300 1254 1330 XXXIII
1272 1323 1280 1337 ‚

713 1344 1041 1385 237fe1ratip05te5;
1064 1345 1284 1386 immensaque

711 1391 809 1420 nectit
827 1391 974 1421 Claustra
991 1391 1132 1430 chalybs,
1150 1391 1182 1422 h.
1201 1403 1227 1421 e.
1243 1403 1283 1422 ex

712 1437 847 1479 chalybe
873 1445 961 1468 erant
988 1437 1131 1468 cardines
1152 1439 1284 1468 immen—

711 1494 817 1513 sarum
843 1485 1017 1515 valvarum.
1044 1486 1118 1515 Non
1142 1484 1283 1514 videram

711 1530 885 1560 verborum
909 1532 1055 1561 ordinem
1080 1541 1145 1561 esse
1168 1531 1257 1561 hunc
1276 1542 1283 1561 t

710 1587 867 1617 neoeoeque
878 1577 1043 1608 liminibus
1054 1600 1062 1614 ‚
1082 1578 1238 1616 adjunctae
1255 1586 1285 1608 et

710 1623 865 1663 impositae
886 1624 989 1654 limini
1011 1623 1132 1660 trabes,
1159 1631 1283 1664 postes,

711 1670 900 1710 surgebant,
935 1678 1024 1700 erant
1047 1681 1087 1699 ex
1110 1681 1184 1700 cere.
1199 1673 1280 1700 Tan-

711 1715 782 1745 dem
783 1716 910 1757 foribus
925 1717 1022 1746 cardo
1037 1716 1192 1746 stridebat
1208 1715 1283 1745 alze-

712 1761 769 1797 m's‚
785 1762 853 1792 scil.
873 1764 955 1792 fores
968 1770 1057 1792 erant
1069 1772 1173 1792 aeneae.
1188 1762 1283 1802 Quod

711 1814 817 1837 autem
849 1809 940 1838 toties
969 1810 1131 1838 materiam
1149 1809 1280 1848 repetit,

712 1854 786 1882 facit
805 1855 936 1884 Homeri
959 1854 1116 1894 exemplo.
1139 1854 1178 1884 cf.
1203 1856 1281 1884 Bur·

711 1909 864 1929 mannum
887 1900 926 1929 ad
944 1900 1040 1931 Oxid.
1057 1900 1114 1930 lib.
1140 1901 1172 1930 11
1201 1903 1281 1931 Met.

716 1955 789 1984 107.

759 1992 835 2028 452.
857 1992 998 2035 Afflictis
1013 1992 1126 2022 melius
1148 1993 1282 2036 confide-

710 2049 743 2068 re
768 2038 866 2069 rebus.
889 2040 936 2069 De
961 2039 1050 2068 rebus
1071 2037 1200 2083 afflictis
1225 2051 1279 2069 ex-

710 2085 775 2125 plet
789 2087 875 2115 Serv.
892 2092 923 2115 et
937 2087 1042 2116 ceteri.
1062 2086 1122 2116 Sed
1141 2093 1172 2116 et
1193 2086 1282 2116 abso—

709 2131 776 2161 lute
797 2132 842 2160 sic
862 2133 994 2172 ponitur
1016 2133 1108 2162 etiam
1126 2132 1211 2173 apud
1233 2133 1281 2163 Ci-

707 2188 872 2215 ceronem3
898 2189 986 2208 nunc
1007 2179 1112 2221 magis
1128 2179 1281 2208 fiduciam

707 2224 823 2254 habere
840 2224 977 2254 forrunae
997 2236 1063 2257 suae
1082 2226 1204 2268 coegit3
1225 2225 1279 2255 he-

708 2281 748 2301 ne
762 2270 800 2300 de
815 2281 849 2301 ea
861 2281 995 2312 sperare.
