1433 2460
125 150 187 187 373
596 150 813 181 EXCURSI'S
839 150 852 180 1

122 211 259 239 frimam
273 214 447 248 portusque
461 206 606 249 relinquo
617 232 626 245 ,
645 211 688 240 Ec
704 220 834 251 campos
847 209 901 239 ubi
920 211 948 240 T
946 209 1016 251 rosa
1024 209 1102 251 fiu'e.
1120 210 1216 240 Femr
1230 209 1325 239 exsul

125 264 156 293 in
176 264 289 293 alcum.

170 319 309 348 Primum
323 316 453 358 quidem
468 327 598 348 cursum
611 317 645 346 iu
658 317 824 346 Thracium
843 318 947 348 tenuit
962 327 970 349 :
989 319 1054 356 111,
1074 329 1086 348 1
1096 319 1113 348 3
1131 328 1199 358 ειη.
1217 332 1266 341 —-
1280 317 1324 347 68

127 372 222 400 Tetra
234 369 347 410 procul
360 369 465 399 vastis
482 369 598 398 colitur
622 367 781 398 Mavortia
804 367 937 408 campis.
960 367 1097 399 Thraces
1115 374 1223 399 aram.
1242 368 1325 400 Con-

123 424 168 453 dit
185 424 236 454 hic
252 425 286 453 in
300 423 415 453 litor-mli
428 423 516 464 plaga
532 422 663 459 urbem,
679 422 858 452 AEneadas.

171 477 299 508 Par-‘ibat
315 479 427 507 AEncas
447 477 582 514 Veneri,
601 477 695 514 Jovi,
721 476 851 517 aliisque
870 475 931 505 diis
947 485 1092 514 sncmm,
1111 486 1178 516 quo
1195 484 1269 506 cum
1287 474 1326 504 ad

121 542 204 561 anun
222 531 385 561 velandam
407 531 537 561 frondes
560 541 600 561 cx
619 531 768 571 proximo
782 530 923 572 virgulto
939 536 1075 571 peteret,
1090 528 1238 571 prodigio
1254 539 1326 560 san-

120 587 227 627 guinis
249 597 288 616 ex
316 586 418 627 ruptis
441 587 533 616 ramis
557 585 686 616 fluentis
707 595 846 627 moxque
867 585 990 615 umbrae
1007 583 1161 625 Polydori
1182 584 1325 620 monitu,

122 640 242 670 inferiis
255 640 284 669 ei
299 639 386 669 factis
396 662 404 677 ‚
420 647 501 670 terra
513 641 666 678 excessit;
681 639 769 680 qnod
783 650 849 670 non
865 640 926 669 uisi
943 649 1015 669 vere
1028 645 1180 679 sequente
1192 638 1324 668 factum.

170 694 314 724 Hiemem
332 695 365 723 iu
386 694 520 724 Thracia
539 694 594 736 (h.
618 705 646 725 e.
672 694 818 736 Pallene)
842 704 858 723 a
883 694 1030 732 Trojanis
1053 699 1213 730 exactam,
1229 691 1326 722 etium

124 748 257 788 Dionys.
276 759 316 778 ex
331 750 497 779 communi
515 750 637 780 ratione
653 749 749 780 tradit
765 751 779 780 Ι
791 771 799 787 ,
821 755 863 790 49
876 755 907 779 et
923 749 965 778 63
977 771 985 786 ,
1001 748 1060 778 etsi
1075 747 1247 788 superioris
1260 747 1324 786 jam

123 803 213 835 anui2
234 813 305 831 nain
331 802 426 841 hujus
449 804 525 833 anni
546 803 680 834 hiemem
696 805 729 834 in
754 803 858 835 Sicilia
878 803 917 833 ab
934 803 973 833 iis
994 807 1194 833 consumtam
1212 801 1324 842 ponit3

123 865 157 885 ut
179 856 257 887 adeo
277 864 428 898 sequente
442 867 527 888 anuo
541 859 683 889 secundo
699 870 716 888 a
729 860 825 898 Troj³
847 866 937 900 capta
953 857 994 888 ad
1009 868 1119 900 agrum
1137 859 1325 887 Laurentem

123 911 337 950 pervenerint.
359 913 398 941 Et
418 912 500 943 hanc
518 913 671 944 rationem
696 914 823 954 sequuti
837 921 913 944 sunt
935 913 987 943 alii
1002 922 1008 942 :
1026 919 1063 943 ut
1075 915 1109 944 L.
1124 912 1250 943 Cassius
1262 912 1325 941 lie-

123 966 207 994 mina
221 975 270 1005 ap.
288 965 378 995 Solia
397 976 424 996 c.
447 977 477 996 2.

263 1035 290 1054 a.
310 1025 345 1054 C.
367 1026 405 1055 N.
550 1037 565 1056 a
581 1028 676 1066 Troja
692 1034 783 1068 capta
924 1028 1076 1057 Eri-orum
1094 1027 1200 1056 AEneae

292 1089 304 1109 1
316 1090 327 1109 1
337 1079 377 1108 82
615 1091 643 1112 a.
663 1092 680 1111 2
1033 1091 1060 1111 a.
1080 1081 1098 1111 3

171 1160 253 1190 Inde
268 1160 322 1189 nbi
330 1161 440 1201 prima
448 1161 536 1205 fides
548 1162 686 1203 pelage,
701 1161 903 1203 placataque
919 1161 1015 1193 ‘venti
1036 1162 1130 1191 Dant
1145 1160 1251 1192 maria
1265 1166 1325 1190 etc.

124 1215 196 1243 Eu.
211 1215 274 1250 ΙΙΙ,
293 1215 347 1256 69.
365 1216 448 1246 Vere
460 1217 606 1253 ineunte,
622 1215 710 1260 ἔαρος
726 1214 918 1260 ἀρχεμένου,
934 1217 1014 1247 mari
1029 1215 1185 1258 patefacto
1196 1239 1205 1254 ‚
1219 1226 1328 1246 versus

122 1268 369 1311 Archipelagum
385 1271 552 1311 navigant,
566 1271 682 1301 Delum
702 1272 905 1312 perveniunt.
924 1271 977 1302 Ab
990 1272 1076 1302 Anio
1092 1270 1241 1302 Anchisae
1254 1269 1324 1300 hos-

121 1324 186 1363 pite
208 1323 346 1365 benigne
365 1326 491 1365 excepti
516 1325 700 1366 Apollinem
728 1326 921 1363 consulunt;
946 1335 963 1354 a
978 1336 1044 1366 quo
1063 1335 1138 1355 cum
1162 1325 1325 1364 antiquam

120 1384 254 1406 matrem
275 1379 463 1417 exquirere,
487 1377 519 1408 h.
545 1389 572 1408 e.
600 1389 668 1408 eam
691 1385 806 1407 terram
830 1387 987 1419 repetere,
1002 1379 1081 1416 jussi
1101 1383 1218 1415 essent,
1242 1377 1327 1407 unde

121 1430 255 1468 majores
283 1432 496 1469 Trojanorum
523 1433 679 1473 progressi
706 1431 745 1460 ad
769 1433 872 1470 Trojae
898 1432 967 1462 loca
993 1431 1070 1462 olim
1097 1438 1306 1472 pervenerant
1318 1454 1326 1468 ‚

120 1483 280 1514 Anchises
303 1493 372 1513 eam
391 1484 516 1514 Cretam
542 1485 785 1524 interpretatus,
810 1484 896 1515 unde
922 1485 1081 1515 Teucrum
1108 1484 1147 1514 ad
1170 1483 1327 1514 Troadem

121 1538 281 1578 appulisse
299 1549 317 1567 a
334 1537 509 1578 majoribus
529 1545 711 1579 acceperat,
728 1549 795 1568 eam
814 1546 920 1580 petere
934 1537 1036 1577 jubet.
1058 1537 1112 1569 Ad
1132 1538 1215 1568 hanc
1230 1538 1328 1579 igitur

121 1592 260 1621 insulam
275 1591 361 1622 bona
383 1603 438 1634 spe
455 1593 570 1623 alacres
587 1603 716 1622 cursum
733 1592 891 1635 dirigunt,
914 1594 963 1631 11,
985 1594 1025 1632 73
1042 1611 1089 1617 —-·
1114 1593 1188 1625 131.
1204 1592 1328 1624 Idome-

125 1658 203 1677 neus
213 1648 277 1685 jam
291 1653 360 1676 tum
377 1647 469 1678 Creta
481 1654 549 1677 erat
563 1657 579 1676 a
595 1648 659 1677 suis
671 1646 824 1688 expulsus
838 1659 868 1678 v.
890 1658 928 1678 12
938 1658 966 1679 1.
981 1646 1134 1679 Condunt
1150 1647 1202 1678 hic
1216 1648 1327 1678 urbem

124 1704 356 1742 Pergameam‚
385 1703 552 1731 instruunt
577 1700 708 1739 domos,
737 1702 850 1732 colunt
866 1712 975 1744 agros,
1002 1709 1033 1733 et
1051 1710 1135 1733 terra
1157 1713 1189 1734 se
1213 1713 1231 1734 a
1257 1703 1328 1733 fatis

125 1762 298 1785 monstrata
312 1765 401 1785 nunc
419 1755 547 1785 tandem
562 1756 681 1797 potitos
697 1767 762 1786 esse
779 1756 938 1794 laetantur,
953 1769 983 1788 v.
1003 1757 1064 1788 132
1079 1774 1126 1780 ·-—-
1146 1757 1223 1796 137.

173 1811 261 1839 Inter
272 1809 341 1839 haec
358 1820 461 1840 annus
475 1820 558 1840 unus
572 1817 604 1840 et
616 1809 694 1840 alter
708 1811 796 1841 exire
812 1810 941 1850 debuit3
954 1823 1059 1852 neque
1071 1811 1161 1843 aliter
1176 1823 1328 1844 numerus

127 1863 178 1893 ille
194 1864 390 1903 septenarius
404 1874 565 1894 annorum
581 1862 700 1895 confici
715 1866 817 1905 possit
827 1888 836 1904 ,
851 1866 911 1896 nisi
926 1867 969 1896 ita
985 1866 1142 1896 statueris.
1157 1866 1258 1908 Igitur

268 1954 295 1974 a.
311 1944 346 1975 C.
363 1945 402 1975 N.
546 1955 563 1974 a
578 1945 675 1985 Troja
687 1952 778 1987 capta
918 1948 1072 1978 Errornm
1087 1950 1193 1978 AEneae

294 2008 308 2028 1
319 2010 330 2028 1
339 1999 356 2028 8
365 2009 378 2028 1
618 2009 645 2030 a.
662 2001 679 2030 3
1032 2012 1060 2032 a.
1077 2008 1097 2038 4

127 2072 162 2101 in
178 2082 259 2101 nova
275 2073 403 2102 colonia'
418 2073 519 2104 Cretae
535 2074 745 2104 consumitur.
764 2074 888 2103 Interea

269 2149 294 2169 a.
309 2140 346 2169 C.
366 2141 407 2170 N.
550 2150 566 2170 a
579 2139 675 2179 Troja
688 2147 777 2181 capta
917 2139 1071 2170 Erret-um
1085 2139 1190 2170 AEneae

297 2203 310 2221 1
322 2193 383 2222 180
617 2203 644 2225 a.
664 2199 684 2229 4
1011 2203 1037 2223 a.
1056 2194 1074 2223 5

127 2263 247 2294 siccitas
261 2273 423 2306 agrorum,
439 2266 518 2295 aeris
529 2264 682 2308 gravitas,
695 2263 765 2296 lues
775 2264 967 2306 corporibus
978 2264 1102 2296 infesta.
1116 2265 1199 2296 Cum
1213 2266 1328 2296 iterum
