1433 2460
598 114 719 143 LIBER
746 113 786 142 11.

1230 124 1289 151 ΠΤ

149 191 161 203 a
175 174 316 210 Cuncta
329 170 504 221 equidem
516 170 585 208 tibi
594 198 605 217 ,
616 173 696 207 Rex
705 198 716 216 ‚
729 169 842 206 suerit
853 169 1133 219 quodcumque,
1144 169 1294 207 fatebor

94 236 211 278 Vera,
228 233 368 283 inquit3
387 245 511 282 neque
531 245 590 269 me
608 230 786 281 Argolica
802 229 848 266 de
864 239 974 280 gente
994 229 1140 280 negabo
1158 245 1166 267 :

95 295 177 330 Hoc
188 293 368 342 primum3
386 306 472 339 nec,
487 292 518 330 si
534 292 714 329 miserum
724 294 894 328 Fortuna
908 291 1087 328 Sinonem

95 352 238 398 Finxit,
257 365 397 390 vanum
413 352 526 389 etiam
544 351 839 401 mendacemque
860 350 1036 400 improba
1055 351 1179 402 finget.
1262 361 1294 384 zo

95 410 225 448 Fando
245 411 399 462 aliquod
413 413 444 451 si
461 413 558 450 forte
576 420 658 450 tuas
678 412 851 462 pervenit
868 410 914 448 ad
931 411 1032 448 auris

96 589 174 612 esset
205 592 314 612 versus
340 592 347 612 z
378 592 435 611 nec
463 583 505 611 ita
535 581 669 622 abrupte

97 628 193 658 verba
233 628 333 658 ordiri
371 628 473 658 solent
504 628 670 668 loquentes

97 675 182 716 apud
197 681 354 704 nostrum.

148 732 201 759 77.
234 721 342 750 Fuerit
369 720 577 760 quodcunque
601 720 670 749 Pie-

98 769 164 798 n'us
179 774 209 796 et
223 767 331 796 Heins.
341 789 349 802 ‚
366 766 561 806 optimorum
575 764 669 794 codd.

100 821 132 844 et
156 812 299 847 Phaedri,
334 813 452 847 Servii,
488 812 670 851 Donatique

100 860 286 890 auctoritate
315 857 502 887 defendunt.
535 857 644 899 Vulgo
662 880 670 895 ‚

95 905 222 947 fuer-im
243 915 449 945 quaecunque.
464 922 511 927 —-
525 906 601 934 Haec
629 906 673 935 Si-

101 953 194 983 nonis
216 952 316 981 oratio
336 952 454 981 eximio
476 950 612 981 artificio
627 958 673 981 est

102 999 277 1039 composita
287 1021 295 1035 ‚
309 997 398 1038 quod
414 998 504 1027 facile
516 998 552 1027 in
564 999 673 1038 singu-

101 1045 139 1075 lis
153 1044 323 1075 declarabit
335 1045 500 1084 interpres,
513 1044 564 1073 vel
576 1054 674 1073 unus-

101 1093 236 1132 quisque
263 1091 324 1120 sibi
342 1090 453 1121 lector.
471 1093 501 1120 A
521 1091 603 1120 veris
622 1091 672 1119 in-

102 1139 180 1179 cipit
207 1138 310 1167 dicere
335 1144 365 1166 et
390 1138 425 1166 in
446 1136 520 1166 falsa
538 1136 671 1174 desinit,

101 1191 139 1214 ut
164 1184 244 1214 bene
269 1185 355 1213 Serv,
378 1184 462 1213 Nota
479 1183 564 1212 enim
585 1189 674 1212 erant

101 1237 133 1260 et
157 1230 316 1266 confessa,
350 1239 422 1268 quae
445 1228 484 1259 de
508 1228 673 1259 Palamede

101 1283 133 1306 et
156 1276 278 1316 L‘lyssis
296 1274 378 1305 odiis
399 1281 541 1312 narrrat3
563 1285 673 1304 verum

100 1323 193 1352 etiam
205 1321 384 1352 Calchantis
397 1331 584 1362 responsum
596 1331 605 1358 ;
619 1321 674 1351 sed

99 1378 118 1398 a
130 1369 270 1409 Tragicis
290 1368 354 1397 fere
376 1368 417 1397 ad
438 1368 610 1409 Polyxenae
624 1377 672 1397 sa-

100 1413 257 1444 crificium
270 1416 305 1444 in
314 1414 449 1444 Achillis
457 1414 583 1444 tumulo
596 1420 675 1443 trac-

100 1468 178 1491 tum.
200 1463 351 1491 Praeterea
361 1483 369 1497 ,
386 1467 422 1490 ut
435 1461 532 1490 animi
545 1460 674 1490 audien-

100 1507 181 1537 tium
191 1514 278 1537 tanto
286 1508 383 1549 magis
393 1508 568 1547 capiantur,
579 1507 672 1536 etiam

99 1555 332 1584 miserationem
365 1560 490 1590 movet3
526 1554 672 1593 inprimis

100 1610 131 1629 v.
162 1601 221 1638 137
256 1610 362 1640 seqq.‚
387 1610 469 1639 quos
492 1600 560 1629 sine
580 1606 671 1629 motu

101 1646 197 1675 animi
210 1646 266 1675 vix
279 1646 430 1687 perlegas.
446 1646 585 1675 Videtur
602 1646 671 1675 haec

99 1693 201 1722 oratio
211 1714 220 1729 ,
233 1693 295 1721 nisi
310 1702 352 1721 ex
363 1691 514 1733 tragoedia
531 1698 578 1721 est
594 1691 672 1721 duc-

100 1744 130 1767 ta
141 1761 149 1775 ‚
177 1745 241 1768 tota
270 1738 406 1779 Virgilio
430 1737 549 1768 deberi.
578 1738 671 1768 Certe

100 1785 134 1813 in
155 1785 213 1821 iis,
241 1794 322 1824 quos
343 1783 514 1820 habemus,
547 1785 671 1823 Quinto

101 1830 235 1861 Calabro
248 1837 279 1860 et
290 1829 516 1870 Tryphiodoro
527 1852 535 1866 ‚
551 1831 608 1870 qui
620 1840 672 1859 ex-

100 1878 252 1918 scripsere
276 1883 416 1914 veteres,
441 1877 581 1917 Quintus
602 1877 671 1916 qui-

100 1922 173 1953 dem
194 1923 326 1963 propius
343 1923 383 1952 ad
398 1929 541 1953 nostrum
554 1945 563 1959 ‚
587 1932 603 1951 a
624 1924 672 1953 Si-

101 1980 186 2000 none
204 1980 240 1999 ea
262 1979 334 2009 quae
357 1971 392 1999 in
410 1968 554 1999 fraudem
570 1967 673 1999 finxe-

85 2023 150 2046 ‘rat
161 2039 169 2053 ,
190 2016 295 2056 simpl.
309 2021 527 2057 exponuntur.
550 2015 674 2046 Cuncta

94 2061 230 2103 fatebor
238 2073 320 2092 vera
331 2085 340 2100 ,
359 2073 432 2092 vere
442 2085 451 2099 ‚
457 2061 563 2103 fherz't
575 2062 675 2102 quod-

104 2119 227 2149 eunque
242 2108 275 2139 h.
294 2120 322 2139 e.
341 2108 496 2150 quicquid
513 2110 672 2145 evenerit,

105 2154 246 2196 mihique
268 2155 384 2185 exinde
403 2155 565 2186 acciderit.
590 2157 674 2185 Bene

105 2202 191 2232 Serv.
210 2200 231 2232 i.
245 2212 271 2232 e.
285 2202 467 2243 quicunque
489 2212 540 2233 me
561 2212 675 2243 sequa-

103 2254 156 2277 tur
167 2255 303 2279 evemus.

772 591 825 620 79.
852 581 920 609 Hoc
936 579 1077 620 primum
1100 581 1219 610 scilicet
1246 593 1297 611 re·

723 636 794 655 rum
812 626 944 654 fatebor.
965 627 1014 655 Sic
1032 627 1140 667 junge.
1164 628 1297 668 Reliqua

723 682 764 701 ex
777 672 877 701 Accio
890 672 925 700 in
938 670 1079 710 Telepho
1093 679 1192 702 sumta
1201 696 1209 710 ‚
1226 676 1295 704 Ma-

723 717 814 747 crob.
825 723 901 746 teste
911 719 973 747 Sat.
982 718 1040 754 VI,
1057 728 1070 746 1
1081 719 1167 747 Nam
1179 719 1208 748 si
1216 731 1236 748 α
1247 731 1296 750 me

733 774 865 804 regnum
875 765 1020 793 Fortuna
1028 771 1124 804 atque
1137 775 1212 805 opes
1225 766 1296 796 Eri-

718 820 798 851 pere
807 809 915 851 quivt't,
928 817 964 839 ac
972 810 1124 840 virtutem
1133 822 1198 841 non
1205 812 1297 852 quiit.

773 856 920 886 81—85.
942 856 1056 886 Fando
1073 857 1106 887 h.
1122 868 1148 888 e.
1166 868 1297 888 narran-

725 903 766 933 do
778 926 787 941 ,
808 903 943 933 aliorum
958 904 1149 934 narratione.
1167 906 1299 934 Formu-

724 950 755 980 la
773 949 897 980 exordii
919 950 1013 979 etiam
1036 950 1123 990 apud
1146 950 1223 981 alios
1239 951 1298 981 ob-

726 997 777 1026 via
794 1006 801 1026 :
819 1007 849 1026 v.
874 1007 901 1026 c.
924 995 1078 1036 Apollon.
1102 998 1153 1033 H,
1191 1003 1276 1033 1141
1289 1021 1298 1035 ‚

726 1043 784 1072 uhi
805 1041 945 1072 Brunck.
965 1043 1089 1072 notavit
1104 1043 1200 1074 Ovid.
1217 1045 1297 1074 Met.

726 1091 798 1125 XV,
818 1094 895 1128 497.
917 1088 1030 1118 Gloria
1049 1088 1172 1128 inclyta
1195 1089 1297 1128 adjec-

726 1141 760 1164 to
773 1134 894 1176 fama,
919 1145 976 1175 per
1006 1135 1139 1172 famam,
1164 1136 1300 1166 auditio-

726 1191 799 1210 nem
810 1203 818 1218 ,
836 1182 1067 1219 narrationem,
1081 1188 1230 1211 ornatum
1242 1189 1300 1212 est.

726 1227 860 1268 Pelasgi
880 1227 913 1257 h.
937 1227 960 1257 1.
986 1227 1123 1264 Achivi,
1144 1229 1300 1257 seriorum

727 1273 914 1304 Graecorum
927 1283 1025 1303 more.
1048 1275 1129 1303 Nam
1141 1275 1300 1303 Homerus

725 1329 891 1360 nunquam
899 1320 943 1348 ita
950 1329 958 1350 :
966 1320 1108 1360 agnoscit
1113 1319 1167 1349 ille
1174 1326 1299 1349 tautum

726 1365 871 1406 Pelasgos
894 1366 929 1395 in
959 1365 1117 1396 Thessalia
1147 1366 1299 1395 Larissam

725 1412 901 1442 incolentes
914 1412 952 1442 11.
967 1409 1006 1450 β,
1029 1412 1094 1447 840
1109 1421 1117 1442 :
1131 1422 1230 1452 porro
1244 1414 1299 1442 Pe-

725 1458 827 1500 lasgos
852 1459 936 1487 inter
956 1459 1170 1496 Trojanorum
1196 1459 1299 1488 socios

726 1515 800 1534 cum
823 1504 1006 1544 LelegibnS,
1039 1504 1244 1534 Cauconibus
1268 1512 1299 1534 et

725 1550 922 1587 aliis‚11iad.
947 1560 985 1587 κ,
1015 1555 1093 1591 429.
1118 1551 1216 1580 Bella
1242 1561 1299 1580 ve-

724 1597 833 1634 tabat,
850 1596 1050 1626 dissuadebat
1064 1597 1185 1627 bellum
1201 1604 1231 1627 et
1246 1607 1300 1637 op-

724 1644 954 1685 pugnationem
984 1645 1012 1672 T
1009 1643 1098 1685 rojoe.
1121 1643 1296 1673 Demitcere

725 1690 807 1725 neci,
825 1691 991 1730 exquisite,
1005 1689 1045 1719 ad
1059 1689 1300 1719 similitudinem

724 1736 852 1765 alterius
865 1737 976 1766 formae
990 1745 998 1766 :
1015 1735 1181 1765 demittere
1199 1736 1296 1770 Orco,

724 1782 858 1817 umbris,
880 1781 913 1812 h.
931 1792 958 1812 e.
973 1781 1016 1811 ad
1039 1782 1110 1811 loca
1123 1781 1234 1818 infera,
1259 1791 1300 1810 ex

725 1829 896 1857 Homerico
921 1824 1022 1868 ψυχὰς
1046 1823 1102 1857 άΐδ
1104 1839 1113 1857 ι
1127 1825 1278 1870 προΐαψεν
1290 1850 1299 1864 ,

725 1874 783 1903 ubi
796 1885 827 1903 v.
845 1873 951 1904 Clark.
965 1874 1065 1903 Falsa
1079 1873 1134 1903 sub
1144 1874 1300 1914 proditio-

727 1930 788 1955 ne,·
805 1919 837 1950 h.
859 1930 886 1950 e.
907 1919 967 1949 suh
987 1919 1064 1950 falso
1081 1921 1214 1950 crimine
1226 1931 1300 1961 pro-

725 1966 873 2004 ditionis,
893 1973 930 1996 ut
950 1967 1032 1996 bene
1054 1969 1141 1998 Serv,
1163 1977 1235 1997 nam
1251 1967 1301 1996 lit-

727 2020 807 2043 teras
820 2014 886 2051 ejus
899 2012 940 2042 ad
953 2015 1113 2044 Priamum
1130 2012 1227 2051 datas,
1245 2012 1300 2043 sed

728 2070 746 2089 a
766 2070 798 2090 se
823 2058 932 2097 fictas,
962 2060 1138 2100 protulerat
1160 2060 1299 2102 Ulysses.

730 2106 860 2137 Cassum
877 2106 1018 2143 lumine,
1038 2107 1200 2148 privatum
1215 2108 1281 2137 vita
1292 2129 1300 2141 ‚

727 2154 855 2194 antique
879 2158 911 2182 et
932 2152 1036 2184 docte,
1054 2153 1233 2184 Palamedes
1247 2153 1302 2183 hic

726 2199 858 2240 Nauplii
872 2199 893 2230 f.
905 2199 1034 2230 Belides
1044 2199 1078 2230 h.
1089 2200 1111 2230 l.
1122 2222 1132 2238 ,
1148 2201 1301 2240 quoniam

728 2247 794 2286 ejus
819 2246 887 2276 avia
908 2247 1110 2288 Amymone,
1137 2246 1241 2277 Danai
1263 2245 1300 2275 fi-
