1402 2460
514 131 574 161 AD
598 131 761 162 LIBRUM
788 132 843 161 IV.
1219 135 1284 174 389

82 197 201 218 nomen
217 194 332 218 temere
350 188 384 218 in
401 187 462 218 hoc
485 195 610 229 tempus
629 190 757 226 referri,
782 190 871 219 facile
891 198 1037 231 apparet;
1053 199 1159 222 manet
1183 199 1288 223 tamen

82 241 176 279 illud,
197 242 305 282 paullo
325 249 396 272 ante
418 242 494 272 belli
509 243 639 280 Trojani
656 248 815 283 tempora,
832 246 855 274 L
871 244 921 273 vel
941 244 1019 274 adeo
1046 246 1210 276 XXXVII
1233 257 1288 275 au-

82 304 156 332 nos,
183 295 378 337 Carthaginis
402 297 503 336 prima
526 295 659 325 exordia
680 297 715 325 111
734 299 832 326 veteri
853 298 983 327 historia
1009 300 1177 329 memorari
1196 300 1289 330 solita

82 347 187 378 fuisse.
203 348 318 378 Altera
332 349 529 390 Carthaginis
545 349 681 378 conditae
700 349 819 390 epocha
835 357 881 379 est
898 351 1062 382 CLXXIII
1076 363 1102 382 a.
1118 359 1189 393 post
1206 353 1290 393 prio-

83 413 149 432 rem
169 402 276 440 illam,
294 403 403 444 paullo
426 410 498 433 ante
520 403 677 433 coloniam
696 405 837 434 Ionicam
850 427 857 440 ,
883 405 1061 436 secundum
1085 406 1203 437 Chron.
1228 408 1290 437 Eu-

81 457 147 487 seb.
165 457 359 498 Hieronymi
382 458 419 487 ad
435 459 530 488 Num.
550 469 591 498 97
602 469 629 495 1,
648 465 702 488 aut
718 458 776 500 (ut
793 460 900 489 verius
916 460 1000 500 apud
1015 461 1200 502 Syncellum
1214 461 1290 502 legi-

81 517 144 549 tur,
169 513 225 552 qui
243 513 353 542 Graeca
374 512 502 543 Eusebii
524 513 660 542 servavit
681 522 714 553 p.
746 513 804 543 181
832 515 884 555 A)
907 515 1079 545 CXXXIII
1109 515 1198 545 annis
1218 525 1278 556 pos

82 566 210 604 Trojam
230 573 371 607 captam,
386 566 417 597 h.
433 577 460 596 e.
478 577 504 597 a.
523 567 558 598 C.
588 567 673 610 1025
691 567 779 609 (sec.
795 568 910 598 Euseb.
935 568 1055 609 1044).
1076 570 1144 599 Hae
1160 579 1290 609 quoque

81 620 200 660 epocha
222 620 359 651 Didonis
383 631 478 662 opera
497 621 692 660 celebratur,
718 633 790 662 quae
813 622 1034 664 amplificanda
1054 633 1089 653 ac
1116 624 1289 655 munienda

81 674 160 704 urbe
187 674 301 713 Cartha
313 698 321 712 ‚
349 682 381 705 et
409 677 509 716 Byrsa
538 686 606 706 arce
635 676 802 706 condenda
815 700 823 714 ‚
849 679 986 707 maxime
1014 677 1075 707 fuit
1107 686 1287 719 conspecta.

80 721 253 761 Επεκτίσθη
269 725 448 772 Καρχηδὼν
463 730 505 760 ait
524 730 692 771 Syncellus
707 740 715 761 :
729 732 847 772 accepit
861 733 954 761 etiam
967 731 1024 761 illo
1038 737 1179 772 tempore
1193 743 1289 762 51111111

80 793 214 821 nomen,
235 794 308 813 cum
331 791 420 814 antea
437 786 536 825 Origo
553 792 632 815 esset
647 785 745 823 dicta3
765 787 790 815 si
806 785 902 816 modo
921 796 995 815 vera
1011 785 1106 815 tradit
1121 787 1289 827 Syncellus

81 836 215 878 (XXXI
240 839 331 869 annis
354 840 453 869 serius
478 838 517 868 ab
544 839 611 869 aliis
637 839 720 870 hanc
748 839 903 880 epocham
929 838 1094 869 definitam
1121 841 1231 878 fuisse,
1249 853 1290 871 ex

80 892 220 923 Eusebio
235 894 428 934 Hieronymi
449 892 549 923 discas
563 893 602 923 ad
619 895 716 924 Num.
742 903 828 923 1002
842 917 851 931 ‚
870 903 931 923 sec.
947 893 1057 935 Scalig.
1081 903 1185 932 1000,
1200 895 1288 934 quod

79 946 113 975 111
128 946 194 986 ipsa
207 946 384 977 Salomonis
398 954 540 987 tempora
552 946 697 988 incidit).
716 946 861 977 Tandem
878 945 963 977 CXC
979 956 1078 976 annos
1091 946 1148 976 ubi
1162 947 1289 978 descen—

80 1000 179 1038 deris,
196 1001 288 1031 certio
302 1001 376 1032 loco
393 1002 592 1043 Carthaginis
617 1001 753 1032 conditae
775 1002 960 1031 memoriam
976 998 1047 1030 fieri
1066 1001 1173 1030 videas
1193 1012 1209 1030 a
1231 1004 1252 1032 J
1255 1014 1288 1032 o-

79 1055 178 1096 sepho
199 1056 235 1085 in
253 1057 372 1096 Apion.
388 1056 444 1087 lib.
463 1058 494 1094 Ι,
516 1057 572 1093 18,
595 1067 627 1097 p.
649 1062 752 1093 1042,
768 1062 799 1086 et
815 1066 856 1085 ex
872 1066 909 1085 eo
926 1065 975 1095 ap.
993 1054 1129 1096 Syncell.
1146 1066 1178 1096 p.
1201 1057 1262 1086 182
1277 1081 1286 1095 ,

81 1117 152 1151 post
169 1110 346 1140 Salomonis
369 1111 525 1152 templum
544 1111 713 1141 conditum
733 1120 817 1140 anno
841 1111 1011 1141 CXXXIII
1026 1120 1133 1139 mense
1148 1119 1262 1142 octavo
1283 1125 1292 1149 3

80 1165 139 1203 qui
152 1170 198 1194 est
212 1170 283 1193 ante
300 1164 334 1195 C.
359 1165 399 1195 N.
424 1165 486 1194 861
501 1187 508 1202 ‚
533 1175 549 1194 a
563 1166 658 1204 Troja
674 1171 763 1206 capta
785 1164 977 1195 CCCXXIII
989 1186 997 1201 ,
1018 1170 1090 1193 ante
1110 1165 1149 1194 U.
1166 1166 1200 1196 C.
1224 1168 1286 1195 108

81 1221 171 1249 Varr.
193 1220 233 1249 Et
255 1218 294 1249 ad
317 1208 375 1249 has*
397 1219 461 1250 fere
479 1220 615 1260 epochas
641 1219 790 1250 alludunt
814 1219 911 1248 ceteri
932 1219 1073 1255 numeri,
1091 1220 1147 1258 qui
1172 1221 1287 1260 passim

79 1272 164 1313 apud
181 1273 257 1302 alios
270 1273 438 1314 leguntur,
455 1274 507 1303 vel
526 1284 566 1303 ex
583 1275 673 1304 annis
685 1297 693 1311 ‚
713 1273 830 1314 quibus
846 1271 1001 1312 Carthago
1017 1272 1138 1301 stetisse
1151 1272 1287 1312 dicitur,

78 1327 258 1357 eliciuntur.
274 1329 346 1357 Iocc
363 1329 437 1358 anni
451 1327 548 1368 vulgo
561 1328 620 1357 hac
641 1329 676 1357 in
692 1338 726 1357 re
743 1326 908 1356 memorati
924 1333 1018 1363 sunt,
1043 1325 1097 1355 sed
1112 1329 1249 1358 termino
1269 1341 1287 1358 a

81 1393 145 1423 quo
163 1390 193 1413 et
220 1381 258 1412 ad
286 1393 380 1423 quem
405 1382 453 1411 illi
479 1383 698 1424 pertingerent
720 1391 833 1422 parum
863 1388 986 1410 exacto.
1015 1381 1192 1412 Auctorem
1215 1385 1288 1414 satis

80 1435 262 1477 diligentem
279 1436 447 1477 Appianus
463 1442 535 1465 ante
551 1435 662 1465 oculos
680 1434 837 1470 hahebat,
866 1445 939 1464 cum
963 1432 1159 1471 ἑπτακοσίοις
1183 1433 1213 1466 δ’
1233 1436 1288 1468 αὺ-

81 1501 150 1526 τους
166 1489 260 1521 ἔτεσιν
279 1488 342 1520 ἀπὸ
359 1491 412 1520 τοῦ
432 1491 625 1531 συνοικισμοῦ
646 1481 785 1531 imp-aiot
806 1486 946 1519 Σικελίαν
965 1486 1138 1530 ἀφείλοντο.
1156 1493 1288 1522 Factum

80 1546 142 1576 hoc
165 1552 236 1576 ante
264 1545 299 1576 C.
326 1545 367 1575 N.
396 1551 482 1581 242,
508 1544 627 1585 quibus
645 1545 672 1574 si
695 1553 795 1573 annos
825 1554 889 1582 700
910 1543 1084 1582 addideris,
1111 1545 1208 1576 habes
1235 1558 1290 1578 an-

80 1610 139 1629 nos
156 1605 221 1639 942
235 1622 243 1636 ,
260 1599 317 1639 qui
330 1608 346 1627 3
366 1599 470 1636 Trojae
485 1597 612 1628 excidio
640 1604 704 1634 242
730 1598 821 1627 annis
836 1597 969 1635 absunt,
994 1597 1136 1639 adeoque
1161 1600 1200 1630 ad
1222 1612 1290 1632 me-

81 1653 164 1683 diam
182 1653 246 1683 fere
262 1651 414 1693 epocham
430 1662 525 1692 supra
537 1658 741 1681 memoratam
755 1657 934 1691 assurgunt.
950 1652 995 1680 At
1013 1661 1090 1680 mox
1104 1653 1156 1682 alii
1174 1665 1288 1694 pamm

81 1708 249 1750 diligenter
268 1717 367 1737 annos
385 1716 450 1745 700
468 1705 505 1736 ad
521 1705 684 1736 excidium
700 1705 896 1746 Carthaginis
915 1704 1095 1744 deduxere,
1113 1714 1150 1737 ut
1164 1709 1199 1737 in
1213 1710 1289 1750 Epi-

82 1771 166 1794 tome
182 1763 263 1793 Livii
287 1763 327 1792 LI
353 1761 489 1791 habetur
511 1771 517 1791 :
541 1762 594 1791 cni
615 1760 824 1802 indiligentiae
847 1759 955 1789 locum
978 1759 1088 1789 fecisse
1106 1762 1289 1801 putandum

80 1817 159 1855 hoc,
179 1816 266 1858 quod
283 1827 346 1857 per
362 1826 427 1854 700
447 1814 711 1858 annosfloruisse
733 1813 894 1855 Carthago
918 1812 1017 1854 vulgo
1035 1814 1197 1846 ferebatur
1218 1827 1225 1847 :
1252 1825 1294 1848 ut

81 1872 114 1900 in
126 1871 204 1900 locis
213 1871 352 1911 Appiani
361 1869 508 1906 habetur,
523 1871 603 1899 Pun.
618 1880 652 1909 p.
674 1869 738 1899 366
748 1892 756 1907 ‚
774 1869 815 1899 55
831 1874 862 1898 et
879 1868 942 1907 493
953 1890 961 1904 ‚
977 1867 1030 1902 35.
1047 1870 1094 1899 Ita
1107 1871 1192 1900 enim
1207 1882 1286 1911 pau-

82 1925 126 1955 cis
138 1924 206 1954 haec
221 1924 381 1965 expedias.
397 1923 548 1955 Pluribus
566 1923 656 1953 aliam
678 1924 836 1954 rationem
860 1925 907 1955 ibi
929 1926 1080 1968 exposuit
1093 1925 1198 1955 editor
1213 1925 1287 1956 doc-

81 1970 159 2019 tiss„
176 1991 288 2012 verum
307 1991 357 2019 ea,
371 1990 443 2021 quae
459 1990 554 2021 super
577 1979 774 2021 Carthaginis
797 1980 976 2020 originibus
991 1981 1073 2010 dicta
1095 1987 1182 2018 sunt,
1202 1981 1286 2022 sigil-

81 2034 170 2066 latim
189 2036 222 2067 h.
239 2036 261 2066 1.
279 2043 420 2076 repetere
435 2035 486 2065 vel
502 2042 668 2072 excutere,
688 2045 703 2063 a
721 2033 855 2064 consilio
871 2035 1009 2066 alienum
1031 2042 1088 2065 est.
1108 2034 1185 2066 vid.
1201 2036 1287 2066 viros

82 2087 211 2127 doctos,
226 2090 372 2131 inprimis
388 2089 498 2130 Scalig.
515 2088 553 2121 ad
568 2088 685 2119 Euseb.
701 2095 731 2118 et
746 2089 780 2118 in
801 2087 888 2129 App‘.
904 2089 942 2119 de
957 2088 1090 2120 Emend.
1104 2090 1237 2129 Tempp.
1253 2100 1286 2129 p.

84 2143 145 2181 31;
163 2143 294 2184 Joseph.
312 2144 335 2174 l.
356 2154 384 2174 c.
396 2143 510 2174 Vellei.
527 2144 542 2173 Ι
553 2166 561 2180 ,
577 2143 614 2181 6,
632 2149 668 2180 4;
689 2143 808 2173 Justin.
823 2143 955 2181 XVIII,
973 2150 992 2180 4
1005 2155 1014 2181 ;
1029 2143 1156 2174 Salmas.
1177 2141 1215 2171 ad
1230 2145 1286 2173 So-

83 2199 140 2229 1111,
159 2208 187 2228 c.
215 2207 269 2235 27,
285 2208 319 2238 p.
342 2197 424 2235 228,
442 2204 491 2235 et,
517 2198 542 2227 si
561 2197 600 2227 ad
618 2207 747 2226 manum
770 2202 832 2234 est,
854 2196 906 2227 vel
922 2198 1036 2229 Notata
1052 2195 1092 2226 ad
1112 2195 1286 2225 Guthrium

87 2251 231 2283 consulas
253 2258 330 2284 tom.
345 2252 411 2291 111,
424 2261 457 2293 p.
477 2251 540 2282 253
558 2262 617 2293 sq„
633 2250 684 2282 vel
697 2251 831 2282 Simson.
848 2252 889 2283 A.
903 2252 950 2284 M.
971 2252 1058 2284 3132
1074 2260 1147 2281 cum
1161 2251 1285 2281 vves-w<

1116 2314 1158 2332 0*

1121 2333 1136 2350 j
