<?xml version="1.0" encoding="UTF-8"?>
<!DOCTYPE html PUBLIC "-//W3C//DTD XHTML 1.0 Transitional//EN"
    "http://www.w3.org/TR/xhtml1/DTD/xhtml1-transitional.dtd">
<html xmlns="http://www.w3.org/1999/xhtml" xml:lang="en" lang="en">
 <head>
  <title>
</title>
<meta http-equiv="Content-Type" content="text/html;charset=utf-8" />
  <meta name='ocr-system' content='tesseract 3.04.00' />
  <meta name='ocr-capabilities' content='ocr_page ocr_carea ocr_par ocr_line ocrx_word'/>
</head>
<body>
  <div class='ocr_page' id='page_1' title='image "./operahey02virguoft_0188.png"; bbox 0 0 1433 2460; ppageno 0'>
   <div class='ocr_carea' id='block_1_1' title="bbox 643 98 837 128">
    <p class='ocr_par' dir='ltr' id='par_1_1' title="bbox 643 98 837 128">
     <span class='ocr_line' id='line_1_1' title="bbox 643 98 837 128; baseline 0 -1"><span class='ocrx_word' id='word_1_1' title='bbox 643 98 837 128; x_wconf 53' lang='lat' dir='ltr'>ambimus</span> 
     </span>
    </p>
   </div>
   <div class='ocr_carea' id='block_1_2' title="bbox 141 154 1192 385">
    <p class='ocr_par' dir='ltr' id='par_1_2' title="bbox 141 154 1192 385">
     <span class='ocr_line' id='line_1_2' title="bbox 141 154 1124 204; baseline -0.003 -12"><span class='ocrx_word' id='word_1_2' title='bbox 141 161 214 195; x_wconf 67' lang='lat' dir='ltr'>Nm·</span> <span class='ocrx_word' id='word_1_3' title='bbox 237 166 368 192; x_wconf 67' lang='lat' dir='ltr'>curura</span> <span class='ocrx_word' id='word_1_4' title='bbox 389 156 500 191; x_wconf 70' lang='lat' dir='ltr'>effusi</span> <span class='ocrx_word' id='word_1_5' title='bbox 521 154 706 200; x_wconf 78' lang='lat' dir='ltr'>lacrimis,</span> <span class='ocrx_word' id='word_1_6' title='bbox 726 155 942 204; x_wconf 78' lang='lat' dir='ltr'>conjuxque</span> <span class='ocrx_word' id='word_1_7' title='bbox 963 155 1102 190; x_wconf 70' lang='lat' dir='ltr'>Creusa</span> <span class='ocrx_word' id='word_1_8' title='bbox 1116 182 1124 197; x_wconf 91' lang='lat'>‚</span> 
     </span>
     <span class='ocr_line' id='line_1_3' title="bbox 145 214 1192 264; baseline -0.004 -11"><span class='ocrx_word' id='word_1_9' title='bbox 145 217 420 264; x_wconf 60' lang='lat' dir='ltr'>Ascanius-que,</span> <span class='ocrx_word' id='word_1_10' title='bbox 439 215 638 264; x_wconf 81' lang='lat' dir='ltr'>omnisque</span> <span class='ocrx_word' id='word_1_11' title='bbox 659 214 813 259; x_wconf 78' lang='lat' dir='ltr'>domus,</span> <span class='ocrx_word' id='word_1_12' title='bbox 835 227 881 250; x_wconf 89' lang='lat' dir='ltr'>nc</span> <span class='ocrx_word' id='word_1_13' title='bbox 898 224 1046 250; x_wconf 63' lang='lat' dir='ltr'>vertere</span> <span class='ocrx_word' id='word_1_14' title='bbox 1067 227 1192 250; x_wconf 73' lang='lat' dir='ltr'>secum</span> 
     </span>
     <span class='ocr_line' id='line_1_4' title="bbox 141 274 1149 325; baseline -0.003 -12"><span class='ocrx_word' id='word_1_15' title='bbox 141 280 282 313; x_wconf 73' lang='lat' dir='ltr'>Cuncta</span> <span class='ocrx_word' id='word_1_16' title='bbox 304 283 429 324; x_wconf 84' lang='lat' dir='ltr'>pater,</span> <span class='ocrx_word' id='word_1_17' title='bbox 449 275 603 325; x_wconf 80' lang='lat' dir='ltr'>satoque</span> <span class='ocrx_word' id='word_1_18' title='bbox 623 275 772 325; x_wconf 78' lang='lat' dir='ltr'>urgenti</span> <span class='ocrx_word' id='word_1_19' title='bbox 790 274 1009 312; x_wconf 81' lang='lat' dir='ltr'>incumbere</span> <span class='ocrx_word' id='word_1_20' title='bbox 1029 275 1149 311; x_wconf 84' lang='lat' dir='ltr'>vellet.</span> 
     </span>
     <span class='ocr_line' id='line_1_5' title="bbox 144 335 1155 385; baseline -0.003 -11"><span class='ocrx_word' id='word_1_21' title='bbox 144 338 336 385; x_wconf 71' lang='lat' dir='ltr'>Abnegat,</span> <span class='ocrx_word' id='word_1_22' title='bbox 356 336 584 385; x_wconf 86' lang='lat' dir='ltr'>inceptoque</span> <span class='ocrx_word' id='word_1_23' title='bbox 602 346 639 373; x_wconf 89' lang='lat' dir='ltr'>et</span> <span class='ocrx_word' id='word_1_24' title='bbox 657 335 811 373; x_wconf 76' lang='lat' dir='ltr'>sedibus</span> <span class='ocrx_word' id='word_1_25' title='bbox 830 335 947 372; x_wconf 81' lang='lat' dir='ltr'>haeret</span> <span class='ocrx_word' id='word_1_26' title='bbox 970 335 1007 371; x_wconf 87' lang='lat' dir='ltr'>in</span> <span class='ocrx_word' id='word_1_27' title='bbox 1027 335 1155 371; x_wconf 64' lang='lat' dir='ltr'>isdem.</span> 
     </span>
    </p>
   </div>
   <div class='ocr_carea' id='block_1_3' title="bbox 148 396 1229 445">
    <p class='ocr_par' dir='ltr' id='par_1_3' title="bbox 148 396 1229 445">
     <span class='ocr_line' id='line_1_6' title="bbox 148 396 1229 445; baseline -0.003 -12"><span class='ocrx_word' id='word_1_28' title='bbox 148 401 290 433; x_wconf 69' lang='lat' dir='ltr'>Rursus</span> <span class='ocrx_word' id='word_1_29' title='bbox 311 397 348 433; x_wconf 92' lang='lat' dir='ltr'>in</span> <span class='ocrx_word' id='word_1_30' title='bbox 366 408 469 432; x_wconf 82' lang='lat' dir='ltr'>arma</span> <span class='ocrx_word' id='word_1_31' title='bbox 486 397 606 441; x_wconf 86' lang='lat' dir='ltr'>seror,</span> <span class='ocrx_word' id='word_1_32' title='bbox 624 405 861 445; x_wconf 85' lang='lat' dir='ltr'>mortemque</span> <span class='ocrx_word' id='word_1_33' title='bbox 877 396 1111 433; x_wconf 83' lang='lat' dir='ltr'>miserrimus</span> <span class='ocrx_word' id='word_1_34' title='bbox 1127 403 1229 444; x_wconf 85' lang='lat' dir='ltr'>opto.</span> 
     </span>
    </p>
   </div>
   <div class='ocr_carea' id='block_1_4' title="bbox 1300 402 1349 426">
    <p class='ocr_par' dir='ltr' id='par_1_4' title="bbox 1300 402 1349 426">
     <span class='ocr_line' id='line_1_7' title="bbox 1300 402 1349 426; baseline 0 0"><span class='ocrx_word' id='word_1_35' title='bbox 1300 402 1349 426; x_wconf 71' lang='lat'>⁶55</span> 
     </span>
    </p>
   </div>
   <div class='ocr_carea' id='block_1_5' title="bbox 147 455 1352 866">
    <p class='ocr_par' dir='ltr' id='par_1_5' title="bbox 147 455 1225 505">
     <span class='ocr_line' id='line_1_8' title="bbox 147 455 1225 505; baseline -0.003 -13"><span class='ocrx_word' id='word_1_36' title='bbox 147 460 242 493; x_wconf 82' lang='lat' dir='ltr'>Nam</span> <span class='ocrx_word' id='word_1_37' title='bbox 258 456 362 505; x_wconf 90' lang='lat' dir='ltr'>quod</span> <span class='ocrx_word' id='word_1_38' title='bbox 380 456 580 493; x_wconf 83' lang='lat' dir='ltr'>consilium</span> <span class='ocrx_word' id='word_1_39' title='bbox 599 465 663 493; x_wconf 88' lang='lat' dir='ltr'>aut</span> <span class='ocrx_word' id='word_1_40' title='bbox 681 468 766 505; x_wconf 86' lang='lat' dir='ltr'>quae</span> <span class='ocrx_word' id='word_1_41' title='bbox 776 455 854 505; x_wconf 87' lang='lat' dir='ltr'>jam</span> <span class='ocrx_word' id='word_1_42' title='bbox 872 456 1024 492; x_wconf 84' lang='lat' dir='ltr'>fortuna</span> <span class='ocrx_word' id='word_1_43' title='bbox 1040 455 1225 492; x_wconf 70' lang='lat' dir='ltr'>dabatur?</span> 
     </span>
    </p>

    <p class='ocr_par' dir='ltr' id='par_1_6' title="bbox 149 516 1143 627">
     <span class='ocr_line' id='line_1_9' title="bbox 149 516 1143 567; baseline -0.001 -14"><span class='ocrx_word' id='word_1_44' title='bbox 149 538 162 548; x_wconf 65' lang='grc' dir='ltr'>«ι</span> <span class='ocrx_word' id='word_1_45' title='bbox 181 520 293 554; x_wconf 89' lang='lat' dir='ltr'>Mene</span> <span class='ocrx_word' id='word_1_46' title='bbox 314 518 452 554; x_wconf 82' lang='lat' dir='ltr'>efferre</span> <span class='ocrx_word' id='word_1_47' title='bbox 472 517 626 567; x_wconf 85' lang='lat' dir='ltr'>pedem,</span> <span class='ocrx_word' id='word_1_48' title='bbox 644 517 813 567; x_wconf 78' lang='lat' dir='ltr'>genitor,</span> <span class='ocrx_word' id='word_1_49' title='bbox 829 525 864 552; x_wconf 91' lang='lat' dir='ltr'>te</span> <span class='ocrx_word' id='word_1_50' title='bbox 883 529 992 565; x_wconf 88' lang='lat' dir='ltr'>posse</span> <span class='ocrx_word' id='word_1_51' title='bbox 1012 516 1143 554; x_wconf 84' lang='lat' dir='ltr'>relicto</span> 
     </span>
     <span class='ocr_line' id='line_1_10' title="bbox 149 576 1113 627; baseline 0.001 -15"><span class='ocrx_word' id='word_1_52' title='bbox 149 578 341 626; x_wconf 76' lang='lat' dir='ltr'>Sperasti?</span> <span class='ocrx_word' id='word_1_53' title='bbox 360 586 582 627; x_wconf 86' lang='lat' dir='ltr'>tantumque</span> <span class='ocrx_word' id='word_1_54' title='bbox 598 579 701 614; x_wconf 80' lang='lat' dir='ltr'>nefas</span> <span class='ocrx_word' id='word_1_55' title='bbox 722 577 845 627; x_wconf 81' lang='lat' dir='ltr'>patrio</span> <span class='ocrx_word' id='word_1_56' title='bbox 864 576 1004 613; x_wconf 80' lang='lat' dir='ltr'>excidit</span> <span class='ocrx_word' id='word_1_57' title='bbox 1022 579 1113 613; x_wconf 76' lang='lat' dir='ltr'>ore?</span> 
     </span>
    </p>

    <p class='ocr_par' dir='ltr' id='par_1_7' title="bbox 149 636 1116 689">
     <span class='ocr_line' id='line_1_11' title="bbox 149 636 1116 689; baseline 0 -16"><span class='ocrx_word' id='word_1_58' title='bbox 149 638 188 673; x_wconf 89' lang='lat' dir='ltr'>Si</span> <span class='ocrx_word' id='word_1_59' title='bbox 206 638 299 673; x_wconf 86' lang='lat' dir='ltr'>nihil</span> <span class='ocrx_word' id='word_1_60' title='bbox 319 652 365 674; x_wconf 81' lang='lat' dir='ltr'>ex</span> <span class='ocrx_word' id='word_1_61' title='bbox 384 648 485 675; x_wconf 83' lang='lat' dir='ltr'>tanta</span> <span class='ocrx_word' id='word_1_62' title='bbox 507 640 663 689; x_wconf 80' lang='lat' dir='ltr'>Superis</span> <span class='ocrx_word' id='word_1_63' title='bbox 682 639 804 688; x_wconf 85' lang='lat' dir='ltr'>placet</span> <span class='ocrx_word' id='word_1_64' title='bbox 820 636 916 673; x_wconf 88' lang='lat' dir='ltr'>urbe</span> <span class='ocrx_word' id='word_1_65' title='bbox 935 637 1116 686; x_wconf 83' lang='lat' dir='ltr'>relinqui,</span> 
     </span>
    </p>

    <p class='ocr_par' dir='ltr' id='par_1_8' title="bbox 149 696 1352 808">
     <span class='ocr_line' id='line_1_12' title="bbox 149 696 1352 748; baseline -0.002 -15"><span class='ocrx_word' id='word_1_66' title='bbox 149 699 195 733; x_wconf 85' lang='lat' dir='ltr'>Et</span> <span class='ocrx_word' id='word_1_67' title='bbox 212 698 314 734; x_wconf 86' lang='lat' dir='ltr'>sedet</span> <span class='ocrx_word' id='word_1_68' title='bbox 334 699 406 734; x_wconf 83' lang='lat' dir='ltr'>hoc</span> <span class='ocrx_word' id='word_1_69' title='bbox 424 699 568 744; x_wconf 86' lang='lat' dir='ltr'>animo,</span> <span class='ocrx_word' id='word_1_70' title='bbox 587 699 842 748; x_wconf 64' lang='lat' dir='ltr'>perituraeque</span> <span class='ocrx_word' id='word_1_71' title='bbox 861 696 1002 733; x_wconf 80' lang='lat' dir='ltr'>addere</span> <span class='ocrx_word' id='word_1_72' title='bbox 1019 696 1143 746; x_wconf 86' lang='lat' dir='ltr'>Trojae</span> <span class='ocrx_word' id='word_1_73' title='bbox 1304 703 1352 725; x_wconf 70' lang='lat' dir='ltr'>fisu-</span> 
     </span>
     <span class='ocr_line' id='line_1_13' title="bbox 149 757 1040 808; baseline -0.001 -15"><span class='ocrx_word' id='word_1_74' title='bbox 149 758 280 806; x_wconf 86' lang='lat' dir='ltr'>Teque</span> <span class='ocrx_word' id='word_1_75' title='bbox 302 759 603 808; x_wconf 77' lang='lat' dir='ltr'>tuosquejuvat‚</span> <span class='ocrx_word' id='word_1_76' title='bbox 625 767 726 807; x_wconf 85' lang='lat' dir='ltr'>patet</span> <span class='ocrx_word' id='word_1_77' title='bbox 747 757 936 806; x_wconf 83' lang='lat' dir='ltr'>istijauua</span> <span class='ocrx_word' id='word_1_78' title='bbox 954 757 1040 793; x_wconf 81' lang='lat' dir='ltr'>teto.</span> 
     </span>
    </p>

    <p class='ocr_par' dir='ltr' id='par_1_9' title="bbox 151 814 1224 866">
     <span class='ocr_line' id='line_1_14' title="bbox 151 814 1224 866; baseline -0.003 -12"><span class='ocrx_word' id='word_1_79' title='bbox 151 820 310 866; x_wconf 81' lang='lat' dir='ltr'>Jamque</span> <span class='ocrx_word' id='word_1_80' title='bbox 331 817 452 854; x_wconf 85' lang='lat' dir='ltr'>aderit</span> <span class='ocrx_word' id='word_1_81' title='bbox 471 818 589 854; x_wconf 88' lang='lat' dir='ltr'>multo</span> <span class='ocrx_word' id='word_1_82' title='bbox 610 817 748 854; x_wconf 82' lang='lat' dir='ltr'>Priami</span> <span class='ocrx_word' id='word_1_83' title='bbox 772 816 818 853; x_wconf 86' lang='lat' dir='ltr'>de</span> <span class='ocrx_word' id='word_1_84' title='bbox 837 817 1018 866; x_wconf 80' lang='lat' dir='ltr'>sanguiue</span> <span class='ocrx_word' id='word_1_85' title='bbox 1037 814 1224 865; x_wconf 77' lang='lat' dir='ltr'>Pyrrhus,</span> 
     </span>
    </p>
   </div>
   <div class='ocr_carea' id='block_1_6' title="bbox 140 966 733 2161">
    <p class='ocr_par' dir='ltr' id='par_1_10' title="bbox 140 966 733 2161">
     <span class='ocr_line' id='line_1_15' title="bbox 197 966 723 1006; baseline 0.002 -11"><span class='ocrx_word' id='word_1_86' title='bbox 197 967 239 996; x_wconf 74' lang='lat'>65</span> <span class='ocrx_word' id='word_1_87' title='bbox 250 977 259 995; x_wconf 90' lang='lat'>1</span> <span class='ocrx_word' id='word_1_88' title='bbox 269 990 275 996; x_wconf 92' lang='lat'>.</span> <span class='ocrx_word' id='word_1_89' title='bbox 288 968 354 995; x_wconf 68' lang='lat' dir='ltr'>Nos</span> <span class='ocrx_word' id='word_1_90' title='bbox 364 967 480 996; x_wconf 84' lang='lat' dir='ltr'>circum</span> <span class='ocrx_word' id='word_1_91' title='bbox 496 967 653 997; x_wconf 78' lang='lat' dir='ltr'>Montalb.</span> <span class='ocrx_word' id='word_1_92' title='bbox 666 966 723 1006; x_wconf 83' lang='lat' dir='ltr'>Ef-</span> 
     </span>
     <span class='ocr_line' id='line_1_16' title="bbox 142 1012 725 1053; baseline 0.002 -12"><span class='ocrx_word' id='word_1_93' title='bbox 142 1012 227 1053; x_wconf 79' lang='lat' dir='ltr'>fusis</span> <span class='ocrx_word' id='word_1_94' title='bbox 241 1012 381 1041; x_wconf 82' lang='lat' dir='ltr'>lacrimis</span> <span class='ocrx_word' id='word_1_95' title='bbox 395 1013 537 1052; x_wconf 85' lang='lat' dir='ltr'>quinque</span> <span class='ocrx_word' id='word_1_96' title='bbox 551 1013 636 1053; x_wconf 76' lang='lat' dir='ltr'>apud</span> <span class='ocrx_word' id='word_1_97' title='bbox 651 1015 725 1042; x_wconf 79' lang='lat' dir='ltr'>Bur-</span> 
     </span>
     <span class='ocr_line' id='line_1_17' title="bbox 151 1058 724 1100; baseline 0.002 -13"><span class='ocrx_word' id='word_1_98' title='bbox 151 1069 259 1088; x_wconf 83' lang='lat' dir='ltr'>mann.</span> <span class='ocrx_word' id='word_1_99' title='bbox 273 1081 280 1094; x_wconf 82' lang='lat'><strong>‚</strong></span> <span class='ocrx_word' id='word_1_100' title='bbox 305 1058 392 1098; x_wconf 87' lang='lat' dir='ltr'>quod</span> <span class='ocrx_word' id='word_1_101' title='bbox 410 1059 539 1099; x_wconf 84' lang='lat' dir='ltr'>vulgare</span> <span class='ocrx_word' id='word_1_102' title='bbox 557 1066 647 1088; x_wconf 81' lang='lat' dir='ltr'>esset.</span> <span class='ocrx_word' id='word_1_103' title='bbox 666 1058 724 1100; x_wconf 87' lang='lat' dir='ltr'>Ef-</span> 
     </span>
     <span class='ocr_line' id='line_1_18' title="bbox 140 1104 727 1146; baseline 0 -13"><span class='ocrx_word' id='word_1_104' title='bbox 140 1104 214 1146; x_wconf 71' lang='lat' dir='ltr'>sitsi</span> <span class='ocrx_word' id='word_1_105' title='bbox 244 1104 394 1134; x_wconf 79' lang='lat' dir='ltr'>lacrimas</span> <span class='ocrx_word' id='word_1_106' title='bbox 427 1104 578 1135; x_wconf 78' lang='lat' dir='ltr'>Rottend.</span> <span class='ocrx_word' id='word_1_107' title='bbox 602 1115 663 1135; x_wconf 77' lang='lat' dir='ltr'>sec·</span> <span class='ocrx_word' id='word_1_108' title='bbox 696 1112 727 1134; x_wconf 89' lang='lat' dir='ltr'>et</span> 
     </span>
     <span class='ocr_line' id='line_1_19' title="bbox 151 1150 727 1192; baseline 0 -12"><span class='ocrx_word' id='word_1_109' title='bbox 151 1153 229 1181; x_wconf 77' lang='lat' dir='ltr'>Exe.</span> <span class='ocrx_word' id='word_1_110' title='bbox 242 1152 363 1188; x_wconf 63' lang='lat' dir='ltr'>Burni„</span> <span class='ocrx_word' id='word_1_111' title='bbox 374 1152 537 1191; x_wconf 84' lang='lat' dir='ltr'>graecismo</span> <span class='ocrx_word' id='word_1_112' title='bbox 547 1151 656 1192; x_wconf 85' lang='lat' dir='ltr'>paullo</span> <span class='ocrx_word' id='word_1_113' title='bbox 670 1150 727 1180; x_wconf 91' lang='lat' dir='ltr'>du-</span> 
     </span>
     <span class='ocr_line' id='line_1_20' title="bbox 151 1197 726 1238; baseline 0 -12"><span class='ocrx_word' id='word_1_114' title='bbox 151 1197 346 1227; x_wconf 82' lang='lat' dir='ltr'>riore.—-(35</span> <span class='ocrx_word' id='word_1_115' title='bbox 356 1198 499 1233; x_wconf 75' lang='lat'>1—654.</span> <span class='ocrx_word' id='word_1_116' title='bbox 511 1198 670 1238; x_wconf 83' lang='lat' dir='ltr'>Lugubris</span> <span class='ocrx_word' id='word_1_117' title='bbox 683 1208 726 1227; x_wconf 84' lang='lat' dir='ltr'>sa-</span> 
     </span>
     <span class='ocr_line' id='line_1_21' title="bbox 152 1243 726 1280; baseline 0.002 -8"><span class='ocrx_word' id='word_1_118' title='bbox 152 1254 192 1273; x_wconf 88' lang='lat' dir='ltr'>ne</span> <span class='ocrx_word' id='word_1_119' title='bbox 209 1243 426 1272; x_wconf 78' lang='lat' dir='ltr'>ctmiseranda</span> <span class='ocrx_word' id='word_1_120' title='bbox 444 1254 551 1273; x_wconf 86' lang='lat' dir='ltr'>rerum</span> <span class='ocrx_word' id='word_1_121' title='bbox 567 1245 661 1273; x_wconf 82' lang='lat' dir='ltr'>facies</span> <span class='ocrx_word' id='word_1_122' title='bbox 672 1266 680 1280; x_wconf 91' lang='lat'>‚</span> <span class='ocrx_word' id='word_1_123' title='bbox 701 1244 726 1272; x_wconf 90' lang='lat' dir='ltr'>si</span> 
     </span>
     <span class='ocr_line' id='line_1_22' title="bbox 152 1289 727 1330; baseline 0.002 -12"><span class='ocrx_word' id='word_1_124' title='bbox 152 1289 276 1330; x_wconf 85' lang='lat' dir='ltr'>singula</span> <span class='ocrx_word' id='word_1_125' title='bbox 292 1291 429 1329; x_wconf 82' lang='lat' dir='ltr'>cogites3</span> <span class='ocrx_word' id='word_1_126' title='bbox 446 1289 501 1318; x_wconf 86' lang='lat' dir='ltr'>sed</span> <span class='ocrx_word' id='word_1_127' title='bbox 515 1299 554 1318; x_wconf 87' lang='lat' dir='ltr'>au</span> <span class='ocrx_word' id='word_1_128' title='bbox 570 1291 727 1319; x_wconf 78' lang='lat' dir='ltr'>wartono</span> 
     </span>
     <span class='ocr_line' id='line_1_23' title="bbox 153 1335 727 1375; baseline 0 -11"><span class='ocrx_word' id='word_1_129' title='bbox 153 1336 346 1371; x_wconf 84' lang='lat' dir='ltr'>assentiaris,</span> <span class='ocrx_word' id='word_1_130' title='bbox 371 1337 428 1375; x_wconf 89' lang='lat' dir='ltr'>qui</span> <span class='ocrx_word' id='word_1_131' title='bbox 452 1335 649 1365; x_wconf 88' lang='lat' dir='ltr'>Lebrunium</span> <span class='ocrx_word' id='word_1_132' title='bbox 665 1345 727 1364; x_wconf 88' lang='lat' dir='ltr'>me-</span> 
     </span>
     <span class='ocr_line' id='line_1_24' title="bbox 152 1381 727 1422; baseline 0 -12"><span class='ocrx_word' id='word_1_133' title='bbox 152 1382 215 1410; x_wconf 87' lang='lat' dir='ltr'>lius</span> <span class='ocrx_word' id='word_1_134' title='bbox 230 1381 293 1411; x_wconf 91' lang='lat' dir='ltr'>hoc</span> <span class='ocrx_word' id='word_1_135' title='bbox 308 1388 493 1422; x_wconf 83' lang='lat' dir='ltr'>argumento</span> <span class='ocrx_word' id='word_1_136' title='bbox 508 1382 641 1421; x_wconf 82' lang='lat' dir='ltr'>picturae</span> <span class='ocrx_word' id='word_1_137' title='bbox 656 1392 727 1422; x_wconf 88' lang='lat' dir='ltr'>pro-</span> 
     </span>
     <span class='ocr_line' id='line_1_25' title="bbox 154 1427 727 1468; baseline 0.002 -12"><span class='ocrx_word' id='word_1_138' title='bbox 154 1427 312 1468; x_wconf 77' lang='lat' dir='ltr'>ponenda:</span> <span class='ocrx_word' id='word_1_139' title='bbox 339 1437 475 1457; x_wconf 83' lang='lat' dir='ltr'>usurum</span> <span class='ocrx_word' id='word_1_140' title='bbox 501 1427 594 1456; x_wconf 78' lang='lat' dir='ltr'>fuisse</span> <span class='ocrx_word' id='word_1_141' title='bbox 618 1434 709 1468; x_wconf 80' lang='lat' dir='ltr'>putat</span> <span class='ocrx_word' id='word_1_142' title='bbox 720 1450 727 1464; x_wconf 91' lang='lat'>,</span> 
     </span>
     <span class='ocr_line' id='line_1_26' title="bbox 155 1473 731 1514; baseline 0.002 -12"><span class='ocrx_word' id='word_1_143' title='bbox 155 1483 252 1514; x_wconf 88' lang='lat' dir='ltr'>quam</span> <span class='ocrx_word' id='word_1_144' title='bbox 266 1474 356 1503; x_wconf 89' lang='lat' dir='ltr'>Darii</span> <span class='ocrx_word' id='word_1_145' title='bbox 372 1475 510 1503; x_wconf 87' lang='lat' dir='ltr'>tentorio</span> <span class='ocrx_word' id='word_1_146' title='bbox 521 1496 529 1510; x_wconf 83' lang='lat'><strong>,</strong></span> <span class='ocrx_word' id='word_1_147' title='bbox 544 1473 625 1504; x_wconf 86' lang='lat' dir='ltr'>forte</span> <span class='ocrx_word' id='word_1_148' title='bbox 640 1473 731 1503; x_wconf 86' lang='lat' dir='ltr'>dubi-</span> 
     </span>
     <span class='ocr_line' id='line_1_27' title="bbox 155 1520 731 1560; baseline 0.003 -12"><span class='ocrx_word' id='word_1_149' title='bbox 155 1526 214 1550; x_wconf 80' lang='lat' dir='ltr'>tes.</span> <span class='ocrx_word' id='word_1_150' title='bbox 224 1520 329 1558; x_wconf 86' lang='lat' dir='ltr'>Major</span> <span class='ocrx_word' id='word_1_151' title='bbox 338 1521 448 1560; x_wconf 83' lang='lat' dir='ltr'>utique</span> <span class='ocrx_word' id='word_1_152' title='bbox 460 1531 566 1550; x_wconf 88' lang='lat' dir='ltr'>rerum</span> <span class='ocrx_word' id='word_1_153' title='bbox 582 1520 731 1550; x_wconf 78' lang='lat' dir='ltr'>fortuna:-</span> 
     </span>
     <span class='ocr_line' id='line_1_28' title="bbox 158 1567 732 1607; baseline 0.002 -12"><span class='ocrx_word' id='word_1_154' title='bbox 158 1576 221 1606; x_wconf 86' lang='lat' dir='ltr'>que</span> <span class='ocrx_word' id='word_1_155' title='bbox 246 1567 412 1596; x_wconf 76' lang='lat' dir='ltr'>conversio</span> <span class='ocrx_word' id='word_1_156' title='bbox 430 1568 465 1596; x_wconf 90' lang='lat' dir='ltr'>in</span> <span class='ocrx_word' id='word_1_157' title='bbox 483 1567 546 1597; x_wconf 89' lang='lat' dir='ltr'>hoc</span> <span class='ocrx_word' id='word_1_158' title='bbox 570 1577 643 1607; x_wconf 84' lang='lat' dir='ltr'>rege</span> <span class='ocrx_word' id='word_1_159' title='bbox 668 1578 732 1596; x_wconf 86' lang='lat' dir='ltr'>cer-</span> 
     </span>
     <span class='ocr_line' id='line_1_29' title="bbox 159 1613 732 1654; baseline 0.002 -13"><span class='ocrx_word' id='word_1_160' title='bbox 159 1613 249 1641; x_wconf 85' lang='lat' dir='ltr'>nitur</span> <span class='ocrx_word' id='word_1_161' title='bbox 260 1636 268 1650; x_wconf 89' lang='lat'>,</span> <span class='ocrx_word' id='word_1_162' title='bbox 295 1623 391 1654; x_wconf 89' lang='lat' dir='ltr'>quam</span> <span class='ocrx_word' id='word_1_163' title='bbox 414 1614 447 1643; x_wconf 90' lang='lat' dir='ltr'>iu</span> <span class='ocrx_word' id='word_1_164' title='bbox 474 1613 591 1643; x_wconf 86' lang='lat' dir='ltr'>familia</span> <span class='ocrx_word' id='word_1_165' title='bbox 617 1614 732 1654; x_wconf 87' lang='lat' dir='ltr'>privati</span> 
     </span>
     <span class='ocr_line' id='line_1_30' title="bbox 157 1658 733 1696; baseline 0.005 -10"><span class='ocrx_word' id='word_1_166' title='bbox 157 1658 308 1696; x_wconf 87' lang='lat' dir='ltr'>hominis,</span> <span class='ocrx_word' id='word_1_167' title='bbox 323 1661 440 1689; x_wconf 76' lang='lat' dir='ltr'>AEneae.</span> <span class='ocrx_word' id='word_1_168' title='bbox 458 1661 525 1689; x_wconf 82' lang='lat' dir='ltr'>Nos</span> <span class='ocrx_word' id='word_1_169' title='bbox 540 1667 653 1689; x_wconf 81' lang='lat' dir='ltr'>contra</span> <span class='ocrx_word' id='word_1_170' title='bbox 667 1670 733 1689; x_wconf 85' lang='lat' dir='ltr'>ora-</span> 
     </span>
     <span class='ocr_line' id='line_1_31' title="bbox 157 1705 732 1748; baseline 0.003 -15"><span class='ocrx_word' id='word_1_171' title='bbox 157 1715 191 1733; x_wconf 85' lang='lat' dir='ltr'>re</span> <span class='ocrx_word' id='word_1_172' title='bbox 217 1715 285 1735; x_wconf 89' lang='lat' dir='ltr'>non</span> <span class='ocrx_word' id='word_1_173' title='bbox 308 1705 487 1736; x_wconf 79' lang='lat' dir='ltr'>desistimus</span> <span class='ocrx_word' id='word_1_174' title='bbox 515 1705 612 1748; x_wconf 75' lang='lat' dir='ltr'>eſj‘icsi</span> <span class='ocrx_word' id='word_1_175' title='bbox 637 1706 732 1735; x_wconf 86' lang='lat' dir='ltr'>lacri-</span> 
     </span>
     <span class='ocr_line' id='line_1_32' title="bbox 159 1749 732 1792; baseline 0.003 -13"><span class='ocrx_word' id='word_1_176' title='bbox 159 1749 237 1788; x_wconf 83' lang='lat' dir='ltr'>mis,</span> <span class='ocrx_word' id='word_1_177' title='bbox 263 1753 420 1792; x_wconf 79' lang='lat' dir='ltr'>exquisite</span> <span class='ocrx_word' id='word_1_178' title='bbox 442 1763 502 1792; x_wconf 90' lang='lat' dir='ltr'>pro</span> <span class='ocrx_word' id='word_1_179' title='bbox 520 1752 554 1782; x_wconf 83' lang='lat' dir='ltr'>in</span> <span class='ocrx_word' id='word_1_180' title='bbox 571 1751 732 1782; x_wconf 80' lang='lat' dir='ltr'>lacrimas.</span> 
     </span>
     <span class='ocr_line' id='line_1_33' title="bbox 158 1797 733 1839; baseline 0.005 -13"><span class='ocrx_word' id='word_1_181' title='bbox 158 1797 352 1827; x_wconf 58' lang='lat' dir='ltr'>AVevertere</span> <span class='ocrx_word' id='word_1_182' title='bbox 369 1809 393 1828; x_wconf 83' lang='lat'>5.</span> <span class='ocrx_word' id='word_1_183' title='bbox 413 1798 478 1829; x_wconf 86' lang='lat' dir='ltr'>h.1.</span> <span class='ocrx_word' id='word_1_184' title='bbox 490 1806 630 1829; x_wconf 88' lang='lat' dir='ltr'>evertere</span> <span class='ocrx_word' id='word_1_185' title='bbox 641 1821 649 1836; x_wconf 82' lang='lat'><strong>‚</strong></span> <span class='ocrx_word' id='word_1_186' title='bbox 665 1810 733 1839; x_wconf 90' lang='lat' dir='ltr'>per-</span> 
     </span>
     <span class='ocr_line' id='line_1_34' title="bbox 160 1842 733 1887; baseline 0.002 -14"><span class='ocrx_word' id='word_1_187' title='bbox 160 1842 233 1873; x_wconf 87' lang='lat' dir='ltr'>dere</span> <span class='ocrx_word' id='word_1_188' title='bbox 245 1867 253 1881; x_wconf 92' lang='lat'>,</span> <span class='ocrx_word' id='word_1_189' title='bbox 268 1843 411 1885; x_wconf 80' lang='lat' dir='ltr'>fatoque</span> <span class='ocrx_word' id='word_1_190' title='bbox 424 1845 553 1887; x_wconf 69' lang='lat' dir='ltr'>lugenti</span> <span class='ocrx_word' id='word_1_191' title='bbox 574 1845 733 1875; x_wconf 77' lang='lat' dir='ltr'>incumbe-</span> 
     </span>
     <span class='ocr_line' id='line_1_35' title="bbox 160 1890 733 1932; baseline 0.005 -14"><span class='ocrx_word' id='word_1_192' title='bbox 160 1900 212 1926; x_wconf 90' lang='lat' dir='ltr'>re,</span> <span class='ocrx_word' id='word_1_193' title='bbox 236 1890 352 1921; x_wconf 83' lang='lat' dir='ltr'>vellet:</span> <span class='ocrx_word' id='word_1_194' title='bbox 371 1891 403 1921; x_wconf 89' lang='lat' dir='ltr'>h.</span> <span class='ocrx_word' id='word_1_195' title='bbox 422 1903 448 1922; x_wconf 88' lang='lat' dir='ltr'>e.</span> <span class='ocrx_word' id='word_1_196' title='bbox 466 1894 620 1929; x_wconf 79' lang='lat' dir='ltr'>exitium,</span> <span class='ocrx_word' id='word_1_197' title='bbox 646 1891 733 1932; x_wconf 91' lang='lat' dir='ltr'>quod</span> 
     </span>
     <span class='ocr_line' id='line_1_36' title="bbox 161 1936 732 1976; baseline 0.009 -13"><span class='ocrx_word' id='word_1_198' title='bbox 161 1936 210 1964; x_wconf 67' lang='lat' dir='ltr'>vel</span> <span class='ocrx_word' id='word_1_199' title='bbox 233 1937 278 1966; x_wconf 88' lang='lat' dir='ltr'>sic</span> <span class='ocrx_word' id='word_1_200' title='bbox 308 1937 514 1976; x_wconf 88' lang='lat' dir='ltr'>imminebat,</span> <span class='ocrx_word' id='word_1_201' title='bbox 548 1938 732 1969; x_wconf 87' lang='lat' dir='ltr'>accelerare.</span> 
     </span>
     <span class='ocr_line' id='line_1_37' title="bbox 163 1983 733 2025; baseline 0.011 -16"><span class='ocrx_word' id='word_1_202' title='bbox 163 1983 299 2022; x_wconf 73' lang='lat' dir='ltr'>Urgent,</span> <span class='ocrx_word' id='word_1_203' title='bbox 323 1994 395 2024; x_wconf 88' lang='lat' dir='ltr'>quae</span> <span class='ocrx_word' id='word_1_204' title='bbox 420 1986 560 2022; x_wconf 85' lang='lat' dir='ltr'>instant;</span> <span class='ocrx_word' id='word_1_205' title='bbox 583 1991 636 2021; x_wconf 91' lang='lat' dir='ltr'>ut,</span> <span class='ocrx_word' id='word_1_206' title='bbox 663 1995 733 2025; x_wconf 85' lang='lat' dir='ltr'>quae</span> 
     </span>
     <span class='ocr_line' id='line_1_38' title="bbox 163 2030 732 2068; baseline 0.012 -14"><span class='ocrx_word' id='word_1_207' title='bbox 163 2037 268 2057; x_wconf 83' lang='lat' dir='ltr'>casum</span> <span class='ocrx_word' id='word_1_208' title='bbox 285 2031 458 2068; x_wconf 86' lang='lat' dir='ltr'>minantur,</span> <span class='ocrx_word' id='word_1_209' title='bbox 478 2031 527 2061; x_wconf 86' lang='lat' dir='ltr'>his</span> <span class='ocrx_word' id='word_1_210' title='bbox 542 2033 568 2061; x_wconf 90' lang='lat' dir='ltr'>si</span> <span class='ocrx_word' id='word_1_211' title='bbox 583 2030 732 2060; x_wconf 79' lang='lat' dir='ltr'>incumbi-</span> 
     </span>
     <span class='ocr_line' id='line_1_39' title="bbox 163 2076 729 2118; baseline 0.014 -18"><span class='ocrx_word' id='word_1_212' title='bbox 163 2083 240 2109; x_wconf 79' lang='lat' dir='ltr'>mus,</span> <span class='ocrx_word' id='word_1_213' title='bbox 256 2085 290 2104; x_wconf 84' lang='lat' dir='ltr'>ea</span> <span class='ocrx_word' id='word_1_214' title='bbox 299 2076 503 2116; x_wconf 81' lang='lat' dir='ltr'>impellimus,</span> <span class='ocrx_word' id='word_1_215' title='bbox 514 2085 551 2108; x_wconf 92' lang='lat' dir='ltr'>ut</span> <span class='ocrx_word' id='word_1_216' title='bbox 562 2084 729 2118; x_wconf 87' lang='lat' dir='ltr'>proruant.</span> 
     </span>
     <span class='ocr_line' id='line_1_40' title="bbox 160 2119 728 2161; baseline 0.014 -14"><span class='ocrx_word' id='word_1_217' title='bbox 160 2119 243 2148; x_wconf 80' lang='lat' dir='ltr'>Bene</span> <span class='ocrx_word' id='word_1_218' title='bbox 263 2123 388 2152; x_wconf 86' lang='lat' dir='ltr'>Servius</span> <span class='ocrx_word' id='word_1_219' title='bbox 404 2133 411 2153; x_wconf 76' lang='grc' dir='ltr'>ε</span> <span class='ocrx_word' id='word_1_220' title='bbox 426 2137 440 2149; x_wconf 84' lang='lat'>«</span> <span class='ocrx_word' id='word_1_221' title='bbox 459 2124 566 2155; x_wconf 80' lang='lat' dir='ltr'>Simile</span> <span class='ocrx_word' id='word_1_222' title='bbox 581 2131 645 2161; x_wconf 88' lang='lat' dir='ltr'>est,</span> <span class='ocrx_word' id='word_1_223' title='bbox 668 2130 704 2153; x_wconf 90' lang='lat' dir='ltr'>ut</span> <span class='ocrx_word' id='word_1_224' title='bbox 721 2133 728 2154; x_wconf 70' lang='grc' dir='ltr'>ε</span> 
     </span>
    </p>
   </div>
   <div class='ocr_carea' id='block_1_7' title="bbox 157 2167 729 2252">
    <p class='ocr_par' dir='ltr' id='par_1_11' title="bbox 157 2167 729 2252">
     <span class='ocr_line' id='line_1_41' title="bbox 159 2167 729 2212; baseline 0.014 -20"><span class='ocrx_word' id='word_1_225' title='bbox 159 2174 335 2196; x_wconf 82' lang='lat' dir='ltr'>currentem</span> <span class='ocrx_word' id='word_1_226' title='bbox 354 2167 506 2209; x_wconf 81' lang='lat' dir='ltr'>incitare,</span> <span class='ocrx_word' id='word_1_227' title='bbox 523 2169 729 2212; x_wconf 78' lang='lat' dir='ltr'>prcecz&#39;pitan-</span> 
     </span>
     <span class='ocr_line' id='line_1_42' title="bbox 157 2212 439 2252; baseline 0.025 -13"><span class='ocrx_word' id='word_1_228' title='bbox 157 2219 219 2241; x_wconf 81' lang='lat' dir='ltr'>cem</span> <span class='ocrx_word' id='word_1_229' title='bbox 236 2212 408 2252; x_wconf 77' lang='lat' dir='ltr'>impellere.</span> <span class='ocrx_word' id='word_1_230' title='bbox 425 2231 439 2241; x_wconf 70' lang='grc' dir='ltr'><strong>υ</strong></span> 
     </span>
    </p>
   </div>
   <div class='ocr_carea' id='block_1_8' title="bbox 779 965 1355 1190">
    <p class='ocr_par' dir='ltr' id='par_1_12' title="bbox 779 965 1355 1190">
     <span class='ocr_line' id='line_1_43' title="bbox 826 965 1352 1006; baseline -0.006 -10"><span class='ocrx_word' id='word_1_231' title='bbox 826 966 904 996; x_wconf 76' lang='lat'>656.</span> <span class='ocrx_word' id='word_1_232' title='bbox 926 968 969 995; x_wconf 81' lang='lat' dir='ltr'>Et</span> <span class='ocrx_word' id='word_1_233' title='bbox 988 976 1060 1006; x_wconf 84' lang='lat' dir='ltr'>quce</span> <span class='ocrx_word' id='word_1_234' title='bbox 1078 966 1195 995; x_wconf 73' lang='lat' dir='ltr'>Mon-et.</span> <span class='ocrx_word' id='word_1_235' title='bbox 1215 975 1263 1004; x_wconf 85' lang='lat' dir='ltr'>pr.</span> <span class='ocrx_word' id='word_1_236' title='bbox 1279 965 1352 993; x_wconf 77' lang='lat' dir='ltr'>lam</span> 
     </span>
     <span class='ocr_line' id='line_1_44' title="bbox 779 1010 1350 1052; baseline -0.007 -9"><span class='ocrx_word' id='word_1_237' title='bbox 779 1013 865 1043; x_wconf 85' lang='lat' dir='ltr'>deest</span> <span class='ocrx_word' id='word_1_238' title='bbox 894 1012 1026 1042; x_wconf 86' lang='lat' dir='ltr'>Mentel.</span> <span class='ocrx_word' id='word_1_239' title='bbox 1052 1022 1101 1052; x_wconf 87' lang='lat' dir='ltr'>pr.</span> <span class='ocrx_word' id='word_1_240' title='bbox 1123 1010 1239 1041; x_wconf 83' lang='lat' dir='ltr'>Hamb.</span> <span class='ocrx_word' id='word_1_241' title='bbox 1263 1020 1310 1051; x_wconf 83' lang='lat' dir='ltr'>pr.</span> <span class='ocrx_word' id='word_1_242' title='bbox 1336 1021 1350 1039; x_wconf 83' lang='lat' dir='ltr'>a</span> 
     </span>
     <span class='ocr_line' id='line_1_45' title="bbox 779 1056 1351 1099; baseline -0.003 -11"><span class='ocrx_word' id='word_1_243' title='bbox 779 1071 821 1089; x_wconf 76' lang='lat' dir='ltr'>in.</span> <span class='ocrx_word' id='word_1_244' title='bbox 836 1069 885 1099; x_wconf 85' lang='lat' dir='ltr'>pr.</span> <span class='ocrx_word' id='word_1_245' title='bbox 901 1065 933 1087; x_wconf 86' lang='lat' dir='ltr'>et</span> <span class='ocrx_word' id='word_1_246' title='bbox 945 1057 1030 1088; x_wconf 91' lang='lat' dir='ltr'>Leid.</span> <span class='ocrx_word' id='word_1_247' title='bbox 1041 1080 1049 1094; x_wconf 92' lang='lat'>,</span> <span class='ocrx_word' id='word_1_248' title='bbox 1071 1064 1105 1087; x_wconf 85' lang='lat' dir='ltr'>et</span> <span class='ocrx_word' id='word_1_249' title='bbox 1117 1056 1262 1098; x_wconf 81' lang='lat' dir='ltr'>placebat</span> <span class='ocrx_word' id='word_1_250' title='bbox 1287 1056 1351 1086; x_wconf 75' lang='lat' dir='ltr'>hia-</span> 
     </span>
     <span class='ocr_line' id='line_1_46' title="bbox 781 1103 1351 1141; baseline -0.005 -6"><span class='ocrx_word' id='word_1_251' title='bbox 781 1112 831 1135; x_wconf 88' lang='lat' dir='ltr'>tus</span> <span class='ocrx_word' id='word_1_252' title='bbox 848 1106 955 1135; x_wconf 83' lang='lat' dir='ltr'>Heins.</span> <span class='ocrx_word' id='word_1_253' title='bbox 969 1116 977 1141; x_wconf 80' lang='lat'>3</span> <span class='ocrx_word' id='word_1_254' title='bbox 995 1103 1051 1134; x_wconf 83' lang='lat' dir='ltr'>sed</span> <span class='ocrx_word' id='word_1_255' title='bbox 1064 1104 1144 1135; x_wconf 75' lang='lat' dir='ltr'>bene</span> <span class='ocrx_word' id='word_1_256' title='bbox 1160 1104 1268 1134; x_wconf 73' lang='lat' dir='ltr'>But-m.</span> <span class='ocrx_word' id='word_1_257' title='bbox 1284 1113 1351 1132; x_wconf 90' lang='lat' dir='ltr'>mo-</span> 
     </span>
     <span class='ocr_line' id='line_1_47' title="bbox 780 1150 1355 1190; baseline -0.005 -9"><span class='ocrx_word' id='word_1_258' title='bbox 780 1152 861 1188; x_wconf 87' lang='lat' dir='ltr'>nuit,</span> <span class='ocrx_word' id='word_1_259' title='bbox 875 1152 1050 1181; x_wconf 85' lang='lat' dir='ltr'>necessario</span> <span class='ocrx_word' id='word_1_260' title='bbox 1064 1150 1096 1180; x_wconf 91' lang='lat' dir='ltr'>h.</span> <span class='ocrx_word' id='word_1_261' title='bbox 1107 1150 1128 1180; x_wconf 86' lang='lat' dir='ltr'>l.</span> <span class='ocrx_word' id='word_1_262' title='bbox 1141 1150 1269 1190; x_wconf 86' lang='lat' dir='ltr'>requiri.</span> <span class='ocrx_word' id='word_1_263' title='bbox 1281 1151 1355 1179; x_wconf 86' lang='lat' dir='ltr'>Jam</span> 
     </span>
    </p>
   </div>
   <div class='ocr_carea' id='block_1_9' title="bbox 780 1195 1407 1238">
    <p class='ocr_par' dir='ltr' id='par_1_13' title="bbox 780 1195 1407 1238">
     <span class='ocr_line' id='line_1_48' title="bbox 780 1195 1407 1238; baseline -0.002 -11"><span class='ocrx_word' id='word_1_264' title='bbox 780 1205 837 1227; x_wconf 82' lang='lat' dir='ltr'>auc</span> <span class='ocrx_word' id='word_1_265' title='bbox 854 1196 934 1227; x_wconf 75' lang='lat' dir='ltr'>mihi</span> <span class='ocrx_word' id='word_1_266' title='bbox 946 1196 1061 1238; x_wconf 82' lang='lat' dir='ltr'>quoef.</span> <span class='ocrx_word' id='word_1_267' title='bbox 1078 1197 1200 1236; x_wconf 82' lang='lat' dir='ltr'>aliquot</span> <span class='ocrx_word' id='word_1_268' title='bbox 1213 1196 1293 1228; x_wconf 82' lang='lat' dir='ltr'>Pier.</span> <span class='ocrx_word' id='word_1_269' title='bbox 1309 1213 1355 1218; x_wconf 88' lang='lat'>—-</span> <span class='ocrx_word' id='word_1_270' title='bbox 1406 1195 1407 1198; x_wconf 64' lang='grc'>’</span> 
     </span>
    </p>
   </div>
   <div class='ocr_carea' id='block_1_10' title="bbox 781 1241 1405 1607">
    <p class='ocr_par' dir='ltr' id='par_1_14' title="bbox 781 1241 1405 1515">
     <span class='ocr_line' id='line_1_49' title="bbox 781 1241 1353 1285; baseline -0.005 -11"><span class='ocrx_word' id='word_1_271' title='bbox 781 1244 858 1282; x_wconf 81' lang='grc'><strong>657.</strong></span> <span class='ocrx_word' id='word_1_272' title='bbox 883 1245 979 1273; x_wconf 84' lang='lat' dir='ltr'>Mene</span> <span class='ocrx_word' id='word_1_273' title='bbox 993 1242 1085 1285; x_wconf 81' lang='lat' dir='ltr'>serre</span> <span class='ocrx_word' id='word_1_274' title='bbox 1108 1241 1229 1273; x_wconf 88' lang='lat' dir='ltr'>Zulich.</span> <span class='ocrx_word' id='word_1_275' title='bbox 1257 1249 1288 1272; x_wconf 85' lang='lat' dir='ltr'>et</span> <span class='ocrx_word' id='word_1_276' title='bbox 1305 1252 1353 1282; x_wconf 88' lang='lat' dir='ltr'>pr.</span> 
     </span>
     <span class='ocr_line' id='line_1_50' title="bbox 782 1288 1356 1330; baseline -0.005 -10"><span class='ocrx_word' id='word_1_277' title='bbox 782 1291 927 1320; x_wconf 56' lang='lat' dir='ltr'>RotnEc</span> <span class='ocrx_word' id='word_1_278' title='bbox 939 1289 1030 1330; x_wconf 84' lang='lat' dir='ltr'>ferre</span> <span class='ocrx_word' id='word_1_279' title='bbox 1054 1289 1192 1327; x_wconf 86' lang='lat' dir='ltr'>Medic.‚</span> <span class='ocrx_word' id='word_1_280' title='bbox 1215 1288 1303 1329; x_wconf 86' lang='lat' dir='ltr'>quod</span> <span class='ocrx_word' id='word_1_281' title='bbox 1325 1295 1356 1318; x_wconf 90' lang='lat' dir='ltr'>et</span> 
     </span>
     <span class='ocr_line' id='line_1_51' title="bbox 782 1334 1357 1376; baseline -0.002 -11"><span class='ocrx_word' id='word_1_282' title='bbox 782 1336 948 1376; x_wconf 76' lang='lat' dir='ltr'>adscripsit</span> <span class='ocrx_word' id='word_1_283' title='bbox 984 1336 1181 1375; x_wconf 85' lang='lat' dir='ltr'>Pomponius</span> <span class='ocrx_word' id='word_1_284' title='bbox 1211 1334 1282 1365; x_wconf 77' lang='lat' dir='ltr'>Sab.</span> <span class='ocrx_word' id='word_1_285' title='bbox 1311 1351 1357 1357; x_wconf 88' lang='lat'>——</span> 
     </span>
     <span class='ocr_line' id='line_1_52' title="bbox 784 1380 1357 1422; baseline -0.003 -10"><span class='ocrx_word' id='word_1_286' title='bbox 784 1383 847 1419; x_wconf 83' lang='grc'>657</span> <span class='ocrx_word' id='word_1_287' title='bbox 878 1392 946 1422; x_wconf 87' lang='lat' dir='ltr'><strong>sqq.</strong></span> <span class='ocrx_word' id='word_1_288' title='bbox 965 1381 1018 1411; x_wconf 87' lang='lat' dir='ltr'>Ad</span> <span class='ocrx_word' id='word_1_289' title='bbox 1046 1389 1166 1421; x_wconf 82' lang='lat' dir='ltr'>patrem</span> <span class='ocrx_word' id='word_1_290' title='bbox 1193 1380 1357 1411; x_wconf 81' lang='lat' dir='ltr'>Anchisen</span> 
     </span>
     <span class='ocr_line' id='line_1_53' title="bbox 784 1426 1405 1469; baseline -0.005 -11"><span class='ocrx_word' id='word_1_291' title='bbox 784 1439 956 1458; x_wconf 82' lang='lat' dir='ltr'>conversus</span> <span class='ocrx_word' id='word_1_292' title='bbox 988 1428 1056 1457; x_wconf 82' lang='lat' dir='ltr'>haec</span> <span class='ocrx_word' id='word_1_293' title='bbox 1088 1427 1176 1458; x_wconf 85' lang='lat' dir='ltr'>dicit.</span> <span class='ocrx_word' id='word_1_294' title='bbox 1211 1426 1357 1457; x_wconf 84' lang='lat' dir='ltr'>Affectus</span> <span class='ocrx_word' id='word_1_295' title='bbox 1404 1465 1405 1469; x_wconf 15' lang='grc' dir='ltr'><strong>Ἰ</strong></span> 
     </span>
     <span class='ocr_line' id='line_1_54' title="bbox 784 1473 1357 1515; baseline -0.005 -10"><span class='ocrx_word' id='word_1_296' title='bbox 784 1481 859 1505; x_wconf 83' lang='lat' dir='ltr'>nota</span> <span class='ocrx_word' id='word_1_297' title='bbox 881 1476 1054 1515; x_wconf 88' lang='lat' dir='ltr'>impetum,</span> <span class='ocrx_word' id='word_1_298' title='bbox 1079 1473 1214 1515; x_wconf 85' lang='lat' dir='ltr'>pulchre</span> <span class='ocrx_word' id='word_1_299' title='bbox 1230 1483 1357 1514; x_wconf 85' lang='lat' dir='ltr'>expres-</span> 
     </span>
    </p>

    <p class='ocr_par' dir='ltr' id='par_1_15' title="bbox 784 1520 1357 1607">
     <span class='ocr_line' id='line_1_55' title="bbox 784 1520 1355 1561; baseline -0.002 -10"><span class='ocrx_word' id='word_1_300' title='bbox 784 1532 854 1551; x_wconf 89' lang='lat' dir='ltr'>sum</span> <span class='ocrx_word' id='word_1_301' title='bbox 885 1521 1030 1561; x_wconf 87' lang='lat' dir='ltr'>abruptis</span> <span class='ocrx_word' id='word_1_302' title='bbox 1059 1521 1153 1551; x_wconf 85' lang='lat' dir='ltr'>etiam</span> <span class='ocrx_word' id='word_1_303' title='bbox 1181 1520 1355 1550; x_wconf 83' lang='lat' dir='ltr'>sententiis.</span> 
     </span>
     <span class='ocr_line' id='line_1_56' title="bbox 789 1565 1357 1607; baseline -0.004 -10"><span class='ocrx_word' id='word_1_304' title='bbox 789 1570 926 1597; x_wconf 78' lang='lat' dir='ltr'>Tantum</span> <span class='ocrx_word' id='word_1_305' title='bbox 943 1565 1054 1607; x_wconf 82' lang='lat' dir='ltr'>nefas,</span> <span class='ocrx_word' id='word_1_306' title='bbox 1077 1573 1114 1596; x_wconf 91' lang='lat' dir='ltr'>ut</span> <span class='ocrx_word' id='word_1_307' title='bbox 1132 1565 1277 1596; x_wconf 85' lang='lat' dir='ltr'>suaderet</span> <span class='ocrx_word' id='word_1_308' title='bbox 1291 1576 1357 1596; x_wconf 88' lang='lat' dir='ltr'>rem</span> 
     </span>
    </p>
   </div>
   <div class='ocr_carea' id='block_1_11' title="bbox 786 1602 1412 1643">
    <p class='ocr_par' dir='ltr' id='par_1_16' title="bbox 786 1602 1412 1643">
     <span class='ocr_line' id='line_1_57' title="bbox 786 1602 1412 1643; baseline -0.002 0"><span class='ocrx_word' id='word_1_309' title='bbox 786 1621 848 1643; x_wconf 74' lang='lat' dir='ltr'>tatu</span> <span class='ocrx_word' id='word_1_310' title='bbox 866 1614 1025 1643; x_wconf 83' lang='lat' dir='ltr'>nefariam.</span> <span class='ocrx_word' id='word_1_311' title='bbox 1040 1630 1088 1636; x_wconf 89' lang='lat'>—</span> <span class='ocrx_word' id='word_1_312' title='bbox 1107 1613 1184 1643; x_wconf 88' lang='grc'><strong>660.</strong></span> <span class='ocrx_word' id='word_1_313' title='bbox 1202 1611 1357 1642; x_wconf 76' lang='lat' dir='ltr'>Pen&#39;tura&#39;</span> <span class='ocrx_word' id='word_1_314' title='bbox 1406 1602 1412 1618; x_wconf 70' lang='lat'>⁷</span> 
     </span>
    </p>
   </div>
   <div class='ocr_carea' id='block_1_12' title="bbox 785 1658 1358 1699">
    <p class='ocr_par' dir='ltr' id='par_1_17' title="bbox 785 1658 1358 1699">
     <span class='ocr_line' id='line_1_58' title="bbox 785 1658 1358 1699; baseline -0.002 -10"><span class='ocrx_word' id='word_1_315' title='bbox 785 1667 816 1690; x_wconf 84' lang='lat' dir='ltr'>te</span> <span class='ocrx_word' id='word_1_316' title='bbox 830 1660 949 1689; x_wconf 83' lang='lat' dir='ltr'>addere</span> <span class='ocrx_word' id='word_1_317' title='bbox 964 1670 1012 1699; x_wconf 88' lang='lat' dir='ltr'>pr.</span> <span class='ocrx_word' id='word_1_318' title='bbox 1027 1661 1144 1690; x_wconf 89' lang='lat' dir='ltr'>Moret.</span> <span class='ocrx_word' id='word_1_319' title='bbox 1159 1676 1206 1682; x_wconf 90' lang='lat'>—-</span> <span class='ocrx_word' id='word_1_320' title='bbox 1220 1658 1299 1689; x_wconf 87' lang='lat'>661.</span> <span class='ocrx_word' id='word_1_321' title='bbox 1315 1660 1358 1688; x_wconf 83' lang='lat' dir='ltr'>Te</span> 
     </span>
    </p>
   </div>
   <div class='ocr_carea' id='block_1_13' title="bbox 786 1704 1411 1749">
    <p class='ocr_par' dir='ltr' id='par_1_18' title="bbox 786 1704 1411 1749">
     <span class='ocr_line' id='line_1_59' title="bbox 786 1704 1411 1749; baseline -0.002 -14"><span class='ocrx_word' id='word_1_322' title='bbox 786 1717 910 1747; x_wconf 79' lang='lat' dir='ltr'>quoqne</span> <span class='ocrx_word' id='word_1_323' title='bbox 923 1729 931 1743; x_wconf 87' lang='lat'>,</span> <span class='ocrx_word' id='word_1_324' title='bbox 947 1716 1067 1746; x_wconf 78' lang='lat' dir='ltr'>nosque</span> <span class='ocrx_word' id='word_1_325' title='bbox 1075 1705 1171 1747; x_wconf 77' lang='lat' dir='ltr'>juvat</span> <span class='ocrx_word' id='word_1_326' title='bbox 1184 1707 1303 1736; x_wconf 88' lang='lat' dir='ltr'>Donat.</span> <span class='ocrx_word' id='word_1_327' title='bbox 1316 1704 1358 1734; x_wconf 89' lang='lat' dir='ltr'>le·</span> <span class='ocrx_word' id='word_1_328' title='bbox 1408 1744 1411 1749; x_wconf 30' lang='lat' dir='ltr'>y</span> 
     </span>
    </p>
   </div>
   <div class='ocr_carea' id='block_1_14' title="bbox 785 1751 1360 1884">
    <p class='ocr_par' dir='ltr' id='par_1_19' title="bbox 785 1751 1360 1884">
     <span class='ocr_line' id='line_1_60' title="bbox 786 1751 1355 1794; baseline -0.004 -11"><span class='ocrx_word' id='word_1_329' title='bbox 786 1754 865 1794; x_wconf 83' lang='lat' dir='ltr'>gisse</span> <span class='ocrx_word' id='word_1_330' title='bbox 880 1752 1017 1783; x_wconf 86' lang='lat' dir='ltr'>videtur.</span> <span class='ocrx_word' id='word_1_331' title='bbox 1033 1751 1126 1783; x_wconf 78' lang='lat' dir='ltr'>Juvet</span> <span class='ocrx_word' id='word_1_332' title='bbox 1139 1763 1188 1793; x_wconf 85' lang='lat' dir='ltr'>pr.</span> <span class='ocrx_word' id='word_1_333' title='bbox 1203 1751 1355 1783; x_wconf 85' lang='lat' dir='ltr'>Rottend.</span> 
     </span>
     <span class='ocr_line' id='line_1_61' title="bbox 786 1797 1356 1840; baseline -0.004 -11"><span class='ocrx_word' id='word_1_334' title='bbox 786 1817 832 1822; x_wconf 88' lang='lat'>-—</span> <span class='ocrx_word' id='word_1_335' title='bbox 848 1802 945 1829; x_wconf 77' lang='lat' dir='ltr'>Patet</span> <span class='ocrx_word' id='word_1_336' title='bbox 964 1798 1017 1828; x_wconf 83' lang='lat' dir='ltr'>isti</span> <span class='ocrx_word' id='word_1_337' title='bbox 1021 1798 1132 1840; x_wconf 82' lang='lat' dir='ltr'>janua</span> <span class='ocrx_word' id='word_1_338' title='bbox 1146 1799 1209 1829; x_wconf 80' lang='lat' dir='ltr'>leto</span> <span class='ocrx_word' id='word_1_339' title='bbox 1219 1820 1228 1834; x_wconf 88' lang='lat'>‚</span> <span class='ocrx_word' id='word_1_340' title='bbox 1257 1797 1296 1827; x_wconf 89' lang='lat' dir='ltr'>ad</span> <span class='ocrx_word' id='word_1_341' title='bbox 1311 1803 1356 1827; x_wconf 87' lang='lat' dir='ltr'>ta-</span> 
     </span>
     <span class='ocr_line' id='line_1_62' title="bbox 785 1845 1360 1884; baseline -0.003 -9"><span class='ocrx_word' id='word_1_342' title='bbox 785 1846 848 1876; x_wconf 90' lang='lat' dir='ltr'>lem</span> <span class='ocrx_word' id='word_1_343' title='bbox 864 1853 998 1876; x_wconf 88' lang='lat' dir='ltr'>mortem</span> <span class='ocrx_word' id='word_1_344' title='bbox 1025 1846 1066 1875; x_wconf 89' lang='lat' dir='ltr'>ab</span> <span class='ocrx_word' id='word_1_345' title='bbox 1091 1845 1182 1876; x_wconf 85' lang='lat' dir='ltr'>hoste</span> <span class='ocrx_word' id='word_1_346' title='bbox 1204 1845 1360 1884; x_wconf 77' lang='lat' dir='ltr'>accipien-</span> 
     </span>
    </p>
   </div>
   <div class='ocr_carea' id='block_1_15' title="bbox 787 1890 1358 1933">
    <p class='ocr_par' dir='ltr' id='par_1_20' title="bbox 787 1890 1433 1937">
     <span class='ocr_line' id='line_1_63' title="bbox 787 1890 1358 1933; baseline -0.005 -11"><span class='ocrx_word' id='word_1_347' title='bbox 787 1892 859 1922; x_wconf 82' lang='lat' dir='ltr'>dam</span> <span class='ocrx_word' id='word_1_348' title='bbox 873 1894 921 1922; x_wconf 85' lang='lat' dir='ltr'>via</span> <span class='ocrx_word' id='word_1_349' title='bbox 934 1899 1037 1933; x_wconf 83' lang='lat' dir='ltr'>patet3</span> <span class='ocrx_word' id='word_1_350' title='bbox 1053 1902 1088 1922; x_wconf 86' lang='lat' dir='ltr'>ea</span> <span class='ocrx_word' id='word_1_351' title='bbox 1101 1902 1186 1922; x_wconf 90' lang='lat' dir='ltr'>mors</span> <span class='ocrx_word' id='word_1_352' title='bbox 1199 1890 1290 1921; x_wconf 85' lang='lat' dir='ltr'>facile</span> <span class='ocrx_word' id='word_1_353' title='bbox 1303 1890 1358 1920; x_wconf 63' lang='lat' dir='ltr'>ob«</span> 
     </span>
    </p>
   </div>
   <div class='ocr_carea' id='block_1_16' title="bbox 780 1937 1359 2257">
    <p class='ocr_par' dir='ltr' id='par_1_21' title="bbox 780 1937 1359 2257">
     <span class='ocr_line' id='line_1_64' title="bbox 787 1937 1356 1980; baseline -0.002 -12"><span class='ocrx_word' id='word_1_354' title='bbox 787 1939 881 1968; x_wconf 86' lang='lat' dir='ltr'>tineri</span> <span class='ocrx_word' id='word_1_355' title='bbox 893 1940 1020 1980; x_wconf 87' lang='lat' dir='ltr'>poterit.</span> <span class='ocrx_word' id='word_1_356' title='bbox 1043 1938 1162 1970; x_wconf 76' lang='lat' dir='ltr'>Similia</span> <span class='ocrx_word' id='word_1_357' title='bbox 1176 1937 1246 1967; x_wconf 88' lang='lat' dir='ltr'>loca</span> <span class='ocrx_word' id='word_1_358' title='bbox 1261 1947 1291 1967; x_wconf 94' lang='lat' dir='ltr'>v.</span> <span class='ocrx_word' id='word_1_359' title='bbox 1307 1947 1356 1976; x_wconf 83' lang='lat' dir='ltr'>ap.</span> 
     </span>
     <span class='ocr_line' id='line_1_65' title="bbox 787 1982 1359 2025; baseline -0.005 -10"><span class='ocrx_word' id='word_1_360' title='bbox 787 1983 930 2025; x_wconf 63' lang='lat' dir='ltr'>Cerdam.</span> <span class='ocrx_word' id='word_1_361' title='bbox 958 1985 1048 2015; x_wconf 90' lang='lat' dir='ltr'>Idem</span> <span class='ocrx_word' id='word_1_362' title='bbox 1076 1983 1163 2025; x_wconf 88' lang='lat' dir='ltr'>quod</span> <span class='ocrx_word' id='word_1_363' title='bbox 1193 1983 1261 2018; x_wconf 77' lang='lat'>645</span> <span class='ocrx_word' id='word_1_364' title='bbox 1293 1982 1359 2022; x_wconf 77' lang='lat' dir='ltr'>ipse</span> 
     </span>
     <span class='ocr_line' id='line_1_66' title="bbox 787 2029 1356 2066; baseline -0.002 -6"><span class='ocrx_word' id='word_1_365' title='bbox 787 2041 885 2061; x_wconf 75' lang='lat' dir='ltr'>matut</span> <span class='ocrx_word' id='word_1_366' title='bbox 900 2038 1032 2060; x_wconf 77' lang='lat' dir='ltr'>mortem</span> <span class='ocrx_word' id='word_1_367' title='bbox 1047 2029 1337 2061; x_wconf 63' lang='lat' dir='ltr'>hammaim—662</span> <span class='ocrx_word' id='word_1_368' title='bbox 1347 2051 1356 2066; x_wconf 87' lang='lat'>,</span> 
     </span>
     <span class='ocr_line' id='line_1_67' title="bbox 785 2075 1355 2114; baseline 0 -8"><span class='ocrx_word' id='word_1_369' title='bbox 785 2077 863 2107; x_wconf 83' lang='lat'>663.</span> <span class='ocrx_word' id='word_1_370' title='bbox 887 2077 1014 2108; x_wconf 77' lang='lat' dir='ltr'>Resellit</span> <span class='ocrx_word' id='word_1_371' title='bbox 1034 2077 1092 2106; x_wconf 86' lang='lat' dir='ltr'>ista</span> <span class='ocrx_word' id='word_1_372' title='bbox 1116 2087 1148 2107; x_wconf 88' lang='lat' dir='ltr'>v.</span> <span class='ocrx_word' id='word_1_373' title='bbox 1175 2077 1263 2114; x_wconf 76' lang='lat'><strong>645,</strong></span> <span class='ocrx_word' id='word_1_374' title='bbox 1289 2075 1355 2112; x_wconf 77' lang='lat'>646</span> 
     </span>
     <span class='ocr_line' id='line_1_68' title="bbox 783 2121 1356 2154; baseline -0.002 -2"><span class='ocrx_word' id='word_1_375' title='bbox 783 2123 980 2153; x_wconf 80' lang='lat' dir='ltr'>miserebitur</span> <span class='ocrx_word' id='word_1_376' title='bbox 997 2122 1094 2153; x_wconf 76' lang='lat' dir='ltr'>hostis</span> <span class='ocrx_word' id='word_1_377' title='bbox 1119 2129 1179 2154; x_wconf 90' lang='lat' dir='ltr'>etc.</span> <span class='ocrx_word' id='word_1_378' title='bbox 1195 2122 1298 2154; x_wconf 78' lang='lat' dir='ltr'>Multo</span> <span class='ocrx_word' id='word_1_379' title='bbox 1317 2121 1356 2152; x_wconf 90' lang='lat' dir='ltr'>de</span> 
     </span>
     <span class='ocr_line' id='line_1_69' title="bbox 780 2169 1356 2211; baseline -0.002 -12"><span class='ocrx_word' id='word_1_380' title='bbox 780 2169 958 2211; x_wconf 80' lang='lat' dir='ltr'>sangnine,</span> <span class='ocrx_word' id='word_1_381' title='bbox 984 2180 1059 2200; x_wconf 93' lang='lat' dir='ltr'>cum</span> <span class='ocrx_word' id='word_1_382' title='bbox 1080 2169 1198 2200; x_wconf 87' lang='lat' dir='ltr'>dilectu</span> <span class='ocrx_word' id='word_1_383' title='bbox 1217 2169 1356 2211; x_wconf 88' lang='lat' dir='ltr'>positum</span> 
     </span>
     <span class='ocr_line' id='line_1_70' title="bbox 782 2216 1356 2257; baseline -0.002 -10"><span class='ocrx_word' id='word_1_384' title='bbox 782 2217 956 2257; x_wconf 85' lang='lat' dir='ltr'>epitheton,</span> <span class='ocrx_word' id='word_1_385' title='bbox 971 2226 1066 2257; x_wconf 87' lang='lat' dir='ltr'>quem</span> <span class='ocrx_word' id='word_1_386' title='bbox 1078 2216 1193 2247; x_wconf 83' lang='lat' dir='ltr'>effudit</span> <span class='ocrx_word' id='word_1_387' title='bbox 1208 2217 1276 2246; x_wconf 87' lang='lat' dir='ltr'>sine</span> <span class='ocrx_word' id='word_1_388' title='bbox 1291 2225 1356 2246; x_wconf 89' lang='lat' dir='ltr'>om-</span> 
     </span>
    </p>
   </div>
   <div class='ocr_carea' id='block_1_17' title="bbox 1363 0 1433 1943">
    <p class='ocr_par' dir='ltr' id='par_1_22' title="bbox 1363 0 1433 1943">
     <span class='ocr_line' id='line_1_71' title="bbox 1363 0 1433 1943; baseline 0 0"><span class='ocrx_word' id='word_1_389' title='bbox 1363 0 1433 1943; x_wconf 95' lang='lat' dir='ltr'> </span> 
     </span>
    </p>
   </div>
  </div>
 </body>
</html>
