1402 2460
603 68 724 99 LIBER
749 68 807 98 IV.

1241 71 1305 110 295

105 122 293 160 Continuo
312 123 457 161 invadit
475 137 483 160 :
509 141 525 159 «
541 126 599 161 Tu
619 137 720 161 nunc
739 124 978 175 Carthaginis
999 126 1082 163 altae
1261 135 1307 158 2¹1⁵

103 182 360 220 Fundamenta
375 184 475 222 locas
485 177 792 234 ,pulchramque
811 185 968 222 uxorius
987 185 1121 222 urbem

102 243 296 281 Exstruis?
312 244 407 281 heu!
428 244 535 295 regni
552 256 756 293 rerumque
773 244 890 281 oblite
911 249 1079 282 tuarum!

100 303 186 352 Ipse
206 303 320 341 deum
341 304 411 341 tibi
428 318 487 342 me
509 305 610 342 claro
632 305 796 342 demittit
817 305 983 355 Olympo

99 362 308 412 Regnator,
326 364 461 401 coelum
478 373 515 402 et
531 373 652 415 terras
672 364 739 414 qui
755 364 910 401 numine
933 373 1106 415 torquet,

98 422 183 470 Ipse
203 422 283 460 haec
300 423 398 461 ferre
413 424 523 474 jubet
543 425 675 462 celeris
696 424 874 462 mandata
892 439 960 475 per
977 439 1087 463 auras
1105 440 1113 461 :
1257 443 1303 466 220

99 481 202 527 Quid
221 483 358 520 struis?
380 493 443 521 aut
460 498 535 534 qua
551 498 616 535 spe
633 485 786 535 Libycis
807 485 897 521 teris
916 486 994 522 otia
1014 485 1147 523 terris?

99 540 139 576 Si
160 549 195 577 te
211 542 313 578 nulla
332 553 459 581 movet
481 553 673 582 tantarum
694 545 814 595 gloria
835 558 982 592 rerum,

97 602 177 638 Nec
193 615 309 652 super
325 603 405 652 ipse
423 614 486 642 tua
507 606 650 642 moliris
667 606 778 642 laude
799 604 988 653 laboren13

95 661 300 698 Ascanium
319 674 553 712 surgentem,
572 673 609 701 ct
628 678 713 715 spes
734 664 886 701 heredis
909 665 983 701 Iuli

82 720 274 770 -Respice,
295 723 356 759 cui
376 736 533 773 regnum
550 724 669 761 ltaliae
686 727 936 773 Romanaque
957 723 1066 760 tellus
1255 733 1301 764 275

98 778 304 818 Debentur.
324 799 338 814 >2
355 784 435 820 Tali
452 783 641 831 Cyllenius
662 795 730 818 ore
749 783 900 818 locutus

95 840 268 876 Mortalis
284 841 387 877 vkzus
406 841 532 877 medio
553 853 728 878 sermone
748 841 923 890 reliquit,

94 900 141 935 Et
156 899 289 948 procul
304 900 343 936 in
364 908 515 937 tenuem
535 914 581 937 ex
602 901 721 937 oculis
741 900 896 938 evanuit
917 913 1060 937 auram.

147 960 197 994 At
215 971 307 996 vero
324 961 459 998 AEneas
477 960 659 1010 adspectu
680 960 876 999 obmutuit
895 974 1041 1008 amens,

91 1118 185 1147 vestis
207 1117 274 1147 haec
307 1128 426 1155 crassa,
456 1120 589 1159 χλαῖναι,
617 1120 665 1160 ip-

91 1164 155 1193 sius
177 1163 311 1194 Didonis
333 1165 479 1195 manibus
502 1173 597 1196 texta.
625 1167 664 1197 cf.

92 1209 208 1240 similes
220 1210 308 1241 locos
321 1211 377 1241 inf.
394 1214 441 1244 XI
452 1235 460 1250 ,
478 1214 518 1251 73
529 1236 539 1250 ,
560 1220 591 1242 et
606 1215 664 1250 III,

95 1256 172 1292 483.

139 1303 216 1333 265.
228 1303 368 1334 Invadit.
380 1305 534 1335 Habitum
547 1306 664 1336 futurae

92 1351 243 1380 orationis
270 1351 408 1380 ostendit
439 1353 526 1382 Serv.
553 1353 665 1382 Malim

91 1403 196 1426 tamen
209 1397 313 1437 simpl.
329 1407 388 1437 pro
403 1398 591 1439 aggreditur
603 1398 665 1428 dic-

91 1442 130 1472 tis
143 1466 150 1480 ‚
176 1443 369 1483 alloquitur,
396 1443 513 1474 habere
529 1445 661 1476 dictum.

90 1490 215 1520 —266.
230 1490 368 1521 Ila-orius
380 1501 454 1521 cum
467 1491 585 1522 dilectu
599 1491 662 1521 dic·
678 1502 682 1505 ’

91 1544 180 1575 tum,
208 1535 247 1565 ad
270 1537 407 1568 Didonis
428 1538 662 1570 arbitrium.—

93 1583 156 1614 268
173 1594 220 1624 sq.
237 1585 357 1614 Versus
371 1595 411 1614 ex
426 1585 514 1615 Iliad.
529 1589 548 1615 λ
559 1609 568 1622 ,
584 1596 662 1615 201.

92 1629 188 1661 Claro
201 1630 348 1670 Olympo.
361 1624 511 1673 ὀλύμπευ
523 1630 664 1675 αἰγλῆεν-

89 1687 150 1711 τος.
165 1694 211 1699 -
225 1677 302 1716 269.
324 1678 462 1718 Torquet
474 1680 663 1718 exquisitius

88 1733 184 1763 quam
211 1729 318 1753 movet
329 1745 337 1759 ‚
380 1723 572 1754 moderatur.
608 1724 658 1754 Sic

87 1771 171 1806 XII,
202 1769 264 1799 180
289 1770 411 1800 Cuncta
429 1776 482 1799 tuo
497 1769 554 1809 qui
574 1770 659 1799 bella

82 1823 180 1855 pater
190 1815 244 1845 sub
264 1815 397 1846 numine
413 1824 538 1857 torques
551 1825 560 1843 :
577 1816 658 1855 regis

89 1861 222 1891 numine
246 1861 279 1892 h.
295 1863 318 1894 l.
334 1864 366 1892 vi
380 1870 443 1894 tua.
469 1861 554 1892 Teris
570 1861 653 1894 otia,

88 1909 243 1949 exquisite
258 1915 295 1938 ut
307 1909 518 1944 consumitur,
550 1907 661 1937 teritur

87 1961 218 1994 tempus.
249 1956 410 1996 Exemplis
432 1966 498 1985 rem
521 1953 661 1983 firmavit

80 2000 294 2031 ‘Marklandus
310 2002 348 2033 ad
364 2004 440 2033 Stat.
463 2003 510 2031 111
525 2000 600 2031 Silv.
618 2001 635 2029 5
649 2022 657 2035 ,

88 2049 152 2084 60;
172 2048 240 2079 Liv.
261 2049 296 2086 1,
316 2051 368 2087 57.
389 2049 430 2079 cf.
456 2050 563 2078 Durm.
586 2047 658 2075 Sur-

83 2103 214 2137 gentem
252 2096 372 2126 mavult
407 2096 510 2125 dicere
544 2099 636 2134 poeta
646 2117 654 2131 ‚

86 2151 181 2183 qnam
195 2150 395 2173 crescentem.
410 2153 440 2172 v.
455 2144 470 2172 1
481 2165 489 2178 ‚
507 2142 573 2172 366
593 2151 656 2170 sur-

82 2195 275 2230 gentemque
288 2200 378 2221 novae
390 2187 594 2230 Carthaginis
606 2198 654 2217 ur-

722 1120 803 1150 bem.
820 1121 870 1152 Sic
884 1131 1016 1161 surgens
1027 1130 1116 1161 seges
1127 1143 1135 1158 ‚
1149 1121 1295 1153 oleaster,

721 1169 761 1197 Et
775 1168 890 1196 iterum
907 1168 964 1203 VI,
983 1167 1048 1202 364
1059 1177 1121 1206 per
1129 1177 1216 1207 spem
1230 1179 1296 1197 sur-

717 1213 825 1255 gentis
838 1213 909 1243 Iuli.
920 1224 1009 1251 —27
1018 1214 1150 1244 3.Totus
1164 1225 1194 1244 v.
1209 1214 1296 1244 abest

720 1270 737 1288 a
765 1260 880 1290 Medic.
895 1283 902 1296 ‚
937 1270 1012 1289 cum
1046 1270 1112 1299 quo
1146 1262 1296 1290 convenit

720 1306 818 1336 Goth.
843 1313 931 1343 tert.,
953 1307 988 1335 in
1008 1306 1174 1336 nonnullis
1199 1317 1294 1336 manu

718 1352 858 1382 secunda
868 1354 1005 1382 insertus
1019 1358 1073 1382 aut
1086 1354 1223 1394 margini
1241 1353 1295 1382 ad·

718 1399 865 1438 scriptus.
885 1399 948 1439 Ap.
959 1401 1114 1439 Pompon.
1129 1399 1200 1430 Sab.
1217 1399 1293 1440 legi-

719 1452 790 1475 tur:
816 1459 832 1470 ‹<
852 1446 921 1475 Nec
945 1456 1039 1486 super
1058 1445 1235 1475 secundum
1251 1451 1293 1476 A·

716 1491 919 1532 pronianum.
932 1506 946 1518 »
957 1492 1094 1522 Videtur
1107 1491 1227 1532 aliquid
1241 1504 1293 1522 ex-

717 1538 839 1569 cidisse.
865 1539 946 1569 Nam
968 1546 1128 1569 corrector
1147 1538 1199 1569 ille
1220 1541 1292 1568 Vir-

718 1585 828 1625 giliaui
856 1587 960 1625 operis
986 1596 1114 1615 versum
1137 1585 1225 1615 hunc
1246 1597 1292 1615 re-

716 1631 870 1667 sciderat,
900 1638 936 1660 ut
951 1642 992 1661 ex
1011 1631 1150 1661 Medicei
1172 1632 1291 1662 codicis

715 1678 852 1707 lectione
868 1684 1009 1718 apparet.

763 1723 957 1761 276—278.
981 1722 1054 1753 Tali
1076 1733 1144 1758 ore,
1177 1725 1291 1754 orario-

713 1781 762 1800 ue.
796 1771 882 1800 Serv.
911 1771 1093 1799 Discessum
1125 1768 1213 1803 hune
1241 1770 1292 1800 dei

713 1825 778 1844 non
816 1822 995 1855 exspectata
1026 1817 1131 1844 AEneae
1159 1826 1289 1846 excusa-

713 1862 799 1891 tione
825 1860 1023 1900 aliquantum
1046 1862 1119 1890 artis
1146 1861 1262 1893 habere
1280 1887 1287 1899 ‚

715 1908 807 1936 etiam
830 1906 931 1937 Cerda
950 1906 1039 1936 w'dit.
1060 1906 1144 1937 conf.
1167 1909 1223 1939 inf.
1247 1909 1287 1939 de

714 1953 839 1984 Didone
869 1954 1043 1994 388¹seqq.
1056 1975 1064 1989 ,
1096 1964 1285 1995 quamquam

712 1999 776 2030 hoc
791 2000 825 2029 in
839 1999 974 2029 deorum
988 2000 1133 2040 alloquiis
1141 2000 1287 2041 frequen-

712 2047 867 2076 tissimum
886 2057 951 2076 esse
970 2045 1060 2077 solet.
1077 2046 1116 2077 cf.
1138 2046 1194 2077 inf.
1219 2049 1284 2086 IX,

712 2094 798 2131 656,
816 2094 894 2132 657.

758 2136 1215 2180 279,280.Homer.227·?13{
1232 2151 1285 2171 τα-

708 2184 784 2228 φών.
796 2178 949 2231 -ὀεθσὶ
962 2182 997 2217 δὲ
1012 2183 1114 2230 τοὶχες
1134 2184 1224 2218 ἔσταν
1238 2205 1284 2211 -
