1433 2460
583 72 705 102 LIBER
731 72 772 102 11.

1218 80 1278 108 ¹¹9

82 128 278 174 Conciliis,
298 137 334 165 et
354 140 421 165 nos
439 128 592 178 aliquod
607 141 820 177 nomenque
839 127 1029 177 decusque

81 189 282 227 Gessimus.
303 188 451 225 Invidia
470 197 670 238 postquam
688 188 838 238 pellacis
860 188 964 224 Ulixi
1245 204 1276 226 ω’»

83 251 91 297 (
108 246 218 284 Haud
238 247 364 297 ignota
382 247 541 297 loquor)
558 248 705 296 superis
725 247 908 283 concessit
929 245 976 282 ab
995 246 1070 283 oris
1087 261 1097 293 ;

81 307 264 344 Adflictus
284 307 399 344 vitam
422 307 459 343 in
477 306 643 343 tcncbris
660 307 839 356 luctuque
861 306 1075 352 trahebam,

81 371 127 405 Et
144 382 271 405 casum
289 369 446 405 insontis
463 381 608 406 mecum
626 367 851 417 indignabar
868 367 989 403 amici.

81 432 160 466 Nec
178 429 278 467 tacui
300 429 470 475 demen53
492 438 528 466 et
545 442 624 475 mc,
640 430 716 465 fors
733 429 764 465 si
781 442 855 478 qua
872 428 1035 473 tulisset,

82 489 121 525 Si
144 489 285 538 patrios
305 502 469 539 unquam
490 501 714 525 remeassem
736 490 855 525 victor
875 488 922 524 ad
938 491 1078 538 Argos,
1247 495 1278 528 95

82 549 241 586 Promisi
263 549 442 595 ultorcm;
465 558 500 585 et
516 548 643 586 verbis
667 549 754 585 odia
772 562 904 599 aspera
921 549 1034 585 movi.

84 610 180 647 Hinc
196 609 290 646 mihi
306 612 427 659 prima
445 610 532 646 mali
549 610 671 656 labes3
690 609 779 647 hinc
798 622 947 658 semper
968 609 1097 646 Ulixes

83 669 313 706 Criminibus
331 679 472 706 tcrrcrc
489 670 613 715 novis3
630 669 719 705 hinc
738 682 915 718 spargere
933 680 1044 704 voces

85 732 126 766 In
147 730 299 780 volgum
318 729 529 779 ambiguas,
550 737 586 765 ct
604 741 774 778 quaerere
795 727 967 766 conscius
988 740 1103 764 arma.

86 863 257 893 Palamedis
273 870 337 892 erat
353 864 513 904 sapientiae
529 873 563 891 ac
580 873 657 892 con-

85 910 146 939 silii
179 911 213 939 in
245 911 429 950 principum
459 909 657 939 consessibus

86 957 267 993 auctoritas3
280 958 400 996 quippe
414 954 593 997 σοφώτατος
609 954 657 985 ἀν-

86 999 179 1044 δρῶν,
193 1009 224 1032 et
239 1002 409 1032 multarum
424 1013 530 1032 rerum
542 1025 550 1039 ‚
564 1004 656 1032 etiam

86 1049 267 1087 literarum,
294 1050 431 1079 inventis
454 1049 654 1079 clarissimus.

86 1097 188 1125 Etiam
198 1105 256 1125 nos
272 1095 409 1135 aliquod
423 1106 539 1125 nomen
557 1106 591 1124 ac
604 1096 659 1125 de·-

88 1152 151 1179 cus,
161 1142 194 1172 h.
206 1152 232 1171 e.
243 1141 410 1176 honorem,
421 1142 584 1183 gessimus,
605 1143 658 1172 ha-

89 1189 226 1218 buimus.
241 1205 287 1211 ·——·
302 1189 355 1228 89.
375 1188 523 1219 Cone-iliis
537 1189 656 1219 Medic.

90 1245 162 1264 cum
184 1234 379 1265 melioribus.
406 1235 472 1265 Alii
497 1235 657 1273 consiliis,

91 1287 125 1310 ut
139 1291 247 1310 omnes
264 1282 408 1318 Pici-iani,
424 1281 489 1312 duo
505 1293 545 1311 ex
562 1282 659 1312 Goth.

90 1328 176 1357 Gud.
205 1328 337 1358 Mentel.
361 1329 480 1359 Moret.
506 1339 555 1368 pr.
581 1331 660 1359 Sane

91 1384 200 1415 regum
218 1384 274 1404 seu
292 1375 476 1415 principum
498 1375 536 1404 de
562 1386 660 1417 regno

91 1420 333 1451 deliberantium
352 1422 440 1451 fuere
457 1421 612 1458 consilia,
631 1430 662 1452 et

90 1467 131 1497 ita
163 1468 292 1508 proprie
323 1467 475 1498 deberent
499 1469 573 1499 dici.
601 1469 662 1500 Sed

91 1520 191 1553 poetae
218 1513 369 1544 videntur
395 1514 428 1544 id
453 1517 543 1556 sequi
575 1516 662 1556 quod

91 1570 106 1588 a
122 1560 246 1600 vulgari
260 1571 321 1590 usu
334 1561 469 1600 recedit,
484 1569 515 1592 et
535 1570 663 1603 ponunt

91 1606 238 1637 concilia.

139 1654 286 1693 90—93.
314 1655 432 1685 Pellaae
460 1656 588 1696 Ulysses
613 1667 665 1686 ex-

92 1700 238 1739 quisitius
269 1710 363 1739 quam
400 1701 512 1738 fallax,
540 1703 596 1742 qui
626 1704 660 1731 in

93 1745 235 1775 fraudem
261 1746 391 1786 pellicit.
409 1747 523 1777 videat.
550 1748 659 1779 Cerda.

93 1793 146 1821 Est
164 1793 341 1822 Homerica.
358 1792 527 1834 πολύμητις
538 1816 546 1830 ,
563 1804 663 1824 ποικι-

92 1835 235 1880 λεμτζτης.
258 1839 384 1879 Superis
409 1840 449 1869 ab
470 1839 551 1875 oris,
569 1851 585 1870 e
600 1841 664 1870 vita

92 1884 131 1914 ad
148 1885 215 1915 loca
234 1886 355 1916 infera:
373 1897 442 1926 sup.
463 1887 504 1916 85
520 1886 662 1916 Demise-

91 1941 125 1961 re
142 1931 221 1962 neci.
236 1933 291 1962 Vs.
313 1943 355 1972 92
367 1956 376 1970 ‚
397 1934 439 1973 93
455 1933 581 1974 pulchri
595 1944 664 1963 ver-

91 1988 153 2008 sus.
171 1979 210 2007 In
229 1979 380 2016 tenebris,
399 1979 542 2009 inclusus
558 1979 661 2017 domi,

79 2018 196 2054 ‘vitatis
210 2024 379 2056 hominum
395 2026 614 2056 conventibus.

138 2071 193 2110 95.
219 2073 358 2112 Usquam
381 2072 464 2110 duo3
487 2083 661 2103 remearem

92 2117 195 2156 Sprot.
205 2118 252 2148 ad
259 2129 353 2160 agros
361 2119 446 2149 idem
454 2141 462 2156 ,
473 2129 534 2150 sec.
545 2119 660 2150 Hamb.

93 2169 123 2191 et
138 2165 220 2194 Ven,
250 2164 282 2194 in
307 2176 401 2207 agros
427 2165 512 2196 Leid.
541 2172 572 2195 et
597 2166 661 2196 duo

90 2219 150 2250 pro
161 2209 230 2245 div.
242 2210 314 2251 lect.
334 2212 445 2243 Malim
458 2212 604 2254 equidem
619 2214 661 2243 ita

710 863 889 903 scripsisse,
906 872 980 892 cum
1003 862 1041 891 de
1065 861 1194 891 homine
1218 863 1284 902 pri-

710 917 784 939 vato
807 916 936 949 agatur,
959 919 1026 939 non
1045 908 1083 938 de
1107 908 1282 944 Diomede,

712 957 764 985 cui
774 956 834 985 tale
845 955 922 996 quid
937 956 1180 985 convenientius
1193 961 1282 984 esset:

711 1003 740 1032 si
759 1013 949 1032 remeassem
974 1001 1080 1032 victor
1100 1001 1146 1030 ad
1166 1003 1282 1043 Argos.

711 1049 819 1089 —96.
847 1050 972 1086 Lectio,
998 1058 1093 1089 quam
1117 1047 1217 1078 Faber
1245 1058 1285 1078 ex

711 1097 820 1126 Servio
837 1095 874 1125 ad
897 1096 927 1126 h.
954 1096 975 1125 1.
997 1095 1155 1135 exculpsit
1173 1102 1202 1124 et
1219 1094 1283 1125 Cu-

711 1141 820 1184 ningh.
840 1144 977 1182 recepit,
994 1141 1068 1171 lzinc
1088 1140 1190 1170 ascita
1207 1140 1286 1170 milei

713 1189 816 1225 labes,
838 1189 930 1218 nihili
953 1196 998 1218 est
1022 1195 1053 1218 et
1073 1188 1167 1228 plane
1185 1187 1283 1218 nulla.

712 1237 793 1266 Nam
811 1237 969 1265 recentior
979 1235 1213 1264 Grammaticus
1230 1245 1284 1264 ex—

713 1282 867 1322 plicuerat
878 1281 1072 1311 vocabulum
1090 1281 1216 1310 adscita
1230 1291 1286 1321 per

713 1329 842 1370 vulgare
865 1328 1030 1365 adsumta,
1059 1327 1151 1357 nullo
1179 1327 1217 1356 ad
1239 1328 1286 1367 ip-

714 1386 784 1405 sum
801 1383 926 1416 poetam
940 1381 1095 1416 respectu.
1105 1391 1152 1397 —
1164 1373 1287 1404 Promi-

715 1422 743 1451 si
751 1422 883 1452 ultorem
894 1446 902 1460 ‚
918 1423 1055 1452 minatus
1073 1431 1144 1450 sum
1160 1430 1167 1451 :
1184 1427 1220 1450 ut
1238 1420 1288 1450 ali-

714 1469 748 1498 bi
757 1480 896 1509 quoque.
914 1480 944 1499 V.
956 1471 1042 1500 Serv.
1056 1467 1089 1498 h.
1106 1467 1127 1497 l.
1138 1475 1169 1497 et
1178 1468 1286 1498 Burm.

717 1515 826 1545 Verbis
838 1516 914 1546 odia
931 1526 1047 1555 aspera
1064 1513 1157 1551 movi,
1175 1514 1288 1554 exqui-

715 1562 774 1592 site
790 1573 848 1603 pro
859 1586 868 1600 ‚
887 1562 1009 1603 Ulyssis
1024 1561 1134 1592 odium
1159 1571 1287 1601 exaspe-

716 1609 798 1647 ravi,
810 1609 1007 1639 exacerbavi.

765 1667 805 1696 97
819 1674 864 1681 --
875 1667 929 1697 99.
954 1654 1066 1686 Prima
1083 1654 1163 1684 mali
1182 1654 1269 1684 labes
1280 1677 1288 1691 ‚

714 1703 887 1743 elegantius
899 1713 995 1742 quam
1013 1703 1102 1742 origo
1113 1724 1121 1739 ‚
1138 1701 1189 1730 vel
1203 1711 1289 1729 caus-

714 1760 765 1785 sa3
788 1751 886 1779 κακοῦ
905 1745 934 1778 δ’
958 1747 1022 1790 ἄρα
1038 1746 1065 1778 οἱ
1087 1746 1179 1777 πέλεν
1205 1744 1288 1788 ἁρχὴ

716 1795 805 1825 Iliad.
820 1799 838 1826 λ
850 1818 858 1832 ,
873 1796 938 1824 603
958 1805 965 1825 :
982 1796 1047 1823 sive
1071 1800 1107 1822 ut
1125 1793 1210 1823 labes
1223 1803 1288 1822 ser-

717 1842 820 1881 pentis
835 1841 950 1871 ulceris
968 1841 1018 1870 vel
1035 1839 1140 1869 morbi
1154 1840 1288 1879 primam

718 1888 872 1917 maculam
886 1894 916 1916 et
931 1894 1040 1917 notam
1057 1886 1188 1916 denotet
1198 1908 1206 1922 ,
1222 1886 1288 1915 sive

716 1941 753 1963 ut
764 1935 898 1974 primam
912 1933 1070 1975 compagis
1083 1932 1288 1970 solutionem,

717 1987 882 2021 antequam
895 1981 985 2010 ruina
999 1978 1047 2011 fit.
1060 1978 1206 2019 Explicat
1214 1979 1235 2009 J
1236 1988 1288 2008 us-

716 2028 801 2056 tinus
816 2027 925 2057 Cerdae
938 2025 1220 2067 laudatus(XVII‚
1237 2024 1287 2065 1):

715 2075 794 2103 Hoec
817 2075 917 2115 prima
933 2074 1006 2104 mali
1024 2072 1127 2109 labes,
1148 2071 1207 2102 hoc
1228 2070 1286 2101 ini-

715 2119 792 2149 tium
804 2119 1015 2161 impendentis
1026 2117 1204 2160 ruinaefuic.
1219 2117 1286 2148 Cri-

715 2166 852 2196 minibus
872 2175 986 2197 terrere
1011 2165 1114 2203 novis,
1129 2165 1286 2206 eleganter

714 2224 773 2254 pro
791 2215 921 2244 crimina
935 2224 1018 2245 nova
1035 2213 1196 2255 proferre3
1213 2221 1287 2246 eum
