1402 2460
593 62 712 92 LIBER
738 63 795 91 111.

1234 65 1295 103 1531)

94 123 234 159 Incerti
254 133 329 171 quo
351 122 425 158 sata
447 121 585 165 ferant,
604 120 670 157 ubi
689 121 822 157 sistere
840 120 970 166 dcun-3

93 174 443 239 Contmhimusqi‘

455 181 569 217 viros.
590 180 665 216 Vix
686 180 808 229 prima
827 182 1020 231 inceperat
1039 191 1164 229 aestas;

92 246 138 280 Et
158 251 266 292 pater
280 241 464 280 Anchises
483 241 574 278 dare
595 240 679 277 fatis
695 241 780 277 vela
793 241 954 291 jubebat
973 257 980 277 z

90 302 221 339 Litora
240 315 358 351 quum
375 303 506 351 patriae
526 301 725 338 lacrimans
743 310 953 350 portusque
968 303 1142 352 relinquo

89 364 135 399 Et
155 375 306 412 campos
327 361 393 398 ubi
410 362 527 412 Troja
545 361 627 398 fuit.
645 365 763 398 Feror
782 362 888 399 exsul
909 363 948 398 in
965 362 1081 399 altum

89 425 183 459 Cum
202 422 332 468 sociis,
352 431 535 472 natoque,
556 421 780 468 Penatibus,
798 430 834 458 et
851 423 994 472 magnis
1013 423 1081 459 dis.

142 484 259 519 Terra
279 482 411 532 procul
433 482 548 518 vastis
564 481 702 518 colitur
722 482 914 519 Mavortia
934 483 1096 532 campis,

89 543 252 580 Thraces
271 552 397 588 arant,
418 542 496 579 acri
513 542 704 591 quondam
726 551 882 592 regnata
898 545 1093 592 Lycurgo3

91 667 238 707 Gargaris
265 666 276 706 (
296 664 335 696 τά
363 665 517 710 simassi
545 673 619 696 sunt
633 666 664 706 )‚

88 713 276 753 suppetebat
295 722 303 743 :
325 713 365 743 cf.
392 713 499 743 W'ood
529 712 665 755 (Essa)-

89 770 130 788 on
147 760 268 789 Homer
279 770 311 799 p.
330 760 393 789 323
406 759 429 800 ).

137 806 168 836 8.
187 807 219 833 V
216 805 252 835 ix
261 805 372 845 prima
387 805 552 845 inceperat
568 812 663 835 oestas

87 863 112 882 s.
129 852 242 881 aestatis
256 853 358 893 prima
372 862 444 892 pars
455 874 463 889 ,
491 851 523 881 h.
544 862 571 882 e.
593 862 660 882 ver.

87 900 168 929 Nam
180 899 276 937 Troja
290 909 397 928 eversa
415 899 516 928 fertur
530 897 590 927 sub
605 899 662 928 ini-

88 945 169 974 tium
184 946 277 975 veris.
292 963 337 968 -—
351 956 382 985 9.
399 944 504 980 Fatis,
530 951 662 985 propter

88 991 224 1021 deorum
235 992 319 1030 jussa
334 999 365 1022 et
378 992 497 1021 monita
509 1014 517 1028 ‚
537 991 575 1020 de
595 993 664 1031 qui-

89 1037 150 1067 bus
159 1037 199 1067 ad
208 1049 238 1068 v,
253 1038 271 1067 5
281 1037 413 1068 dictum.
427 1038 507 1067 Vela
522 1036 662 1078 duresu-

88 1083 128 1113 tis
154 1085 248 1114 tertio
273 1094 344 1114 casu
357 1107 365 1119 ,
397 1085 579 1124 permittere
590 1106 598 1120 ,
627 1090 664 1114 ut

88 1129 189 1166 velis,
210 1131 268 1160 vix
281 1133 462 1161 Romanum
479 1136 568 1160 esset.

140 1186 284 1207 10—12.
311 1176 468 1207 Notabilis
495 1183 541 1206 est
562 1177 664 1206 Servii

89 1229 164 1252 nota
179 1232 187 1253 :
203 1237 218 1247 «
230 1225 332 1252 Amat
340 1230 457 1262 poeta,
476 1233 550 1263 quae
564 1222 660 1263 legit,

90 1268 261 1298 immutata
276 1268 388 1309 aliqua
395 1275 503 1308 parte,
519 1268 579 1298 vel
588 1279 665 1309 per-

88 1314 174 1344 sonis
183 1337 192 1351 ,
213 1314 288 1355 ipsis
302 1314 409 1344 verbis
417 1313 574 1356 proferre.
590 1316 665 1344 ,Nce-

89 1360 155 1390 vius
174 1360 259 1390 enim
278 1360 403 1390 inducie
413 1371 529 1390 u-z‘ores
548 1361 664 1390 AEnece

90 1414 122 1436 et
133 1406 287 1437 Anchisae
296 1429 306 1444 ‚
325 1417 397 1436 cum
413 1406 554 1436 lacrimis
567 1406 663 1436 Ilium

90 1453 324 1494 relinquentes,
356 1452 403 1482 his
426 1452 533 1482 verbis
549 1463 559 1481 :
583 1454 662 1482 Am-

89 1499 206 1530 bornm
229 1509 347 1530 uxores
370 1505 470 1529 noctu
483 1499 580 1537 Troja
595 1500 663 1529 exi-

90 1545 186 1583 bant,
211 1546 368 1587 capitibus
389 1546 526 1586 opertis,
552 1544 663 1576 flentes

90 1592 208 1630 ambae,
244 1593 396 1622 abeuntes
426 1592 563 1622 lacrimis
589 1602 664 1622 cum

92 1638 210 1669 multis.
230 1640 300 1669 Hoc
318 1638 375 1668 iste
394 1640 536 1669 AEneam
552 1638 664 1668 eodem

93 1685 126 1713 in
152 1692 293 1725 tempore
318 1684 459 1725 ejusdem
481 1685 530 1714 rei
551 1695 666 1714 caussa

94 1730 218 1761 inducit
228 1730 369 1772 jecisse,
400 1741 471 1760 cum
495 1730 573 1760 dicit
588 1741 598 1759 .·
617 1732 666 1760 Li-

91 1784 160 1807 tora
176 1784 245 1807 tum
265 1787 297 1817 p.
311 1794 358 1799 —
370 1776 528 1817 relinquo.
540 1791 555 1802 »
572 1776 666 1807 Unde

90 1824 158 1854 haec
179 1823 344 1865 depromta
367 1824 449 1860 sint,
471 1822 563 1853 docet
585 1824 666 1853 Vos-

91 1871 156 1901 sius
167 1893 176 1907 ,
190 1871 225 1900 iu
243 1877 311 1900 not.
335 1869 375 1899 ad
387 1870 491 1901 Naevii
506 1869 615 1911 fragm.
631 1880 664 1910 p.

93 1918 135 1956 ¹56
157 1928 203 1958 sq.
226 1918 271 1946 Ec
294 1927 425 1957 campos
443 1916 496 1945 ubi
515 1915 594 1957 T.f.
610 1926 666 1957 pa-

91 1963 162 1994 thos
188 1965 223 1994 in
250 1963 404 1993 brevitate
429 1964 493 2001 jam
519 1963 664 1994 Maerob.

86 2012 223 2040 miratus
241 2017 288 2040 est
312 2012 359 2046 V,
386 2020 414 2041 1.
435 2009 513 2039 Cum
528 2009 618 2039 sociis
633 2021 664 2040 v.

90 2067 160 2098 sup.
175 2058 207 2086 11
215 2079 224 2094 ,
241 2057 318 2097 796.
329 2056 427 2098 Apud
437 2058 594 2097 Pompon.
605 2067 666 2086 ser-

90 2110 199 2134 vatum
225 2111 272 2134 est
295 2105 464 2144 antiquum
491 2103 664 2134 Scholion:

92 2165 107 2175 u
124 2150 203 2181 Cum
221 2150 313 2180 sociis
333 2160 341 2181 :
359 2161 467 2180 versus
483 2157 529 2180 est
549 2150 645 2180 Ennii
656 2172 664 2187 ‚

92 2203 123 2226 et
136 2203 211 2227 sunt
223 2196 319 2228 verba
335 2196 460 2237 Pyrrhi.
472 2211 488 2224 »ι
501 2198 668 2238 Fragmen-

720 667 758 696 tis
773 667 927 696 Ennianis
946 677 1020 707 ergo
1036 666 1200 697 addendus
1225 670 1294 698 erit.

718 711 890 742 Penatibus
917 720 948 742 et
969 713 1096 754 magnis
1111 714 1159 743 dis
1173 725 1184 743 .·
1196 713 1231 743 hi
1246 716 1294 744 iu-

718 766 765 788 ter
778 769 810 788 se
826 758 1028 789 discernendi
1040 760 1204 800 quomodo
1220 762 1295 796 sint,

716 806 772 835 vix
790 805 896 835 dicere
915 803 1030 842 habeti,
1047 817 1122 835 cum
1138 814 1168 836 et
1182 817 1295 847 perpe-

716 857 773 881 tuo
781 862 841 892 pro
850 851 962 881 iisdem
971 852 1160 890 habeantur,
1178 860 1210 882 et
1223 853 1296 882 nul-

714 897 763 928 los
778 898 856 928 alios
870 901 942 929 AEn.
959 909 1068 928 secum
1080 900 1175 938 Troja
1189 898 1296 929 abstu—

715 944 786 974 lisse
799 951 1004 976 memoretur.
1023 945 1221 986 Explicative
1236 946 1295 986 igi-

716 997 770 1020 tur
789 991 922 1020 alterum
946 991 1106 1030 adjectum
1120 1001 1128 1022 :
1144 1002 1217 1021 cum
1233 994 1295 1021 Pe-

718 1036 860 1073 natibus,
888 1038 1017 1079 magnis
1038 1037 1121 1074 diis;
1152 1044 1207 1068 aut
1223 1049 1295 1067 cum

719 1083 848 1124 magnis
862 1083 944 1120 diis,
962 1084 1020 1124 qui
1037 1083 1139 1113 nostri
1155 1086 1294 1114 Penates

718 1136 814 1160 sunt:
833 1137 870 1159 ut
889 1130 946 1160 inf.
977 1129 1043 1160 vid.
1074 1131 1135 1165 148
1156 1129 1294 1173 Effigies

718 1186 819 1205 ,ται-ηε
835 1175 945 1206 divum
956 1198 964 1213 ,
985 1175 1181 1217 Phrygiique
1195 1179 1295 1207 Pena-

718 1229 774 1252 tes.
800 1223 870 1252 Nisi
894 1222 1164 1263 simplicissimum
1180 1229 1227 1253 est
1243 1233 1295 1252 ac-

720 1269 824 1308 cipere
845 1267 987 1305 dictum‚
1019 1276 1051 1298 ec
1072 1279 1144 1297 cum
1167 1269 1296 1310 magnis

718 1314 779 1344 diis
806 1313 981 1344 Penatibus
996 1325 1007 1343 :
1024 1324 1099 1344 nam
1119 1313 1165 1344 dii
1190 1317 1297 1345 Pena-

718 1367 764 1390 tes
781 1360 904 1401 vulgari
920 1370 1048 1401 quoque
1064 1371 1211 1391 sermone
1227 1361 1294 1391 dic-

718 1407 742 1436 ti
756 1412 843 1436 sunt.

768 1453 808 1482 13
824 1471 871 1475 —
892 1453 943 1483 18.
964 1454 1107 1483 Primum
1129 1454 1296 1484 Thraciam

717 1499 866 1529 universe
881 1499 1023 1541 designat
1033 1523 1042 1536 ‚
1067 1507 1153 1529 terra
1168 1502 1296 1531 ,Mavor-

718 1544 765 1574 tia
779 1544 885 1586 (nam,
899 1546 1066 1577 Thraciam
1078 1547 1176 1577 Marfi
1191 1547 1297 1577 sedem

718 1591 818 1622 tribui
838 1593 902 1631 jam
927 1592 966 1622 ab
992 1594 1133 1623 Homero
1144 1615 1153 1630 ‚
1180 1601 1296 1624 notum

719 1644 783 1675 est,
804 1645 835 1668 et
848 1639 889 1669 cf.
908 1639 966 1669 inf.
986 1640 1028 1669 35
1040 1640 1062 1679 ).
1083 1639 1190 1668 Vastis
1207 1650 1296 1669 cam·

712 1684 957 1724 pis—Thraces
973 1692 1073 1714 arant
1086 1683 1098 1725 (
1109 1693 1219 1715 natum
1236 1686 1297 1715 for-

720 1737 750 1759 te
765 1741 806 1760 ex
823 1732 935 1771 primis
953 1731 1097 1761 Hecubae
1114 1727 1296 1772 Euripide'ae

719 1786 816 1806 verss.
836 1777 854 1806 8
867 1799 876 1814 ‚
896 1776 949 1818 9).
968 1776 1065 1814 Acri,
1089 1787 1172 1808 saevo
1188 1777 1246 1819 (v.
1262 1778 1295 1809 h.

720 1822 742 1852 1.
760 1822 896 1865 Guell.),
912 1824 1075 1864 quondam
1090 1831 1228 1865 regnata
1238 1826 1296 1864 Ly-

721 1879 817 1910 curgo
834 1881 850 1899 e
868 1869 984 1900 fabulis
998 1869 1037 1900 de
1052 1869 1180 1901 Baccho
1196 1878 1293 1908 noto,

720 1925 750 1945 v.
767 1917 863 1947 Hom.
880 1916 918 1947 H.
933 1914 960 1954 ζ,
977 1918 1040 1947 130
1050 1927 1118 1958 sqq.
1131 1918 1294 1960 Regnata:

719 1963 843 2002 passive
852 1985 861 2000 ‚
873 1974 903 1994 v.
918 1964 1026 1994 Davis.
1046 1963 1085 1994 ad
1100 1964 1167 1995 Cic.
1180 1964 1220 1995 de
1233 1967 1291 1995 LL.

720 2010 785 2046 ΙΙΙ,
813 2020 840 2039 1.
856 2011 938 2040 Mox
966 2011 1005 2040 15
1025 2009 1104 2040 dum
1122 2010 1293 2052 hospitium

719 2054 887 2096 antiquum
919 2057 1022 2097 Trojoe
1044 2065 1216 2095 memorat,
1245 2069 1294 2088 re-

719 2113 789 2144 gem
805 2103 965 2133 Thracum
985 2103 1115 2145 hospitii
1127 2105 1199 2143 jure
1221 2115 1294 2135 eum

720 2150 844 2180 Priamo
865 2151 1014 2188 junctum
1034 2150 1175 2181 indicat:
1191 2162 1295 2192 neque

720 2196 822 2226 socios
838 2199 977 2228 Penates
995 2197 1082 2228 aliud
1093 2220 1102 2235 ,
1128 2207 1224 2238 quam
1243 2198 1295 2228 de-
