1402 2460
523 87 645 118 LIBER
670 87 731 117 111.

1167 87 1229 115 255

23 151 159 186 Lustra
179 147 388 196 domosque
409 145 537 192 traho,
553 153 756 195 vastosque
772 143 820 180 ab
841 156 936 194 rupe
956 143 1139 194 Cyclopas

25 208 238 258 Prospici0‚
256 207 498 256 sonitumque
516 205 676 256 pedum,
697 217 906 254 vocemque
928 205 1115 242 tremisco,

25 269 176 305 Victum
192 267 398 313 infelicem,
418 266 573 312 baccas,
590 264 838 317 lapidosaRIue
855 278 970 302 corna

24 330 125 365 Dant
144 327 258 374 rami,
279 337 315 364 et
334 327 448 365 volsis
468 337 628 378 pascunt
651 326 843 364 radicibus
865 326 1005 363 lici-bae.
1158 320 1161 321 ⁷
1184 334 1233 358 650

24 388 163 425 Omnia
180 389 434 434 conlustrans,
449 388 547 425 hanc
566 388 731 437 primum
751 386 798 423 ad
818 387 931 423 litora
947 387 1101 424 classem

23 448 216 497 Conspexi
228 449 444 486 venientem
462 461 469 483 :
493 447 584 486 huic
602 461 680 495 me,
700 461 950 498 quaecumque
968 447 1117 493 fuisset,

24 508 177 546 Addixi.
201 509 298 546 Satis
316 519 371 547 est
391 519 543 560 gentem
564 510 742 559 effugisse
761 509 961 546 nefandam
980 523 988 544 :

24 569 100 606 Vos
121 569 283 606 animam
303 569 401 607 hanc
419 571 545 621 potius
561 583 804 620 quocumque
825 569 1011 607 absumite
1031 570 1118 606 leto,
1142 587 1154 601 ›.·

75 629 151 665 Vix
171 643 214 666 ea
236 631 334 668 fatus
355 640 437 668 erat
453 660 463 677 ,
480 644 628 669 summo
647 644 765 681 quum
783 639 911 668 monte
930 630 1102 668 videmus

1185 638 1234 663 655

23 689 153 739 Ipsum
170 690 269 728 inter
285 691 450 742 pecudes
472 701 577 729 vasta
592 706 631 729 sc
651 694 750 729 mole
769 701 985 728 moventem

23 751 218 787 Pastorem
233 751 528 801 Polyphemum,
550 760 587 788 et
607 752 720 789 litora
738 761 829 789 nota
846 760 1039 802 petentem
1057 767 1064 787 :

23 812 239 848 Monstrum
254 811 488 849 horrendum
501 840 510 857 ,
527 812 703 859 informe,
723 813 875 863 ingens,
893 813 955 850 cui
975 813 1103 851 lumen
1120 815 1325 855 ademtmn.

23 874 174 909 Trunca
189 884 343 909 manum
362 872 474 922 pinus
491 872 610 923 regit,
635 882 671 911 et
690 873 850 924 vestigia
868 874 1003 912 firmat.

72 1011 150 1049 647.
171 1012 293 1041 Demos
311 1021 355 1042 sc.
372 1011 522 1053 fiturum
536 1023 605 1043 non

24 1058 164 1088 otiosum
190 1065 263 1098 post
287 1058 386 1088 lustra
399 1070 410 1094 ;
433 1069 507 1088 nam
534 1069 604 1099 spe-

25 1105 106 1134 ciem
119 1105 165 1134 rei
175 1104 340 1135 clariorem
351 1104 481 1134 exhibet
490 1128 498 1142 ‚
510 1114 605 1145 quam

23 1161 94 1181 voc.
105 1151 274 1203 proprium
284 1150 395 1182 dabat:
409 1150 450 1180 ab
460 1162 538 1192 rupe
550 1150 605 1190 Cy-

27 1197 162 1237 clopas*
151 1207 270 1238 Junge;
294 1199 450 1237 prospicit
463 1198 499 1228 in
513 1208 605 1228 mon·

26 1250 58 1272 te
72 1250 231 1273 errantes:
245 1243 342 1274 modo
355 1254 386 1273 v.
403 1244 470 1279 644
486 1252 518 1273 et
529 1244 605 1273 altis

28 1289 186 1319 montibus
199 1297 321 1325 erran&
336 1295 366 1319 et
375 1289 433 1319 inf.
446 1290 513 1320 655
523 1300 605 1319 sum-

27 1346 79 1366 mo
101 1347 172 1366 cum
200 1343 308 1366 monte
327 1335 497 1372 videmus;
527 1337 604 1365 item

27 1383 94 1420 675
111 1393 129 1412 e
144 1381 228 1412 silvis
241 1390 274 1412 et
291 1381 450 1412 montibus
462 1382 547 1412 altis.
557 1399 604 1406 --

27 1429 106 1469 649.
131 1429 257 1458 Victum
279 1427 462 1470 infelicem,
496 1429 602 1469 simpl.

26 1476 176 1505 miserum
186 1498 195 1513 ,
211 1482 351 1505 tenuem.
365 1476 528 1516 Argutum
545 1485 603 1515 pu-

27 1528 80 1559 to,
103 1521 142 1551 de
158 1521 279 1551 infelici
301 1522 414 1552 arbore
433 1522 575 1562 accipere
590 1531 598 1551 :

27 1568 177 1608 lapidosa
196 1578 296 1598 corna
309 1568 348 1598 ab
363 1578 449 1605 osse,
464 1568 554 1609 quod
568 1569 603 1598 in

26 1624 59 1644 se
74 1614 203 1645 habent.
218 1632 266 1638 —
279 1615 357 1645 651.
370 1615 465 1644 Hanc
474 1622 603 1655 partem

27 1661 75 1690 ad
87 1661 181 1690 litora
194 1662 311 1691 Donat.
326 1661 422 1702 legit,
439 1661 527 1701 qnod
543 1662 602 1691 Ge.

26 1707 173 1737 Fabricio
182 1706 348 1737 videbatur
357 1707 474 1737 habere
484 1707 603 1748 aliquid

28 1754 224 1794 antiquitatis
240 1763 247 1783 :
262 1752 348 1782 hanc
355 1753 463 1793 primo
476 1764 498 1782 a
512 1753 604 1783 litore

26 1800 176 1831 'Nonnius
187 1823 195 1837 ‚
212 1801 247 1829 in
260 1799 396 1829 lustrare
409 1811 420 1829 :
436 1800 526 1840 quod
540 1800 604 1841 pla-

27 1847 128 1876 cuisse
146 1847 280 1877 Heinsio
295 1847 438 1883 mireris3
456 1857 529 1876 cum
542 1848 605 1887 pri-

26 1903 86 1923 mae
110 1893 214 1923 litoris
232 1894 314 1933 parti
337 1894 393 1923 vix
418 1893 544 1923 credere
572 1904 604 1924 se

25 1941 184 1980 potuerit,
200 1941 257 1981 qui
273 1939 408 1970 latebras
421 1940 602 1982 quaerebat;

26 1992 64 2016 ut
84 1993 167 2029 recte
184 1987 248 2026 jam
273 1988 382 2017 Bnrm.
404 1988 541 2017 monuit.
563 1989 604 2018 Et

27 2033 112 2063 cons.
135 2033 231 2065 Ovid.
256 2035 335 2065 XIV
359 2035 438 2064 Met.
465 2034 529 2063 218
553 2044 600 2075 sq.

25 2078 98 2110 loco
115 2091 133 2110 e
148 2080 288 2122 Virgilio
311 2091 462 2122 expresso
479 2090 486 2111 :
502 2081 606 2110 Haud

21 2122 138 2166 prneul
153 2126 293 2168 adspexi
313 2127 412 2169 Ivngo
428 2135 507 2168 post
521 2135 600 2157 tem-

24 2182 102 2212 pore
127 2173 253 2210 navim,
272 2174 312 2204 ad
330 2174 470 2215 litusque
489 2185 601 2204 cucur-

26 2219 63 2249 ri.
81 2219 221 2251 Primum
236 2220 268 2251 in
283 2221 375 2251 litore
388 2223 472 2252 Ven.
489 2222 598 2252 Burm.

658 1012 768 1042 malit:
787 1011 872 1042 hanc
888 1012 1029 1053 primam
1053 1013 1100 1043 ad
1120 1014 1141 1044 I.
1159 1015 1240 1044 clas-

658 1059 728 1089 sim.
747 1077 793 1081 —
815 1059 894 1089 653.
927 1059 1058 1089 Addixi
1080 1071 1091 1088 :
1115 1061 1240 1101 signato

659 1104 759 1135 verbo
783 1106 935 1147 exprimit
965 1104 1238 1146 desperationem,

660 1153 704 1181 ait
729 1154 837 1190 Serv.;
865 1158 895 1181 at
919 1153 1099 1192 quatenus?
1124 1163 1168 1184 sc.
1194 1162 1241 1184 est

660 1208 737 1238 pro,
757 1209 806 1229 me
820 1198 942 1228 tradere
956 1198 1099 1235 decrevi,
1113 1207 1151 1228 ut
1165 1201 1239 1230 alias

658 1246 773 1282 morti,
798 1245 965 1281 servituti,
986 1244 1090 1282 malo,
1119 1255 1150 1275 se
1167 1248 1238 1298 quis

659 1289 785 1320 addicit.
799 1290 969 1320 Addjcunt
981 1300 1013 1318 se
1026 1292 1168 1330 proprie,
1183 1293 1239 1332 qui

658 1346 690 1365 se
715 1336 880 1372 vendunt,
909 1342 946 1364 ut
969 1335 1169 1376 gladiatores.
1191 1355 1239 1361 ›—

659 1381 737 1413 656.
756 1382 927 1412 Gerentem
943 1392 992 1422 pr.
1008 1382 1125 1413 Hamb.
1143 1384 1238 1415 Unde

657 1429 766 1459 Burin.
792 1429 876 1467 conj.
888 1427 1065 1470 ferentem.
1081 1430 1144 1461 Sed
1165 1432 1237 1461 vul-

657 1482 765 1516 gatum
779 1485 813 1504 se
836 1482 1012 1504 moventem
1036 1476 1139 1507 multo
1156 1488 1236 1518 prae-

657 1521 773 1551 clarius
783 1531 849 1551 esse
859 1532 933 1551 cum
942 1530 1041 1552 vasta
1053 1523 1138 1553 mole
1145 1524 1237 1562 junc-

657 1574 745 1603 tum,
771 1569 841 1609 quis
859 1578 927 1598 non
945 1567 1072 1598 videat?

704 1614 783 1645 658.
802 1613 912 1656 Πέλωρ
925 1636 935 1652 ,
952 1613 1104 1657 πελώριον
1131 1616 1236 1658 θαῦμα

658 1672 707 1701 ap.
719 1663 816 1691 Hom.
829 1660 851 1691 l.
867 1671 895 1691 e.
913 1660 1057 1702 Informe
1068 1685 1076 1699 ‚
1092 1670 1127 1692 ut
1142 1662 1238 1705 ἅμερ-

657 1717 712 1748 <pov
725 1731 733 1745 ,
752 1707 893 1737 deforme
907 1717 915 1737 :
932 1707 986 1736 cui
999 1707 1107 1738 lumen
1127 1709 1238 1738 adem-

658 1762 742 1791 tmn,
771 1754 833 1783 hoe
856 1761 919 1789 est,
947 1761 1160 1792 excaecatum3
1184 1755 1238 1785 de-

655 1800 800 1830 formitas
815 1809 900 1830 nova
914 1806 1030 1840 praeter
1048 1801 1235 1832 naturalem.

705 1847 784 1887 659.
805 1848 908 1876 Manu
921 1846 1040 1877 Medic.
1056 1845 1129 1887 (etsi
1141 1849 1239 1878 inter—

656 1893 782 1934 polatus
794 1916 801 1930 ‚
817 1900 848 1923 et
861 1903 878 1922 a
894 1899 1012 1923 recent.
1033 1894 1146 1935 manu)
1163 1905 1238 1924 cum

656 1939 932 1980 praestantioribus
954 1940 1104 1970 omnibus
1125 1942 1236 1971 Heins.

655 1993 686 2016 et
702 1988 783 2017 Pier.
804 1994 835 2016 et
848 1987 976 2026 utrique
990 1985 1024 2015 id
1041 1986 1236 2027 probatum:

655 2040 686 2063 at
701 2034 810 2064 Burm.
829 2040 968 2063 veterem
985 2033 1155 2063 lectionem
1169 2044 1236 2063 ma-

655 2090 728 2109 num
744 2085 957 2117 revocaverat,
972 2079 1156 2110 recentibus
1166 2087 1235 2110 tan-

656 2134 722 2156 tum
742 2126 838 2156 codd.
866 2132 897 2156 et
917 2126 1162 2156 auctoritatibus
1179 2125 1235 2156 fir-

655 2180 770 2202 matam
787 2196 795 2209 ,
826 2179 963 2202 attamen
999 2173 1035 2202 in
1074 2174 1231 2214 Quinctil.

654 2222 732 2250 Inst.
750 2220 852 2257 VIII,
877 2225 915 2259 4,
944 2225 987 2256 24
1010 2219 1144 2258 lectam,
1170 2227 1201 2249 et
1217 2230 1232 2249 a
