1433 2460
170 132 230 162 359
634 129 854 161 EbeRsrs
880 132 908 160 11

165 205 214 234 ap.
226 192 320 222 Ovid.
333 193 380 221 111
398 191 475 221 Met.
487 190 566 231 609,
585 190 898 232 culmmsaciemque
912 191 1132 232 gradumque:
1146 191 1203 222 Nil
1215 192 1272 229 ibi,
1285 195 1373 234 quod

160 256 268 290 posset
285 247 374 277 credi
397 245 549 283 mortale,
578 245 742 277 videbam.
768 248 814 276 lta
837 247 894 276 Iris
905 270 912 283 ‚
940 257 1010 287 qum
1036 249 1157 278 erocn
1179 247 1367 286 simulabat,

163 305 234 334 AEn.
254 304 293 334 V,
315 302 377 339 647
405 299 507 330 divim·
528 300 623 342 signa
645 300 767 331 decoris
791 301 1010 342 Ardentisqne
1031 309 1140 333 notate
1160 302 1285 341 oculos,
1314 304 1372 344 qui

163 358 289 399 spiritus
303 356 372 393 illi,
393 356 458 397 Qui
470 355 579 386 ‘vultus
589 379 598 391 ,
618 355 770 396 vocisque
785 367 880 386 sonus
895 357 953 386 vel
964 368 1089 398 gressus
1105 358 1201 389 eunti.
1216 357 1256 389 cf.
1267 357 1329 389 Od.
1340 369 1368 397 γ,

165 413 229 442 288
243 435 252 449 ‚
267 411 324 441 ubi
342 411 500 448 Minerva,
516 410 682 452 proditura
699 421 731 440 se
745 410 835 440 deam
846 433 854 447 ,
882 418 1011 451 repente
1032 413 1115 442 iuter
1137 412 1310 443 dicendum
1327 412 1370 443 fe-

161 470 247 498 mina
264 466 302 497 fit
318 468 433 497 eximia
449 467 574 508 specie;
604 465 643 496 de
659 467 772 497 Cerere
786 473 891 496 autem
908 468 1029 508 Hymn.
1057 469 1117 498 188
1130 491 1139 506 ‚
1161 469 1223 509 189
1235 493 1244 506 ‚
1262 469 1318 499 ubi
1336 480 1366 499 v.

159 522 292 556 Ruhnk.
309 523 459 564 Inprimis
473 529 578 552 autem
592 521 656 552 huc
671 528 790 563 spectat
800 522 837 552 11.
855 533 876 566 γ
886 545 894 559 ,
913 523 978 562 396
997 533 1043 564 sq.
1062 523 1119 553 ubi
1132 525 1265 554 Veneris
1290 526 1366 554 anui

159 579 348 610 assimulatae
364 578 504 609 consiliis
521 577 652 619 obsequi
676 589 749 608 cum
767 577 867 609 nollet
883 577 1022 614 Helena,
1047 585 1115 608 tum
1131 578 1184 608 illa
1203 579 1365 609 manifesta

159 633 260 663 adstat
285 633 361 670 dea,
395 629 449 663 καὶ
474 631 500 675 ῥ’
522 631 561 667 ὡς
585 625 634 662 οὖν
668 630 770 666 ἐνόησε
795 632 864 667 θεᾶς
882 631 1076 675 περικαλλέα
1098 627 1221 675 δειρὴν,
1247 631 1363 665 Σττζθεά

156 688 181 717 θ’
194 686 367 731 ἱμερόεντα,
382 685 436 718 καὶ
450 686 581 730 ὄμματα
598 684 830 730 μαρμαίροντα,
847 683 1015 729 Θοίμῧησέν
1032 689 1060 717 τ’
1071 684 1122 729 ἄρ’
1135 685 1256 717 ἔπειτα·
1268 696 1363 728 quem

154 745 259 784 ipsum
271 743 381 773 locum
394 743 550 783 Virgilius
562 742 707 773 versibus
720 752 814 783 supra
828 741 992 782 adscriptis
1011 749 1083 772 ante
1097 742 1208 772 oculos
1230 740 1342 772 habuit
1353 765 1362 779 ‚

153 810 219 828 rem
238 805 342 828 tamen
356 798 446 828 aliter
465 799 610 827 tractavit
626 807 634 828 z
650 805 796 828 avertens
814 808 907 828 rosea
923 797 1044 828 cervice
1057 796 1185 838 refidsit
1193 803 1254 827 etc.
1272 797 1363 828 Seili-

153 861 203 883 cet
219 855 361 884 occurrit
375 852 461 894 apud
478 860 586 893 poetas
609 852 736 882 tandem
756 860 787 882 ct
809 852 863 882 illa
886 853 984 891 ratio,
1007 859 1044 882 ut
1066 863 1131 883 ιιοη
1151 851 1216 883 nisi
1228 852 1283 882 sub
1300 852 1363 882 dis-

149 919 270 938 cessum
280 932 289 944 ‚
307 907 402 938 modo
417 907 456 937 ad
472 914 625 937 terrorem
642 907 823 937 faciendum
834 930 842 945 ‚
859 907 956 938 modo
970 907 1009 937 ad
1024 918 1146 938 numen
1160 906 1341 938 testandum
1352 930 1361 945 ,

151 963 276 993 mortali
293 963 394 992 forma
409 969 506 992 exuta
516 985 525 1000 ‚
548 961 656 992 divina
671 963 776 1003 specie
789 972 910 992 numen
925 963 1137 1002 spectantium
1158 961 1269 992 oculos
1284 970 1364 1002 prae-

150 1019 294 1059 stringat.
311 1019 422 1058 Itaque
437 1017 470 1048 h.
481 1018 502 1048 l.
513 1016 655 1047 divinam
669 1019 806 1058 speciem
822 1027 1007 1057 numenque
1023 1017 1127 1059 arguit
1139 1015 1274 1057 pulchra
1289 1026 1357 1046 cer-

147 1073 222 1110 vix,
246 1082 336 1102 coma
357 1073 496 1101 suaviter
513 1072 654 1112 spiranS,
683 1071 765 1112 palla
781 1071 847 1101 deae
869 1070 1032 1107 defluens,
1053 1081 1128 1101 cum
1150 1077 1242 1101 autea
1265 1081 1357 1101 vena-

145 1127 232 1156 tricis
251 1137 340 1156 more
356 1132 437 1156 esset
453 1126 617 1156 succincta
628 1147 637 1162 ,
666 1125 858 1166 tandemque
880 1126 1030 1156 incessus.
1051 1125 1224 1156 Videamus
1239 1126 1278 1157 de
1294 1127 1357 1157 sin-

146 1180 240 1222 gulis,

189 1235 315 1265 Scilicet
330 1235 357 1264 si
372 1233 523 1264 abeuntes
537 1243 659 1263 numen
671 1232 875 1263 manifestum
890 1243 925 1263 ac
944 1233 1122 1264 confessum
1138 1234 1278 1270 faciunt,
1296 1236 1354 1277 sig-

143 1288 192 1318 uis
210 1288 275 1318 fere
289 1295 381 1328 atque
394 1289 480 1318 notis
494 1287 528 1317 id
546 1287 667 1317 faciunt
687 1287 896 1328 sequentibus
911 1298 919 1319 :
936 1289 1070 1328 peractis
1085 1288 1240 1319 mandatis
1255 1289 1353 1320 modo

142 1342 311 1372 discedunt
334 1343 379 1372 sic
394 1349 430 1372 ut
448 1342 488 1372 ad
507 1342 685 1383 Olympum
701 1341 851 1380 redeant,
868 1350 904 1373 ut
923 1342 962 1373 de
983 1344 1148 1374 Mercurio
1161 1344 1290 1382 juvenis
1307 1344 1350 1374 fa·

141 1398 222 1427 ciem
236 1398 371 1426 mentito
387 1395 502 1437 Odyss.
519 1406 538 1425 κ
549 1418 557 1433 ,
577 1396 640 1433 307
655 1418 663 1433 ‚
686 1396 750 1426 308
767 1397 868 1429 Νῆσον
884 1394 932 1426 ἀν’
947 1394 1096 1429 ὑλήεσσαν
1110 1396 1163 1426 ille
1183 1395 1221 1426 ad
1235 1397 1350 1438 Olym-

140 1460 219 1491 pum
241 1449 341 1486 redit;
368 1449 465 1479 modo
486 1449 595 1479 subito
617 1459 658 1478 ex
676 1456 851 1489 conspectu
864 1459 996 1487 eorum,
1023 1449 1218 1490 quibuscum
1239 1450 1350 1491 loque-

139 1503 258 1533 bantur
270 1526 278 1540 ,
296 1503 490 1533 auferuntur
500 1525 508 1540 ‚
529 1509 723 1533 evanescunt
735 1503 787 1532 vel
804 1503 943 1534 avolant.
958 1503 1045 1534 Alias
1060 1503 1230 1543 abeuntes,
1246 1504 1348 1535 forma

139 1558 294 1588 adscititia
316 1557 457 1596 abjecta,
483 1557 626 1587 divinam
649 1559 787 1598 speciem
804 1568 820 1587 a
835 1564 924 1600 tergo
949 1558 1134 1590 ostendunt.
1156 1560 1207 1590 Sic
1227 1560 1348 1602 Apollo

138 1615 173 1644 iu
199 1614 288 1643 Butae
312 1613 448 1643 formam
472 1623 646 1642 conversus
665 1622 673 1643 :
695 1613 853 1643 Mortales
881 1613 987 1643 medio
1009 1613 1179 1654 adspectus
1204 1625 1349 1647 sermone

138 1667 285 1708 reliquit,
311 1669 356 1697 Ec
363 1667 479 1708 procul
496 1666 528 1696 in
545 1674 673 1697 tenuem
689 1677 731 1697 esc
747 1667 847 1698 oculis
865 1668 995 1698 evanuit
1009 1679 1135 1700 auram.
1154 1669 1346 1712 Adgnovere

137 1722 232 1752 deum
246 1732 396 1762 proceres
409 1721 582 1763 divinaque
597 1722 664 1752 cela
679 1722 869 1753 Dadanidae
879 1746 887 1759 ,
913 1722 1167 1765 pharetramque
1173 1723 1262 1766 ficga
1274 1736 1347 1757 sen-

134 1787 202 1806 sere
217 1784 407 1814 sonantem,
431 1779 502 1808 AEn.
520 1778 588 1814 XI,
619 1777 683 1815 657
710 1788 756 1818 sq.
782 1777 968 1818 Apollinem
991 1777 1043 1809 hic
1065 1778 1153 1809 vides
1179 1780 1215 1810 in
1240 1789 1344 1812 aerem

133 1832 315 1869 sublatum;
343 1842 418 1862 cum
437 1831 513 1863 alibi
537 1831 624 1862 nube
648 1832 700 1862 vel
726 1832 861 1862 obscura
883 1833 1016 1875 caligine
1039 1834 1208 1864 involvant
1227 1845 1260 1865 se
1278 1835 1340 1874 dii,

133 1888 253 1928 quippe
267 1888 324 1928 qui
337 1888 469 1918 omuino
481 1910 489 1924 ,
508 1894 544 1917 ut
555 1887 653 1917 invisi
664 1888 729 1917 sint
738 1910 747 1925 ‚
763 1887 850 1918 nube
864 1898 896 1918 se
910 1889 1056 1929 operiant
1065 1910 1074 1926 ,
1091 1895 1184 1930 atque
1197 1899 1250 1920 eos
1265 1900 1343 1931 quo-

131 1954 194 1982 que
205 1965 213 1980 ‚
229 1953 309 1983 quos
322 1942 500 1973 subducere
514 1942 566 1972 vel
578 1943 740 1972 occultare
756 1943 890 1981 volunt,
906 1943 994 1974 nube
1007 1943 1182 1981 obducant,
1196 1951 1234 1974 ut
1250 1946 1342 1976 toties

132 2008 181 2037 ap.
198 1999 377 2028 Homerum
390 1996 438 2029 fit.
458 1996 518 2028 Sed
535 1998 604 2028 aliis
618 1998 697 2028 locis
716 1997 868 2028 abeuntes
887 1998 963 2029 deos
978 1998 1116 2029 declarat
1137 1999 1279 2029 incessus
1300 2000 1341 2031 le-

128 2051 176 2078 vis
199 2061 233 2080 ac
253 2051 354 2089 celer,
372 2058 404 2082 et
427 2052 549 2082 volanti
574 2052 703 2090 similis,
728 2059 764 2082 ut
788 2054 844 2083 vix
867 2052 1004 2093 pedibus
1025 2059 1141 2083 terram
1163 2054 1338 2094 attingant;

129 2105 230 2144 qualis
245 2108 378 2137 omnino
393 2106 528 2138 deorum
542 2109 684 2138 incessus
703 2118 769 2138 esse
785 2107 905 2145 fertur,
932 2105 1001 2137 οὔτε
1025 2104 1121 2147 χθόνα
1138 2105 1265 2150 μάρπτε
1281 2107 1339 2139 πό-

128 2155 229 2189 δεσσιν
259 2161 348 2191 Iliad.
366 2159 400 2199 ξ,
438 2163 527 2201 2283
547 2163 588 2194 cf.
620 2163 706 2200 284,
739 2162 824 2200 285;
853 2161 950 2192 modo
972 2161 1070 2191 stellae
1092 2162 1187 2193 satuae
1212 2162 1339 2194 cadenti

127 2213 217 2244 Iliad.
236 2210 257 2243 ὃ
266 2237 274 2251 ‚
295 2216 336 2252 75
348 2239 356 2252 ,
376 2217 473 2247 modo
486 2217 665 2255 columbae,
687 2217 783 2248 modo
806 2217 963 2258 accipitris
987 2217 1107 2248 volatui
1125 2226 1334 2260 comparatus.

125 2269 228 2300 Notus
240 2268 329 2300 locus
348 2271 386 2301 Π.
407 2282 418 2301 ε
431 2295 439 2310 ,
467 2272 530 2311 778
554 2270 591 2303 Αἱ
608 2268 643 2303 δὲ
660 2269 758 2311 βάτην
772 2269 905 2315 τρήρωσι
926 2274 1083 2303 πελειασιν
1099 2270 1201 2315 ἴθμαθ’
1217 2271 1332 2317 ὁμοῖαι.
