1402 2460
0 695 2 708 h

613 43 735 74 unm
760 44 817 72 lv.
1253 43 1315 78 2713

116 101 287 138 Incubat.
306 101 415 138 Illum
434 99 568 138 absens
586 99 780 138 absentem
801 100 982 150 auditque
1001 99 1200 149 videtque3

115 164 191 196 Aut
211 161 354 210 gremio
373 160 595 207 Ascanium,
615 161 796 211 genitoris
816 161 978 211 imagine
998 169 1124 211 capta,

115 222 284 266 Detinet,
304 222 501 259 infandum
521 222 551 260 si
572 222 700 259 fallere
719 221 838 272 possit
858 223 1044 259 amorem!
1286 229 1316 252 85

115 284 199 318 Non
219 292 350 332 coeptae
370 282 578 334 adsurgunt
597 293 740 331 turres;
762 295 837 320 non
856 296 961 320 arma
974 283 1153 334 juventus

114 345 294 389 Exercet,
312 354 494 394 portusve
513 354 578 381 aut
597 345 882 395 propugnacula
901 344 1001 382 bello

113 406 210 440 Tuta
229 414 364 454 parant
382 421 389 441 ε
409 405 575 455 pendent
596 418 712 455 opera
730 406 961 455 interrupta,
981 406 1168 454 minaeque

113 465 315 500 Murorum
334 464 522 514 ingentes,
543 475 768 515 aequataque
788 465 962 502 machina
981 465 1086 501 coelo.

113 629 280 659 intellexit.
298 631 378 660 Sane
394 641 448 667 ea,
474 640 545 670 quae
564 637 687 660 antece-

113 674 195 706 dunt
210 685 217 705 ι
233 676 311 706 Sola
326 676 420 706 domo
438 684 548 706 moeret
557 688 665 706 vacua
676 701 685 713 ,

114 731 181 750 eam
215 733 272 762 per
307 722 459 752 thalamos
492 733 526 752 ac
553 724 689 753 triclinia

114 768 370 799 discursitantem
406 769 546 799 indicare
588 770 689 799 videri

113 823 265 853 possunt3
285 815 427 856 adeoque
451 815 504 845 illa
521 816 555 844 in
572 826 610 846 eo
634 817 688 845 tri-

114 860 227 898 clinio,
245 872 310 902 quo
334 868 422 892 autea
445 868 534 892 erant
550 864 685 900 coenati,

111 907 231 937 lectum
245 918 310 949 quo
327 919 399 940 cum
414 911 511 939 AEnea
527 909 687 940 adcubue-

112 962 159 984 rat
173 976 181 987 ,
207 956 367 995 agnoscit,
391 956 573 997 iterumque
595 959 622 987 ei
636 958 686 987 in-

112 1001 226 1037 cubat3
246 1002 333 1041 quod
350 1009 489 1033 amantes
513 1004 614 1034 facere
635 1015 684 1034 so-

111 1046 193 1085 lent,
211 1054 241 1077 et
256 1048 345 1088 quod
360 1051 453 1080 toties
468 1051 646 1080 amantibus
670 1063 684 1081 a

112 1095 212 1134 poetis
226 1094 390 1127 tribuitur.
402 1095 466 1126 vid.
476 1096 570 1128 ovid.
585 1098 684 1138 Epist.

111 1141 142 1170 X
154 1163 162 1178 ,
180 1141 219 1170 51
238 1151 306 1181 sqq.
324 1143 415 1183 Soepe
431 1150 532 1173 torum
552 1152 659 1184 repeto
673 1168 682 1181 ,

111 1187 238 1226 quinos
256 1197 427 1229 acceperat
448 1191 559 1228 ambo,
578 1209 625 1215 —-
642 1193 688 1221 Et

111 1240 177 1269 tua,
193 1244 257 1274 qua
265 1245 408 1274 possum,
420 1248 482 1277 pro
498 1246 528 1268 te
545 1238 684 1279 vestigia

109 1288 227 1321 tange,
241 1283 427 1323 Strataque,
449 1296 521 1325 quae
540 1284 686 1315 membris

110 1326 273 1367 intepuere
295 1329 364 1360 mis.
390 1331 457 1362 Nec
482 1331 628 1361 dubitare
647 1332 684 1361 li-

110 1381 177 1412 cet,
196 1384 237 1405 an
260 1381 355 1405 strata
377 1375 416 1407 de
439 1384 511 1409 toro
536 1380 684 1408 conviva-

108 1430 181 1451 rum
210 1420 368 1453 dicantur.
397 1423 447 1454 Sic
471 1436 502 1455 v.
531 1435 558 1454 c.
587 1424 683 1456 Ovid.

108 1468 187 1498 Met.
213 1469 254 1505 V,
286 1468 328 1503 34
341 1491 349 1505 ,
382 1469 437 1499 ubi
469 1470 507 1500 de
534 1472 684 1501 convivio

110 1516 228 1554 agitur,
243 1520 277 1542 ut
293 1515 380 1545 stetit
393 1515 486 1546 hasta
502 1524 570 1546 toro
580 1540 588 1553 ,
608 1524 684 1553 stra-

109 1561 148 1590 tis
172 1568 238 1590 tum
267 1560 406 1602 denique
431 1565 563 1593 Perseus
584 1564 683 1593 Exsi-

109 1607 177 1637 luit.
199 1609 255 1638 Est
277 1618 406 1649 quoque
430 1616 531 1639 strata
553 1610 655 1639 lectus
672 1633 680 1646 ,

110 1661 145 1682 ut
169 1654 227 1684 inf.
250 1655 313 1694 392
342 1655 466 1693 dictus,
486 1666 551 1696 qno
572 1656 684 1686 sedent

109 1707 164 1730 aut
181 1700 336 1730 recubant
350 1702 386 1730 in
403 1701 540 1732 thalamo
557 1712 612 1731 seu
627 1713 683 1731 cu-

108 1747 218 1777 biculo
235 1757 242 1777 ;
279 1747 537 1788 quandoquidem
573 1748 684 1788 priscae

109 1795 182 1823 vitae
208 1794 391 1834 simplicitas
415 1793 553 1824 eundem
576 1802 682 1824 torum

107 1841 142 1868 in
160 1840 271 1870 eodem
288 1840 440 1870 cubiculo
456 1848 486 1870 et
501 1840 683 1871 sedentibus

108 1894 140 1916 et
159 1886 393 1917 dormientibus
415 1887 601 1917 destinabat.
626 1889 682 1918 Fa-

109 1933 241 1963 tendum
257 1940 379 1971 tamen,
402 1933 485 1963 hanc
507 1941 610 1974 poetae
634 1944 682 1963 ra-

75 2010 80 2014 ,
109 1981 227 2011 tionem
242 1980 316 2020 plus
331 1980 405 2009 artis
419 1980 598 2010 habituram
618 1991 682 2010 esse

108 2037 203 2067 quam
234 2027 444 2067 simplicitatis
461 2038 469 2065 ;
502 2034 538 2056 ut
575 2027 681 2057 malim

108 2073 255 2113 praeferre
268 2072 300 2102 id
315 2072 402 2114 quod
417 2074 520 2114 primo
535 2073 609 2103 loco
627 2085 681 2114 ap-

109 2121 212 2158 posui.
226 2120 375 2151 Praeclare
390 2126 497 2150 autem
515 2119 595 2150 illud
607 2120 682 2150 sub-

107 2167 216 2204 jicitur
247 2176 254 2196 ε
290 2166 379 2197 illum
422 2167 536 2197 absens
571 2167 682 2198 absen-

743 638 805 660 tem
819 629 972 670 auditque
984 629 1138 669 videtque
1149 639 1159 658 :
1168 628 1255 669 quod
1269 640 1318 658 or-

743 677 901 706 natissime
923 683 1132 717 persequutus
1159 683 1204 705 est
1220 676 1316 715 Apol-

740 723 848 752 lonius
877 722 1021 753 Rhodius
1047 723 1104 752 lib.
1134 723 1181 751 ΙΙΙ
1193 745 1200 759 ,
1234 732 1314 751 vers.

744 769 808 804 453
831 779 878 809 sq.

805 815 859 851 84.
893 815 1022 845 Gremio
1039 827 1052 852 ;
1091 814 1315 845 accubantium

741 872 857 892 mensae
881 862 1025 893 habitum
1054 864 1161 892 animo
1192 868 1314 903 reputa.

740 909 825 940 conf.
839 911 947 940 Burni.
962 916 993 940 et
1006 921 1037 939 v.
1054 908 1094 938 ad
1111 911 1125 939 I
1136 932 1144 946 ,
1163 920 1178 947 7
1189 919 1241 947 17,
1259 908 1314 938 ubi

736 955 972 997 gremiofhvet.
989 957 1057 986 Etsi
1072 956 1205 986 omnino
1218 957 1253 984 in
1267 955 1315 984 his

740 1013 808 1032 mos
831 1013 849 1031 a
870 1010 981 1034 nostro
1004 1002 1148 1032 diversus
1171 1012 1236 1031 esse
1256 1012 1314 1041 po-

740 1050 811 1079 tuit.
835 1049 934 1089 Apud
958 1052 1134 1080 Homerum
1157 1048 1247 1078 Iliad.
1272 1057 1292 1089 φ
1307 1071 1314 1084 ,

742 1095 807 1125 506
820 1096 922 1125 Diana
936 1092 1133 1138 δακρυόεσσα.
1147 1091 1182 1124 δὲ
1196 1093 1314 1137 πατρὸς

741 1140 863 1183 ἐφέζετῡ
881 1142 1010 1186 γούνασι
1024 1141 1118 1184 κούρη
1137 1141 1211 1171 satis
1225 1141 1314 1171 adul-

741 1196 770 1218 ta
788 1189 853 1220 illa.
870 1208 916 1212 —
931 1190 986 1221 85.
1013 1189 1049 1219 Si
1065 1189 1189 1228 pellere
1214 1187 1312 1218 Goth.

739 1246 800 1266 sec.
818 1236 847 1265 si
860 1237 985 1266 vellere
999 1242 1069 1266 tert.
1087 1235 1185 1266 Goth.
1206 1237 1317 1264 Posset

739 1283 763 1312 F
765 1293 849 1313 rane.
869 1285 1044 1313 Amantem
1078 1282 1199 1323 aliquot
1232 1283 1314 1313 Pier.

738 1339 813 1358 cum
825 1329 935 1370 fragm.
952 1330 1056 1359 Vatie.

786 1376 934 1416 86-89.
949 1378 1054 1406 Arma
1068 1383 1196 1405 exercet
1208 1376 1316 1415 exqui-

738 1423 827 1451 sitius
841 1433 935 1462 quam
946 1446 955 1461 ,
970 1434 1002 1453 se
1015 1424 1050 1452 in
1062 1422 1177 1459 armis;
1195 1429 1226 1451 et
1239 1432 1315 1451 mox

732 1468 880 1507 pendent
894 1480 954 1510 pro
973 1476 1065 1507 sunt,
1092 1475 1123 1498 et
1136 1468 1232 1498 minae
1249 1479 1315 1498 mu-

737 1525 843 1545 rorum
852 1537 861 1551 ‚
878 1518 963 1546 muri
976 1516 1031 1545 alti
1040 1539 1049 1552 ,
1069 1514 1314 1555 quasialtitudi-

737 1571 778 1592 ne
797 1572 851 1592 sua
872 1564 1047 1600 minantes,
1065 1561 1128 1590 hoc
1146 1561 1314 1602 simplicis-

736 1610 852 1639 simum
875 1616 905 1638 et
926 1620 988 1639 usu
1012 1615 1115 1650 poetae
1132 1608 1314 1649 frequenta-

738 1662 804 1684 tum
821 1665 828 1686 ε
845 1666 916 1695 sup.
937 1653 976 1691 Ἰ,
1016 1655 1078 1685 162
1105 1654 1189 1684 Ht'nc
1217 1661 1315 1694 alque

737 1700 810 1731 hinc
825 1710 930 1732 vastce
943 1713 1037 1742 rupes
1049 1700 1238 1743 geminique
1254 1703 1313 1731 mi-

736 1755 855 1778 nantur
865 1750 903 1777 In
913 1748 1028 1778 coelum
1041 1747 1173 1788 scopuli.
1184 1749 1233 1777 De
1241 1749 1314 1778 emi-

737 1795 853 1824 nentiis
865 1805 1031 1825 murorum
1041 1805 1076 1824 ac
1088 1795 1206 1834 pinni8‚
1218 1793 1314 1825 ἐπάλ-

738 1838 816 1878 ξεσιν
827 1864 836 1878 ,
852 1848 1040 1882 acceperant
1052 1842 1116 1879 jam
1131 1847 1263 1872 veteres.
1279 1852 1310 1872 V.

737 1889 842 1924 Serv„
864 1887 919 1917 sed
931 1888 993 1918 hoc
1006 1898 1100 1918 sensu
1116 1887 1214 1917 mz'noe
1229 1888 1312 1918 tech-

737 1935 846 1964 nicum
857 1957 865 1971 ,
892 1934 1034 1975 adeoque
1056 1935 1112 1964 vix
1127 1935 1288 1975 poeticum
1298 1958 1306 1970 ,

736 1987 767 2010 et
787 1982 943 2012 seriorum
966 1980 1096 2022 quidem
1116 1981 1310 2021 scriptorum

735 2027 929 2058 vocabulum
953 2028 1047 2058 fuisse
1071 2026 1208 2058 videtur.
1226 2029 1308 2058 Bur-

736 2084 843 2105 mann.
855 2074 894 2104 de
903 2075 1002 2105 initiis
1015 2074 1130 2115 operis,
1144 2084 1215 2115 quae
1225 2085 1308 2116 egre-

735 2122 803 2160 gios
826 2132 935 2152 muros
957 2120 1189 2162 promittebant
1203 2128 1233 2151 et
1248 2123 1306 2150 mi-

735 2167 910 2206 nabantur3
929 2168 985 2199 vix
998 2168 1090 2199 bene.
1107 2186 1153 2192 -
1165 2167 1218 2208 89.
1234 2169 1305 2198 Ma-
