1433 2460
121 144 178 176 Τι’.
553 135 774 166 Excrnffl‘s
800 134 829 163 11

114 203 228 232 habere
241 222 248 235 ,
265 205 433 237 antequam
462 195 732 236 frequentioribus
749 193 948 225 commerciis
971 194 1062 234 copia
1080 193 1197 232 majore
1211 200 1241 224 et
1263 204 1320 224 ex-

115 257 270 298 peditiore
294 260 400 283 summ
420 257 581 292 unguenta
598 252 682 280 Asiae
697 251 729 279 in
744 252 903 290 Europam
928 249 1012 279 illata
1034 257 1118 279 suin.
1143 250 1187 279 At
1210 259 1320 291 regum

115 319 218 340 autem
241 309 322 338 luxu
334 330 342 344 ‚
363 306 467 348 qualis
488 312 554 334 tum
575 310 660 340 erat,
677 302 863 333 adumbrata
883 303 1016 333 deorum
1034 305 1096 333 vita
1108 326 1116 340 ‚
1134 302 1275 343 adeoque
1288 303 1322 332 in

116 375 182 393 ram
198 361 378 392 traductum
395 361 488 390 etiam
512 364 713 398 unguentum
736 357 892 387 ambrosia
912 357 1044 389 dietum.
1064 359 1114 388 Sic
1137 358 1175 387 de
1192 359 1324 389 Junone

117 417 207 449 iliad.
219 415 252 454 ξ,
273 428 283 446 ι
293 427 334 455 70
346 426 413 455 sqq.
425 422 455 444 et
471 413 510 443 dc
525 415 648 442 Venere
659 412 774 453 Odyss.
790 411 805 440 6
815 435 822 449 ‚
837 412 901 447 364
914 435 922 448 ‚
937 413 1000 442 365
1015 419 1045 442 et
1055 423 1125 454 sup.
1138 413 1324 453 Georg.1V,

119 474 184 508 415
215 483 283 512 sqq.
304 471 405 501 Etiam
425 480 474 510 ap.
494 467 622 498 Hesiod.
640 470 725 497 Scut.
747 468 842 497 Herc.
864 478 878 506 7
892 489 900 504 ,
924 467 941 496 8
963 467 1126 498 Alcmenae
1139 478 1155 497 a
1175 469 1276 509 capite
1295 475 1327 497 et

117 526 295 567 superciliis
319 535 428 554 suaves
450 522 564 554 odores
586 523 724 563 spirant,
750 528 900 561 tanquam
919 531 934 550 a
951 522 1088 552 Venere.
1106 520 1195 561 (Etsi
1218 531 1327 551 versus

117 584 172 612 vix
187 592 202 610 a
223 582 327 622 primo
353 580 500 609 carminis
526 584 656 607 auctore
685 575 794 618 sunt.)
809 578 913 607 Ducta
932 576 1009 606 hinc
1031 583 1106 606 sunt
1130 586 1184 613 ea,
1202 586 1272 617 quae
1289 575 1327 605 de

118 643 203 665 veste
219 634 356 676 stragula
376 633 493 664 Bacchi
504 632 599 662 habet
613 630 766 673 Apollon.
785 632 842 668 IV,
861 631 927 666 430
937 641 984 671 sq.
1002 631 1072 660 Hoc
1090 636 1195 660 tamen
1211 629 1328 660 divinae

118 699 240 721 natura:
267 695 492 730 argumentum
520 697 587 718 non
609 687 671 717 nisi
686 687 720 716 in
739 685 988 727 elegantioribus
1003 684 1063 715 diis
1085 685 1194 715 locum
1212 683 1329 714 habere

119 752 240 787 potest,
258 751 293 774 ut
309 745 342 774 in
359 746 482 773 Venere
499 749 530 772 et
545 741 696 782 Apolline
709 752 716 778 ;
731 741 765 770 in
781 741 882 770 Diana
900 741 993 770 etiam
1013 739 1099 781 apud
1115 739 1225 779 Eurip.
1245 738 1267 768 l.
1283 748 1329 777 e.,·

121 801 154 829 in
169 799 262 829 Flora
279 797 365 838 apud
381 796 477 827 Ovid.
496 797 576 826 Fast.
596 797 636 832 V,
653 795 718 833 376
736 805 743 825 :
759 795 816 824 alia
836 794 981 835 exempla
1005 805 1036 824 v.
1053 792 1138 834 apud
1154 794 1328 823 Burmann.

120 854 158 884 ad
176 852 309 884 Anthol.
327 854 392 882 Lat.
409 853 467 888 lv,
493 852 530 880 13
542 873 550 887 ‚
573 851 625 880 30.
647 851 808 891 Insignius
831 850 943 880 ceteris
960 856 1006 880 est
1024 850 1059 879 in
1078 850 1211 890 Hymno
1230 849 1326 878 Hom.

121 910 154 937 in
181 908 251 938 Cer.
278 905 345 943 276
363 915 431 944 sqq.
444 927 452 941 ,
473 903 562 944 quod
586 913 758 943 apponam,
775 903 850 943 quia
873 902 992 942 reliqua
1019 912 1150 942 quoque
1169 901 1332 941 praesentis

122 963 264 992 numinis
281 965 466 1001 argumenta
480 958 541 988 sub
552 957 722 987 discessum
739 959 882 988 continet
897 968 905 989 ;
923 955 962 992 ὣς
978 955 1108 988 εἰποῦσα
1121 953 1188 994 θεὰ,
1203 955 1332 1000 μέγεθός

121 1028 155 1047 τε
170 1013 226 1046 καὶ
247 1010 326 1049 εἶδος
342 1010 456 1056 ἄμειψε
471 1035 479 1050 ,
497 1014 598 1055 ripae
614 1011 807 1055 ἀπωσαμένη
819 1035 828 1051 ,
847 1010 920 1055 περί
932 1015 960 1043 τ’
970 1010 1051 1055 ἀμφί
1070 1022 1104 1042 τε
1118 1009 1232 1047 κάλλος
1242 1009 1333 1045 ἄητο·

123 1066 216 1114 ὀδμὴ
251 1067 280 1100 δ’
301 1067 466 1113 ἱμερόεσσα
485 1067 635 1101 θυηέντων
657 1065 720 1098 ἀπὸ
739 1067 870 1098 πέπλων
886 1064 1039 1098 Σκίδνατο
1051 1090 1061 1104 ,
1074 1068 1149 1101 τῆλε
1164 1063 1199 1097 δὲ
1216 1066 1334 1110 φέγγος

124 1125 187 1157 ἀπὸ
202 1123 294 1168 χροὸς
310 1121 476 1154 ἀθανάτοιο
488 1121 605 1165 Λάμπε
620 1122 706 1161 Θεᾶς,
723 1119 831 1159 ξανθαὶ
845 1118 880 1152 δὲ
898 1120 995 1165 κόμαι
1009 1120 1206 1155 κατενήνοθεν
1226 1119 1337 1164 ὤμους·

123 1180 227 1224 Αὐγῆς
242 1176 272 1209 δ’
283 1177 418 1212 ἐπλήσθη
432 1175 558 1212 πυκινὸς
574 1173 669 1220 δόμος
681 1200 689 1215 ,
706 1174 881 1219 ἀστεροπῆς
891 1173 942 1212 ὣς.
957 1178 1000 1210 Βῆ
1015 1173 1050 1207 δὲ
1065 1172 1106 1206 δι’
1123 1175 1157 1207 ἐκ
1174 1174 1335 1220 μεγάρων.

122 1234 280 1264 Videmus
307 1233 360 1262 hic
388 1233 448 1262 sub
474 1231 646 1261 discessum
671 1231 794 1261 Cereris
819 1231 955 1260 formam
983 1230 1124 1261 divinam
1150 1237 1335 1271 receptam:

122 1287 399 1330 pulchritudinem
410 1309 418 1324 ‚
432 1286 631 1316 ambrosium
656 1284 788 1315 odorem
798 1308 806 1323 ,
823 1284 961 1315 candens
975 1295 1109 1325 corpus,
1124 1295 1246 1316 comam
1266 1296 1340 1326 pro-

124 1345 265 1378 missam,
286 1342 391 1371 lucem
407 1351 464 1381 per
479 1339 610 1370 domum
635 1339 746 1369 Fusain.
772 1339 953 1369 Imitatione
974 1349 1104 1379 quoque
1117 1349 1265 1379 expressa
1289 1351 1337 1369 res

123 1399 158 1428 in
172 1397 298 1438 templis
313 1406 321 1426 ε
336 1407 368 1426 v.
389 1405 417 1425 c.
439 1394 477 1424 de
502 1394 559 1424 dea
576 1395 667 1435 Syria
692 1400 723 1423 et
741 1394 775 1423 in
791 1393 893 1423 teletis
913 1403 920 1423 :
938 1400 974 1423 ut
990 1393 1076 1434 apud
1095 1393 1215 1434 Apulei
1230 1395 1288 1424 XI.

171 1453 212 1481 Et
223 1451 258 1480 hi
267 1449 399 1490 quidem
412 1450 524 1490 priscae
538 1454 569 1478 et
583 1449 682 1488 epicae
695 1458 827 1488 poeseos
836 1447 993 1488 praecipui
1009 1447 1097 1477 modi
1105 1446 1247 1478 divinam
1259 1457 1337 1489 pra·-

126 1507 258 1536 sentiam
272 1503 474 1541 declarandi,
492 1513 588 1543 super
611 1502 728 1542 quibus
744 1502 844 1532 multa
862 1502 985 1543 possint
1000 1502 1143 1543 argutius
1161 1501 1336 1542 disputari,

126 1559 189 1590 nisi
214 1559 276 1590 hoc
299 1570 317 1588 a
341 1558 474 1588 consilio
504 1564 616 1587 nostro
644 1563 723 1587 esset
744 1557 900 1594 alienum3
918 1562 950 1586 et
973 1556 1077 1586 facere
1095 1555 1158 1586 hoc
1176 1557 1278 1587 cuivis
1298 1568 1337 1587 ex

126 1614 348 1656 superioribus
375 1620 422 1642 est
449 1614 483 1642 in
498 1618 661 1653 promptu.
680 1612 747 1642 Nec
771 1618 877 1641 tamen
898 1610 1146 1641 existimandum
1167 1618 1233 1648 est,
1255 1622 1337 1642 sem-

126 1681 184 1711 per
222 1669 290 1699 haec
327 1675 390 1698 tam
419 1673 564 1697 accurate
599 1673 630 1696 et
664 1665 778 1696 diserte
803 1677 820 1696 a
845 1668 947 1707 poetis
973 1667 1108 1696 tractari.
1134 1667 1223 1707 Quin
1255 1676 1338 1708 saepe

127 1724 200 1753 satis
218 1723 338 1752 habent
350 1745 360 1758 ,
381 1722 477 1752 deum
493 1730 670 1751 memorare
689 1731 762 1750 cum
783 1720 910 1751 mortali
931 1728 1092 1762 agentem,
1109 1731 1229 1751 numen
1244 1731 1338 1752 suum

128 1777 399 1813 manifestantem,
419 1782 451 1805 et
475 1785 493 1804 a
515 1774 641 1804 mortali
657 1775 799 1816 agnitum
810 1797 818 1812 ‚
842 1774 930 1804 nulla
947 1781 1052 1804 tamen
1067 1785 1102 1804 re
1118 1774 1257 1814 adjecta,
1277 1785 1339 1816 qua

128 1832 323 1873 intelligatur
335 1854 342 1868 ,
357 1829 522 1871 quomodo
539 1829 573 1859 id
589 1828 659 1859 fieri
683 1830 834 1870 potuerit.
856 1830 984 1860 Scilicet
1002 1830 1067 1868 jam
1085 1829 1124 1859 ab
1142 1830 1235 1860 initio
1255 1830 1338 1860 inter

129 1893 254 1926 poetam
274 1892 305 1915 et
324 1885 478 1916 lectorem
505 1885 602 1914 tacito
629 1894 786 1914 consensu
810 1890 1020 1921 convenerat,
1035 1894 1127 1925 posse
1146 1890 1178 1914 et
1200 1883 1300 1914 solere
1323 1895 1338 1913 a

129 1941 188 1970 diis
205 1940 275 1970 fieri
286 1951 320 1970 ea
330 1964 338 1978 ‚
356 1950 426 1981 quae
439 1946 562 1969 naturae
574 1949 695 1969 morem
705 1938 866 1976 deserunt,
881 1950 982 1979 eoque
995 1940 1066 1980 ipso
1079 1939 1278 1969 mirationem
1294 1939 1337 1968 fa·

131 1995 230 2024 ciunt.
249 1994 402 2034 Exempla
416 1993 487 2023 vide
502 1992 592 2023 Iliad.
606 2003 623 2023 υ
634 2015 642 2030 ,
661 1994 678 2023 3
688 2003 726 2033 19
739 2016 747 2031 ,
766 1993 823 2023 ubi
835 1994 1005 2034 Neptunus
1019 1995 1150 2023 AEneam
1164 2003 1230 2023 non
1244 1993 1338 2030 latet,

129 2054 161 2077 et
181 2058 213 2089 ρ,
234 2049 297 2083 334
313 2048 498 2088 Apollinem
510 2047 594 2078 idem
606 2046 686 2092 ε”γνω
708 2046 822 2077 ἐσαντα
841 2043 934 2077 ίδώνε
951 2046 1031 2077 adde
1044 2046 1133 2077 Iliad.
1150 2045 1189 2085 β,
1212 2057 1290 2084 1723
1305 2057 1316 2076 ε
1330 2070 1337 2083 ,

134 2107 198 2141 794
211 2125 218 2139 ,
240 2103 317 2133 815.
343 2105 392 2133 Sic
414 2103 470 2134 inf.
489 2105 568 2141 XII,
587 2103 653 2133 632
673 2105 842 2133 Iuturnam
869 2113 1010 2134 sororem
1033 2104 1172 2144 agnoscit
1189 2104 1337 2140 Turnus,

130 2167 190 2186 nec
205 2156 346 2195 additur,
366 2169 430 2198 quo
447 2160 538 2199 signo
554 2158 606 2189 vel
624 2164 818 2200 argumento.
