1423 2517
613 89 734 119 LIBER
760 90 786 119 Ι.
1262 109 1273 127 1
1284 100 1299 128 3

96 153 200 199 Ipsa,
216 149 321 187 Jovis
342 147 518 198 rapidum
529 147 695 197 jaculata
713 160 733 184 c
750 147 918 186 nubibus
937 149 1079 200 ignem,

94 209 326 259 Disjccitque
342 217 441 245 rates
453 235 463 254 ,
483 207 697 257 evertitque
715 220 872 265 aequora
891 210 1028 258 ventis;

93 270 223 315 Illum,
240 269 496 319 exspirantem
514 268 694 306 transfixo
718 278 874 318 pectore
891 270 1078 319 flammas,

93 328 264 366 Turbine
285 328 495 379 conripuit‚
512 328 746 378 scopuloque
764 329 886 366 infixit
904 340 1027 368 acuto.
1268 345 1300 373 45

92 391 160 424 Ast
178 401 266 439 egO,
287 402 371 438 quae
392 389 520 425 divom
541 388 675 425 incedo
694 389 844 439 regina,
860 393 880 427 J
885 391 1043 440 ovisque

92 449 137 484 Et
154 460 262 484 soror
279 457 316 485 et
333 448 490 499 conjux,
511 461 586 485 una
607 462 692 485 cum
712 457 822 499 gente
839 459 894 486 tot
913 463 1030 488 annos

90 508 192 544 Bella
208 511 316 559 gero!
334 511 381 546 Et
397 509 597 559 quisquam
613 522 754 547 numen
770 511 930 548 Junonis
947 511 1079 549 adoret

91 692 244 722 Achivum
268 703 323 722 saex
332 694 403 724 iret.
428 693 469 723 cf.
485 693 663 733 Tryphiod.

91 742 154 777 042·
174 750 220 779 sq.
239 740 326 778 Ipsos
342 741 497 780 Argivom
514 741 575 768 nisi
591 739 665 769 doc-

89 787 200 815 tiorem
216 787 370 814 rationem
382 787 429 814 vis
438 786 539 825 sequi,
548 792 583 815 ut
592 793 665 826 post

86 832 217 861 classem
255 839 373 860 nautas
408 831 563 872 intelligas
577 843 585 869 ;
617 834 665 862 uti

85 888 317 918 nonnunquam
340 876 387 909 fit.
419 878 459 908 cf.
487 879 662 910 Burmann.

85 924 128 954 ob
143 924 267 965 Ajacis,
290 924 376 954 Oilei
399 925 420 954 f.
433 948 441 962 ,
458 925 601 955 insanam
625 925 662 955 li-

84 970 238 1007 bidinem,
252 978 363 1012 stupro
381 971 561 1002 Cassandrae
574 972 662 1003 illato

83 1018 116 1046 in
133 1018 288 1047 Miuervae
307 1018 424 1058 templo
435 1041 442 1055 ‚
455 1019 490 1048 in
509 1029 660 1059 conspec-

86 1071 120 1092 tu
132 1065 230 1104 ipsius
249 1063 325 1094 deae.
340 1066 388 1094 De
407 1065 578 1095 Cassandra
589 1089 596 1103 ‚
615 1067 658 1095 ei-

83 1120 146 1150 que
172 1110 256 1140 illata
280 1112 416 1149 injuria,
440 1111 512 1141 vide
535 1112 593 1143 inf.
619 1111 657 1141 ad

83 1156 138 1186 lib.
151 1158 193 1193 11,
210 1158 287 1194 403,
297 1159 380 1187 Ecce
389 1157 583 1194 trahebatur,
596 1165 656 1190 etc.

84 1203 219 1232 Facinus
250 1202 312 1232 hoc
341 1204 492 1240 honeste,
521 1206 660 1245 graviter

83 1256 198 1285 tamen,
212 1249 390 1279 declaratur
403 1260 461 1290 per
476 1260 616 1287 noxam,
627 1258 658 1281 et

81 1306 138 1336 per
145 1294 267 1336 sterias.

128 1349 169 1378 42
182 1343 294 1378 —45.
313 1343 362 1372 En
387 1342 569 1383 exemplum
590 1342 657 1373 deae

78 1388 201 1419 fulmen
219 1389 422 1419 moderantis.
437 1389 537 1419 Aliud
552 1391 573 1420 J
576 1400 656 1420 uno-

77 1436 126 1464 nis
144 1442 190 1465 est
211 1436 294 1466 iufra
317 1435 373 1466 lib.
394 1437 457 1472 IV,
474 1446 554 1466 vers.
578 1446 653 1467 120.

77 1483 257 1522 Argutatur
276 1483 402 1513 Servius
418 1482 577 1512 advocans
593 1482 655 1513 dis-

76 1528 228 1568 ciplinam
251 1530 482 1567 Etruscorum,
509 1536 545 1558 ut
562 1530 652 1560 solet.

73 1575 166 1605 Facta
193 1586 250 1616 per
279 1583 495 1616 tempestatem
521 1577 651 1606 naviuin

73 1620 268 1662 dispersione
292 1622 331 1652 ad
352 1623 570 1663 Caphareum‚
589 1624 651 1653 Eu-

73 1667 153 1697 boeae
178 1668 285 1709 (conf.
310 1669 368 1700 inf.
389 1672 451 1707 XI,
473 1668 557 1709 260)
574 1680 650 1709 pro-

74 1715 281 1752 montorium,
293 1716 376 1753 Ajax
389 1716 472 1746 Oilei
488 1717 510 1747 f.
528 1716 568 1746 ad
585 1717 651 1757 Gy-

21 1775 24 1779 ·
72 1771 120 1790 ras
142 1768 264 1800 petras,
278 1772 379 1801 prope
400 1764 580 1802 Myconum
603 1764 651 1792 iu-

70 1807 192 1844 sulam,
218 1814 306 1837 actus
340 1808 539 1849 naufragium
564 1808 649 1839 fecit.

70 1854 181 1894 Ipsum
209 1864 286 1883 vero
305 1854 405 1884 Pallas
428 1854 562 1884 fulmine
580 1865 649 1895 per-

71 1910 197 1930 cussum
213 1900 362 1941 procellae
372 1901 404 1930 vi
413 1901 546 1942 scopulo
556 1902 648 1931 etiam

70 1946 168 1977 illisit.
181 1946 322 1976 —Illud
337 1958 414 1977 vero
431 1954 553 1977 castum
571 1958 647 1988 poe-

70 2000 264 2034 tam-ausum
278 2004 343 2023 esse
358 1995 470 2032 miror,
485 2004 576 2031 eum,
591 1995 648 2034 qui

62 2038 205 2081 fidmine
217 2050 385 2081 percussus
399 2048 467 2070 erat
487 2040 519 2070 in
536 2049 647 2081 pecto-

71 2097 124 2123 re,
143 2086 251 2129 ignem
277 2097 330 2117 ore
359 2087 527 2118 exhalare.
552 2087 649 2118 Haud

71 2132 169 2164 dubie
186 2133 250 2165 hoc
265 2144 306 2163 ex
322 2135 458 2175 Tragico
476 2135 583 2174 aliquo
597 2133 650 2164 ad-

71 2180 216 2211 sciverat.
232 2199 280 2204 —
291 2186 344 2216 44.
362 2180 545 2221 Spirancem
560 2183 651 2212 Men-

72 2226 115 2256 tel
140 2238 189 2268 pr.
209 2227 379 2271 Tranqfixo
396 2238 527 2269 corpore
545 2230 650 2269 Sprot.

234 2293 285 2328 II.

719 701 750 723 et
772 695 899 734 Menag.
915 704 976 723 sec.
1005 696 1159 735 Tempore
1174 700 1299 731 Probus

717 739 793 780 legit
808 741 843 768 in
860 741 929 770 Seri
937 740 1036 776 ianis,
1056 748 1086 771 et
1101 753 1298 776 memoratur

717 787 843 826 pictura
861 785 976 816 Ardeae
993 787 1028 816 in
1052 790 1170 830 templo
1191 792 1298 823 Casto-

718 834 760 862 ris
780 839 811 861 et
826 832 978 871 Pollucis,
996 834 1294 877 Capaneusfitlmen

718 879 896 921 (fulmine)
913 891 978 920 per
999 888 1133 922 utraque
1149 890 1293 924 tempora

717 926 880 967 trajectus.
894 945 940 949 —
950 926 1011 957 Sed
1027 929 1082 968 qui
1102 929 1213 969 legunt
1219 943 1296 971 pec—

716 979 797 1010 tore,
817 972 855 1002 de
871 974 973 1003 Accio
1001 976 1186 1005 translatum
1209 978 1294 1008 affir-

714 1026 813 1056 mant,
827 1021 883 1059 qui
893 1021 935 1050 ait
945 1021 978 1049 iu
989 1020 1242 1061 Clytaemnestra,
1254 1020 1294 1056 de

713 1067 810 1105 Ajace
822 1068 878 1095 :In
887 1074 1016 1106 pectore
1016 1067 1149 1109 fitlmen
1162 1069 1293 1100 inchoa—

712 1120 776 1142 lum
803 1112 846 1154 (f.
871 1113 948 1144 indo
968 1114 1289 1158 actum)flammam

712 1159 895 1190 ostentabat
906 1160 1002 1190 Jovis.

761 1206 803 1241 46
815 1228 823 1243 ,
851 1212 904 1244 47.
932 1206 980 1236 Cf.
1006 1208 1077 1236 AEn.
1102 1209 1180 1245 VII,
1210 1210 1289 1248 304,

713 1253 921 1289 307—310.
940 1252 1076 1287 Incedo,
1101 1252 1134 1284 h.
1164 1265 1191 1284 e.
1217 1266 1289 1296 quae

710 1308 800 1335 sum,
817 1297 872 1327 sed
891 1298 972 1327 illud
989 1299 1106 1336 majore
1129 1310 1203 1329 cum
1219 1302 1288 1343 dig-

710 1345 818 1375 nitate.
848 1345 994 1374 Incessus
1013 1344 1145 1374 dearum
1159 1369 1168 1384 ‚
1188 1348 1290 1388 inpri-

709 1391 768 1419 mis
784 1392 940 1427 Junom's,
961 1392 1114 1431 gravitate
1143 1403 1199 1422 sua
1227 1405 1286 1425 no·
1309 1416 1311 1419 ι

710 1443 772 1467 tus.
792 1439 936 1477 Propert.
950 1438 993 1475 ΙΙ,
1012 1448 1042 1474 2,
1057 1438 1077 1466 6
1094 1437 1217 1469 incedit
1230 1442 1288 1471 vel

707 1484 784 1513 Jove
802 1483 904 1524 digna
923 1495 1027 1520 soror,
1048 1483 1080 1515 h.
1092 1495 1119 1515 e.
1134 1493 1287 1527 tanquam

707 1530 803 1560 altera
818 1532 837 1561 J
842 1540 918 1561 uno.
934 1530 1020 1560 ,Iovis
1040 1542 1132 1560 soror
1154 1540 1187 1562 et
1209 1544 1285 1563 cotz-

702 1575 764 1616 jna:
795 1587 835 1606 ex
863 1578 1036 1607 Homerico
1063 1587 1071 1608 :
1094 1577 1284 1623 κασιγνήτην

706 1620 820 1663 ἄλοχόν
834 1634 867 1653 τε
888 1624 977 1655 Iliad.
993 1635 1036 1662 π,
1055 1625 1134 1660 432.
1154 1627 1195 1656 cf.
1209 1626 1283 1656 Cer-

703 1669 752 1701 da.
766 1671 880 1706 ——48.
905 1672 1032 1701 Nomen
1058 1672 1228 1709 nonnulli,
1248 1680 1285 1702 ut

703 1717 817 1748 solent.
837 1717 966 1748 Adorat
978 1725 1009 1748 et
1025 1717 1169 1757 imponet
1185 1721 1281 1749 Rom.

704 1770 735 1792 et
752 1763 806 1793 alii
818 1763 903 1803 apud
913 1766 994 1794 Pier.
1008 1763 1128 1794 Medic.
1143 1770 1175 1793 et
1189 1764 1284 1794 multi

704 1809 757 1838 alii
779 1809 862 1849 apud
879 1811 988 1840 Heius.
1009 1816 1040 1839 et
1055 1811 1231 1840 Burmann.
1246 1811 1282 1841 it.

704 1853 802 1898 Gotli.
824 1861 895 1885 tert.
917 1857 1000 1885 inter
1025 1866 1106 1896 quos
1131 1856 1282 1886 nonnulli

703 1900 848 1942 imponit.
868 1902 1039 1944 Vulgatam
1053 1901 1195 1932 defendit
1203 1903 1284 1932 Bur-

701 1959 809 1979 mann.
825 1949 975 1979 Heinsius
996 1959 1072 1979 vero
1088 1949 1233 1986 alteram,
1251 1956 1283 1979 et

702 2005 773 2025 meo
789 1994 919 2035 quidem
933 1995 1055 2034 judicio
1073 1990 1281 2025 rectiusssMa-

699 2042 752 2080 jor
779 2042 864 2071 enim
890 2043 939 2072 vis
963 2041 1116 2072 absolutae
1141 2042 1280 2072 orationi

702 2089 794 2119 inest.
819 2105 866 2111 —
881 2088 1032 2118 Praeclare
1057 2087 1096 2117 ad
1124 2087 1278 2118 invidiam

703 2134 789 2164 bella
802 2145 891 2176 gero,
905 2146 976 2176 pro,
993 2145 1060 2165 eam
1075 2133 1208 2176 perdere
1224 2145 1277 2164 cn-

703 2182 769 2222 pio.
800 2182 930 2211 Numen
963 2181 1100 2212 Junom's
1115 2204 1125 2218 ,
1150 2192 1201 2211 me
1211 2192 1220 2219 ;
1248 2187 1279 2210 at

705 2234 826 2268 quanto
841 2230 968 2268 gravius
984 2231 990 2258 Σ
1009 2226 1208 2259 Adumbrata
1223 2237 1278 2257 au-

1091 2305 1112 2328 2
