1433 2460
580 115 702 147 LIBER
727 117 752 146 1.
1227 120 1267 156 73

67 177 119 213 Ut
136 174 277 225 spolia,
295 182 336 211 ut
357 186 492 211 currus
504 202 514 220 ‚
530 182 650 223 utque
668 173 792 223 ipsum
815 185 954 225 corpus
974 174 1102 222 amici,

64 235 381 285 Tendentemque
397 247 530 272 manus
549 234 742 271 Priamum
759 236 955 285 conspexit
972 235 1137 274 inermis.

65 298 114 333 Se
134 309 290 346 quoque
305 295 549 348 principibus
569 295 801 346 permixtum
824 296 1004 347 adgnovit
1020 297 1192 345 Achivis,

62 359 239 407 ansque
262 357 380 403 acies,
396 366 433 394 et
449 357 549 408 nigri
562 356 778 394 Memnonis
797 370 912 394 arma.

63 417 178 454 Ducit
194 417 473 455 Amazonidum
490 418 628 455 lunatis
647 418 794 468 agmina
810 418 920 467 peltis

59 582 254 621 Expressum
266 588 372 612 autem
382 589 514 622 putetur
529 582 640 612 Achil-

58 627 99 657 lis
126 629 298 658 tentorium
313 651 320 665 ,
343 630 410 669 ipse
435 628 576 659 Achilles
591 639 639 659 se-

60 674 157 709 dens,
175 674 311 714 supplex
328 675 474 716 elsae-tus
494 676 641 705 Priamus

58 722 111 756 (v.
130 720 166 750 11.
184 732 207 750 ω
221 744 228 755 ,
255 722 318 759 478
337 733 405 762 sqq.
421 721 432 762 )
447 729 477 751 et
493 721 639 750 divinum

58 766 138 796 illud
167 777 174 796 :
202 769 326 800 Μνῆσαι
349 766 467 809 πατρὸς
501 767 562 797 σεῖο
593 784 641 790 —

54 814 184 851 jamjam
196 814 254 843 fari
265 814 420 853 incipiens
430 825 438 850 ;
449 815 482 842 in
493 824 640 854 conspec-

59 867 110 897 ιιι,
128 859 263 889 adducta
286 870 302 889 a
320 861 444 890 Priamo
462 859 639 890 redimendi

55 907 200 946 corporis
224 908 344 947 pretia3
370 904 522 949 ἀπερείσι’
549 904 639 937 ἅπαν.-

54 962 102 982 να.
117 952 290 995 (-χρυσεῦ
307 950 342 983 δὲ
356 950 471 988 σττῖσσις
486 951 574 996 ἔφερε
589 950 636 984 δέ·

55 1009 98 1028 και
121 997 229 1029 πάντα
247 1003 400 1030 ταλαντα..
419 999 510 1030 [nde
524 1012 554 1031 v.
569 1002 635 1038 484

55 1056 134 1075 auro
153 1057 265 1087 corpus
279 1046 444 1076 vendebat
459 1046 634 1089 Achilles.)

57 1092 191 1123 Adstant
206 1094 264 1123 alia
287 1104 328 1123 ex
351 1100 439 1134 parte
459 1094 560 1133 spolia
572 1118 580 1132 ,
599 1095 631 1126 h.

54 1149 81 1168 e.
94 1150 189 1177 arma,
205 1140 322 1180 quibus
335 1150 449 1170 caesum
465 1142 635 1171 Hectorem

54 1186 247 1225 spoliaverat
274 1188 398 1224 victor,
429 1197 553 1225 currus,
583 1191 635 1218 cui

54 1231 212 1273 illigatum
228 1244 301 1263 eum
320 1240 514 1274 raptaverat,
531 1241 562 1264 et
587 1235 633 1275 ip-

55 1289 123 1308 sum
147 1290 258 1321 corpus
276 1279 389 1315 amici,
412 1290 456 1310 sc,
474 1282 632 1320 Hectoris,

52 1335 93 1354 ex
120 1336 218 1356 curru
241 1327 412 1367 supinum,
432 1327 556 1367 pulveri
583 1329 632 1358 in-

53 1372 208 1402 cumbens
219 1396 227 1410 ‚
243 1373 331 1413 quod
347 1373 398 1403 die
416 1384 544 1414 quoque
560 1382 632 1405 orto

53 1426 101 1448 ter
119 1420 203 1449 circa
220 1420 356 1450 Patrocli
373 1420 534 1450 tumulum
559 1421 632 1452 duc-

50 1472 117 1495 tare
131 1466 253 1496 solebat
269 1466 421 1497 Achilles.
437 1478 467 1497 r.
486 1467 576 1499 Iliad.
593 1480 630 1506 ω,

55 1518 95 1548 14
111 1523 180 1553 sqq.
209 1514 241 1544 Si
265 1513 307 1543 ita
328 1520 548 1554 repraesentata
567 1516 631 1545 sin-

50 1558 124 1599 gula
138 1557 259 1600 fingas,
273 1559 354 1590 nihil
376 1561 440 1598 jam
461 1568 526 1598 est,
542 1561 629 1602 quod

51 1615 127 1634 cum
139 1605 298 1643 Conrado,
307 1607 491 1636 Burmanno
498 1607 630 1648 aliisque

53 1651 103 1680 vel
128 1651 284 1682 desideres
310 1653 362 1682 vel
382 1653 510 1684 haereas.
526 1656 628 1684 Possis

52 1704 82 1726 et
96 1697 150 1727 illa
169 1699 360 1737 485—487
375 1722 383 1736 ‚
403 1699 564 1730 diversum
577 1701 628 1731 ah·-

51 1743 141 1784 quod
158 1755 240 1784 opus
267 1745 386 1782 facere,
415 1746 626 1786 raptationem

51 1790 127 1820 coesz'
147 1791 308 1828 Hectoris,
339 1802 407 1821 non
430 1792 517 1821 illam
545 1795 627 1823 circa

52 1847 161 1867 muros
187 1837 320 1874 factam,
354 1837 408 1867 sed
438 1838 540 1876 hanc,
565 1850 628 1879 qua

49 1883 90 1913 ad
111 1894 206 1913 nares
221 1891 387 1913 oneratum
404 1885 514 1925 spoliis
530 1892 561 1915 et
577 1896 627 1914 ca-

49 1930 165 1960 davere
184 1930 312 1972 alligato
342 1942 473 1961 currum
498 1933 629 1972 agitaret

51 1976 173 2015 victor;
197 1988 238 2007 ex
268 1977 359 2008 Iliad.
390 1989 412 2017 χ
424 2001 433 2015 ‚
465 1979 528 2018 395
558 1990 626 2019 sqq.

49 2023 114 2063 (e'f.
133 2025 247 2065 Dictys
271 2025 338 2061 ΙΙΙ,
362 2025 421 2062 15,
453 2024 534 2066 16);
560 2036 627 2055 uon

51 2078 175 2108 tamen,
203 2077 240 2100 ut
264 2070 402 2101 arbitror
416 2094 424 2108 ‚
445 2072 518 2101 satis
542 2082 627 2101 com-

51 2117 157 2147 mode.
177 2135 224 2140 —
243 2117 320 2154 487.
348 2119 468 2148 Manus
494 2118 628 2148 inermes

50 2163 119 2193 noli
148 2164 282 2194 inertem
319 2171 432 2205 putare
467 2172 626 2196 ornatum.

50 2210 132 2240 Nam
148 2220 186 2240 eo
202 2217 320 2251 spectat
330 2233 339 2247 ,
355 2211 443 2252 quod
458 2212 629 2242 intraverat

50 2255 177 2287 hostilia
197 2264 297 2287 castra
310 2258 447 2299 supplex
469 2258 508 2288 ad
526 2269 628 2299 genua

205 2322 253 2356 ΙΙ.

1220 430 1268 460 490

694 584 840 613 Hectoris
853 582 1091 623 procubiturus.
1108 583 1272 614 Totus-hic

693 629 782 659 locus
798 636 844 658 est
859 640 899 659 ex
912 629 1106 659 felicissimis.

743 676 783 710 48
792 676 821 704 8.
837 675 992 716 Agnoscit
1001 686 1139 714 praesens
1148 682 1271 718 tempus

693 722 828 760 picturae
864 722 1108 750 convenientius
1140 723 1270 753 arbitra-

694 767 787 796 batur
812 767 870 797 Ge.
896 767 1019 797 Fabric.
1040 766 1134 807 idque
1153 769 1220 806 jam
1238 781 1268 799 v.

696 819 760 851 470
782 813 931 844 xidimus.
956 815 996 843 Et
1012 813 1074 843 hoc
1092 814 1187 844 habet
1204 818 1268 846 Ro-

692 869 824 896 manus,
843 870 917 889 cum
940 859 1051 900 fragm.
1069 862 1172 891 Vatic.
1191 868 1268 892 teste

691 907 833 936 Bouario
845 917 878 947 p.
901 917 963 945 170
973 929 981 944 ‚
992 914 1028 936 ut
1042 906 1121 937 adeo
1131 930 1140 944 ‚
1155 909 1181 937 si
1197 918 1268 938 anc-

692 955 850 983 toritatem
871 954 1027 994 sequaris,
1055 954 1143 994 quod
1172 956 1266 985 etiam

691 999 850 1042 Cuningh.
866 1000 975 1030 fecisse
998 1000 1162 1038 videmus,
1188 1004 1266 1032 reci-

687 1046 842 1086 piendum
855 1048 895 1076 sit
906 1070 914 1085 ‚
929 1058 1003 1077 cum
1016 1054 1103 1077 totus
1115 1049 1267 1078 orationis

691 1100 783 1124 tenor
804 1093 838 1123 id
861 1093 990 1135 flagitet.
1014 1095 1081 1125 Nec
1097 1095 1203 1124 minus
1219 1102 1264 1125 ta-

689 1150 762 1170 men
779 1141 854 1170 ferri
863 1150 991 1181 quoque
1004 1147 1109 1181 potest
1118 1141 1263 1179 alterum,

688 1187 858 1228 adgnovit,
878 1194 909 1216 et
926 1187 1059 1217 variasse
1083 1187 1184 1218 videri
1207 1199 1263 1228 po-

688 1240 749 1263 test
754 1240 858 1274 poeta.
868 1234 918 1264 Sic
925 1240 956 1263 et
967 1234 1113 1264 censebat
1121 1235 1262 1265 Brunck.

686 1296 734 1303 —-
748 1281 830 1311 Cum
843 1280 976 1311 Achivis
984 1281 1173 1320 permistum
1186 1292 1263 1321 prae-

685 1326 729 1356 lio
740 1349 749 1363 ,
793 1324 969 1370 προμάχοις
1005 1326 1155 1369 μιχθέντα
1169 1351 1178 1365 ,
1206 1338 1263 1358 seu

684 1380 899 1415 pugnantem,
922 1377 1052 1404 AEneam
1073 1385 1156 1416 saepe
1177 1374 1262 1415 apud

684 1421 815 1451 Homer.
829 1421 990 1458 invenias,
1009 1422 1156 1461 inprimis
1170 1421 1260 1451 Iliad.

687 1477 699 1496 ε
716 1474 747 1496 et
763 1477 794 1498 υ.
813 1468 857 1497 At
869 1466 903 1498 h.
921 1468 944 1497 1.
960 1466 998 1496 ad
1008 1468 1126 1497 seriora
1142 1474 1262 1509 tempo-

684 1524 718 1543 ra
733 1514 913 1554 respicitur.

740 1560 819 1600 489.
856 1560 1001 1601 Agnovit
1052 1560 1260 1591 Memnonem

682 1613 894 1646 pugnantem,
911 1605 998 1647 quod
1012 1612 1117 1636 autem
1133 1606 1261 1649 nigrum

682 1653 829 1694 appeHat,
844 1660 876 1683 et
888 1654 976 1682 ans
991 1652 1076 1682 acies
1088 1662 1260 1691 memorat3

681 1698 715 1728 id
741 1710 779 1729 eo
803 1700 961 1741 pertinet,
989 1699 1097 1740 quod,
1118 1700 1259 1740 quando-

682 1745 813 1785 quidem
824 1746 941 1775 auxih'a
950 1756 990 1775 ex
1000 1747 1091 1776 terris
1103 1746 1142 1775 ab
1152 1748 1257 1776 orien-

682 1798 713 1820 te
723 1793 800 1829 sitis,
811 1802 882 1832 quae
897 1799 965 1822 tum
978 1791 1038 1821 sub
1051 1793 1258 1832 Assyriorum

682 1837 804 1868 ditione
825 1839 919 1875 fnisse
935 1837 1104 1875 videntur,
1122 1840 1258 1869 Aurorae

682 1884 735 1914 ille
754 1883 840 1914 filius
869 1884 1035 1925 adduxit,=
1047 1895 1081 1914 re
1105 1885 1140 1915 in
1157 1887 1256 1925 majus

683 1937 774 1960 aucta
788 1954 797 1969 ‚
826 1931 923 1961 Indos
953 1937 984 1960 et
1015 1930 1179 1973 AEthiopes
1206 1932 1257 1962 ad-

682 1977 812 2008 duxisse
839 1978 981 2008 fabulose
1009 1977 1136 2008 dicitur.

731 2030 796 2064 490
811 2043 856 2047 —
871 2026 948 2065 493.
972 2026 1020 2054 De
1037 2025 1255 2055 Amazonibus

682 2070 763 2100 duce
791 2071 987 2102 Penthesilea
1010 2071 1167 2102 auxilium
1194 2073 1255 2102 Ilio

682 2117 857 2148 ferentibus
873 2118 938 2149 vid.
957 2120 1114 2160 Quintum
1126 2121 1254 2160 Smyrn.

682 2164 722 2194 ad
739 2164 859 2194 librum
877 2167 902 2196 Ι.
920 2166 1023 2196 Peltae
1040 2165 1160 2196 lunatae
1179 2176 1255 2206 pro-

681 2212 750 2252 prie
771 2214 972 2242 Amazonum
995 2212 1092 2242 fuere.
1119 2213 1255 2242 Subnec-

683 2266 750 2289 tens
768 2259 901 2300 cingula
919 2270 1087 2295 mammae,
1107 2271 1131 2290 s.
1155 2270 1253 2290 mam-

1065 2339 1083 2371 7
