1433 2460
133 150 197 179 320

632 152 824 183 AENEIDOS

132 209 263 242 Ervom
282 205 442 255 ingenti,
461 204 565 243 taedis
583 215 695 257 atquc
712 209 795 246 ilice
815 217 933 255 secta,

1281 217 1293 240 cv

1297 225 1310 239 Ο

1316 216 1328 240 υτ

130 266 372 316 Intenditque
388 266 512 302 locum
533 267 659 314 sertis,
677 277 713 305 et
735 268 867 305 fronde
887 277 1042 305 coronat

130 329 319 373 Funcrea;
339 339 454 376 super
471 327 645 373 exuvias,
666 340 867 376 ensemque
886 327 1074 375 relietum,

128 386 375 435 Estigicmquc
392 395 476 422 toro
491 386 608 432 locat,
625 386 727 423 haud
744 387 873 436 ignara
897 387 1025 423 futuri.

129 449 236 483 Stant
254 459 329 484 arae
349 446 511 493 circum,
533 454 569 483 ct
589 446 703 485 crinis
719 447 839 485 effusa
857 446 1030 485 sacerdos

128 602 247 633 tudinis
267 608 481 632 monumenta.
505 601 557 632 Ad
575 612 700 632 sacrum

125 655 266 690 spectant
277 659 337 678 arm
349 660 356 686 ;
367 649 549 689 ambiguum
560 656 603 679 est
615 672 623 687 ,
635 660 700 689 quo

125 696 197 726 loco
214 706 293 736 pyra
309 695 452 725 habenda
468 696 518 726 sit.
534 697 583 725 Ex
597 696 700 725 consi-

125 742 168 772 lio
180 766 188 779 ‚
199 741 287 782 quod
302 740 476 772 dissimulat
487 765 494 779 ‚
507 749 537 772 et
553 753 593 772 ex
607 752 700 771 even-

125 795 179 824 tu,
213 789 273 817 fuit
305 799 399 829 rogus
422 788 573 825 Didonis3
592 795 699 829 quate-

124 845 185 864 nus
214 841 318 864 tamen
345 845 433 864 nunc
457 845 579 864 sacrum
604 835 698 875 magi-

123 890 196 910 cum
210 888 355 921 paratur,
376 888 429 910 aut
443 881 628 921 simpliciter
641 881 697 922 lig-

123 937 239 956 norum
263 933 365 956 strues
387 934 433 956 est
457 927 496 956 ad
527 927 697 957 abolendas

123 973 268 1002 amatoris
283 973 430 1010 exuvias,
451 980 503 1003 aut
521 984 581 1003 arae
594 984 696 1014 genus

122 1020 174 1048 cui
193 1029 252 1059 pro
269 1019 406 1048 victimis
421 1021 507 1049 caesis
522 1021 692 1060 imponun-

121 1072 173 1094 tur
187 1066 253 1094 istae
272 1066 408 1095 exuviae.
432 1066 469 1095 In
486 1067 580 1096 sacris
598 1066 694 1107 inagi-

121 1112 165 1141 cis
178 1111 288 1141 scrobs
309 1110 379 1141 fieri
399 1112 510 1142 solitus
529 1119 596 1142 erat
607 1135 615 1150 ‚
629 1122 695 1152 quo

122 1157 282 1198 lignorum
315 1165 415 1188 strues
458 1158 693 1188 cumulabatur.

120 1204 204 1234 Vide
238 1214 270 1234 v.
300 1214 327 1234 c.
356 1204 478 1245 Orphei
513 1206 693 1246 Argonaut.

121 1252 186 1290 948
199 1273 207 1288 ,
230 1251 296 1291 968
325 1260 393 1291 sqq.
424 1258 454 1280 et
484 1252 589 1291 primo
621 1251 694 1281 loco

119 1297 235 1337 Odyss.
255 1299 292 1332 λ,
315 1297 373 1332 25,
402 1295 508 1339 βόθρον
529 1294 635 1339 ἔρυξα.
656 1297 693 1326 In

119 1342 249 1373 eandem
274 1342 397 1372 foveam
415 1344 617 1372 victimarum
636 1352 694 1372 cae-

119 1400 223 1419 sarum
232 1389 359 1429 sanguis
372 1388 608 1419 demittebatur.
620 1390 694 1419 Erat

118 1437 203 1465 enim
218 1435 271 1465 illa
287 1445 346 1475 pro
360 1445 436 1472 ara,
455 1432 586 1477 ἐσχάρα.
607 1435 691 1465 conf.

117 1483 253 1513 Statium
282 1480 384 1511 Theb.
413 1483 476 1519 IV,
513 1482 594 1519 451,
626 1482 691 1517 455

118 1539 185 1569 sqq.
199 1551 208 1565 ‚
222 1527 278 1568 qui
297 1537 337 1556 ex
357 1534 445 1568 parte
469 1527 556 1557 hunc
583 1528 692 1558 locum

119 1581 189 1604 ante
203 1573 314 1604 oculos
341 1573 464 1604 habuit.
475 1574 601 1605 Sorobis
619 1574 651 1605 h.
668 1575 689 1605 l.

118 1620 205 1650 nulla
229 1619 266 1650 fit
289 1621 428 1657 menti03
449 1621 626 1650 exstruitur
645 1627 691 1651 ta-

117 1677 189 1696 men
211 1667 373 1706 lignorum
394 1673 481 1696 strue
505 1677 618 1708 rogus,
635 1668 692 1708 qui

116 1724 175 1753 pro
206 1723 257 1743 ara
283 1723 348 1742 esse
371 1712 520 1750 videtur;
535 1714 592 1743 etsi
614 1724 692 1743 mox

116 1770 210 1789 verus
226 1769 322 1800 rogus
345 1758 474 1789 futurus
485 1782 493 1797 ‚
508 1760 542 1789 in
555 1770 619 1800 quo
635 1761 691 1790 Di-

116 1805 157 1835 do
177 1805 393 1836 comburenda
417 1812 494 1836 erat.
520 1807 617 1836 Nunc
644 1806 692 1837 illi

116 1863 192 1894 rogo
204 1876 212 1887 ,
226 1853 273 1883 illi
282 1863 390 1892 pyt-cv,
405 1863 464 1893 pro
478 1853 613 1882 victimis
623 1863 690 1883 cre-

117 1898 236 1929 mandis
248 1922 256 1937 ,
284 1900 497 1939 imponuntur
528 1905 629 1929 vestes
659 1906 691 1929 et

117 1956 224 1975 omnes
249 1945 391 1986 reliquiae
415 1956 432 1975 e
455 1945 587 1986 pristina
612 1956 690 1976 con-

117 1991 285 2022 suetudine
309 1992 455 2022 amatoris
466 2014 475 2029 ‚
489 1992 581 2031 cujus
602 2002 689 2023 amo-

118 2047 150 2066 re
163 2038 248 2067 Dido
263 2037 393 2068 liberari
405 2038 494 2079 cupit
505 2061 513 2075 ‚
534 2048 607 2068 cum
621 2040 689 2080 ipsa

117 2082 220 2124 effigie
235 2086 350 2115 AEneae.
374 2085 419 2115 At
437 2086 605 2126 eriguntur
628 2095 688 2115 arae

117 2130 199 2159 circa
209 2140 321 2171 pyram
332 2153 339 2167 ‚
350 2130 391 2160 ad
405 2141 482 2172 quas
496 2131 549 2161 illa
563 2141 688 2161 sacrum

118 2175 237 2206 factura
250 2183 316 2206 erat
329 2178 466 2207 victimis
481 2189 512 2209 v.
532 2178 598 2208 635
615 2189 682 2219 sqq.

117 2223 247 2253 —506.
263 2223 406 2253 Intendit
419 2224 521 2254 Iocum
531 2247 540 2261 ,
557 2235 687 2266 pyram,

118 2268 220 2306 sertis,
243 2269 430 2311 exquisitius
450 2276 480 2300 et
504 2270 566 2301 hoc
591 2281 686 2314 quam

755 602 901 644 vulgare,
931 600 1070 633 intendit
1096 611 1179 633 serta
1197 613 1259 642 per
1280 604 1324 634 Io-

753 660 841 686 cum,
859 649 946 690 quod
965 660 1035 690 sup.
1061 650 1107 684 11,
1136 648 1201 679 236
1218 660 1326 680 occur-

754 696 842 725 rebat
858 705 866 725 :
883 695 1018 725 vincula
1038 695 1121 725 collo
1138 696 1324 726 lucendum.

753 744 857 783 Quam
881 753 946 772 non
968 741 1080 772 inutile
1097 742 1154 779 sit,
1175 742 1245 772 talia
1262 753 1325 773 mo-

752 799 828 819 nere
837 811 846 826 ,
863 787 962 818 discas
972 811 980 826 ‚
996 789 1022 817 si
1032 789 1205 818 Burmanni
1217 795 1325 818 notam

752 846 926 875 compares.
942 835 1049 867 Nolim
1066 841 1171 864 autem
1193 845 1232 864 ex
1252 834 1284 865 h.
1302 835 1323 865 l.

753 881 905 921 probare,
923 892 1017 921 rogos
1044 882 1134 911 sertis
1158 882 1263 911 ornari
1279 892 1324 911 so-

751 927 823 957 litos
841 927 946 958 fuisse.
969 929 1049 958 Nam
1064 927 1127 956 hoc
1148 926 1209 957 loc.
1224 937 1302 968 pyra
1314 951 1322 965 ‚

751 980 905 1014 tanquam
927 984 996 1009 ara,
1017 973 1144 1004 corollis
1174 974 1323 1015 cingitur.

750 1021 827 1060 Sup.
843 1021 910 1051 Ecl.
937 1022 1038 1057 VIII,
1058 1020 1102 1055 64
1120 1029 1127 1049 :
1145 1020 1236 1050 molli
1254 1020 1322 1050 cin-

744 1076 787 1106 ge
812 1066 880 1096 lzoec
913 1066 1034 1096 altaria
1068 1066 1165 1096 victa.
1197 1066 1322 1096 Fronde

738 1111 901 1152 fitne-rea,
936 1122 1099 1152 cupresso,
1124 1112 1230 1152 inquit
1256 1114 1323 1143 Ser-

748 1159 838 1195 vius,
856 1165 909 1188 aut
930 1159 1036 1199 potius
1058 1157 1210 1188 arborum
1234 1157 1324 1188 fron-

748 1202 802 1233 des
825 1205 984 1246 intellige,
1000 1214 1135 1244 quarum
1164 1205 1198 1233 in
1228 1206 1322 1235 sacris

748 1251 877 1292 magicis
895 1261 969 1280 usus
988 1257 1064 1281 erat.
1081 1251 1162 1281 Nam
1177 1249 1216 1280 de
1230 1250 1321 1281 fune-

748 1307 781 1326 re
796 1303 889 1337 poeta
912 1304 1034 1327 tantum
1057 1307 1098 1326 ex
1115 1303 1231 1326 eventu
1255 1307 1321 1327 rem

747 1343 985 1383 interpretatur.
1006 1345 1096 1384 Pyrae
1116 1343 1253 1383 imponit
1266 1344 1323 1373 Di-

747 1388 789 1418 do
813 1398 848 1418 ea
871 1399 942 1430 qnae
973 1395 1154 1419 contactum
1180 1390 1322 1429 corporis

747 1437 853 1465 AEneae
895 1441 1070 1473 senserant,
1113 1436 1300 1466 vestimenta
1311 1458 1319 1473 ‚

748 1488 817 1510 tum
843 1492 948 1511 ensem
963 1504 972 1519 ‚
996 1488 1027 1512 et
1050 1488 1157 1511 torum
1173 1483 1320 1524 conjuga-

745 1528 806 1557 lem
836 1528 917 1569 (inf.
945 1528 1010 1564 648
1041 1535 1150 1558 notum
1177 1528 1317 1571 cubile),

746 1580 776 1604 et
789 1575 823 1603 in
837 1573 901 1604 hoc
918 1574 1057 1616 effigiem
1068 1597 1077 1610 ,
1094 1581 1170 1615 puta
1185 1584 1318 1614 ceream,

745 1630 816 1661 quae
833 1621 868 1650 in
886 1621 1001 1651 talibus
1019 1621 1114 1650 sacn's
1131 1622 1204 1662 igne
1218 1621 1318 1662 lique-

746 1667 825 1696 facta
857 1665 983 1697 efficere
1017 1666 1153 1698 debebat
1164 1690 1172 1704 ,
1199 1674 1253 1698 aut
1283 1675 1319 1698 ut

745 1714 812 1754 ipse
836 1721 954 1744 amator
974 1713 1070 1744 simili
1096 1713 1194 1744 modo
1213 1725 1318 1745 amore

744 1759 933 1800 liquesceret
947 1771 983 1790 ac
1008 1759 1259 1798 contabesceret,
1284 1767 1320 1791 ut

745 1806 811 1836 Ecl.
831 1808 911 1837 VIII
921 1829 929 1844 ,
950 1807 992 1837 80
1004 1830 1013 1845 ‚
1027 1814 1083 1837 aut
1098 1813 1135 1836 ut
1152 1805 1318 1848 perfidiam

745 1853 858 1882 misera
889 1860 991 1883 morte
1020 1853 1146 1883 lueret:
1169 1853 1316 1894 quemad-

745 1899 877 1929 modum
897 1899 1034 1930 effluviae
1062 1901 1206 1940 corporis
1223 1901 1315 1930 vesti-

743 1946 857 1976 mentis
882 1945 1072 1976 inhaerentes
1101 1945 1139 1976 ad
1161 1945 1316 1987 philtrum

742 1991 918 2033 parandum
931 1992 1183 2029 adhibebantur3
1199 1998 1230 2022 at
1244 1991 1276 2023 h.
1292 1991 1313 2022 l.

743 2038 781 2068 ad
799 2049 937 2069 amorem
955 2036 1233 2079 exstinguendum.

790 2085 855 2124 509
874 2102 921 2108 -
939 2085 1016 2115 512.
1033 2083 1189 2114 Sacerdos
1206 2084 1313 2126 (Mas.

742 2131 809 2172 syla
831 2131 884 2160 illa
925 2141 995 2171 sup.
1028 2141 1059 2161 v.
1084 2130 1175 2173 483)
1198 2138 1309 2168 tonat,

742 2178 869 2207 invocat
887 2175 1010 2217 (vocat
1021 2177 1114 2208 Silius
1132 2178 1164 2215 Ι,
1178 2183 1239 2218 94,
1255 2177 1313 2208 nbi

741 2223 830 2253 hunc
849 2223 957 2253 locum
974 2223 1156 2266 transtulit)
1172 2223 1247 2254 deos
1262 2225 1312 2254 in-

742 2270 841 2309 feros,
865 2270 962 2313 longo
985 2269 1098 2301 ordine
1122 2281 1234 2302 eorum
1255 2280 1317 2301 no-
