1433 2460
139 118 203 148 πέζα

648 111 842 143 AENRIDos

137 177 229 213 Tota
251 181 382 209 sonant
402 169 583 208 humeris.
603 170 716 207 Haud
738 171 801 207 ἰΙΙο
821 168 972 220 segnior
992 169 1067 206 ibat

141 237 299 278 AEncas3
323 239 468 268 tantum
489 231 642 281 egregio
662 230 777 268 decus
797 230 910 266 enitet
933 243 1011 266 ore.
1306 237 1351 261 ¹50

143 297 348 341 Postquam
369 291 462 327 altos
482 299 638 328 ventum
659 291 696 327 in
717 290 874 336 montis,
894 300 1007 341 atquc
1024 289 1124 327 invia
1145 289 1282 333 lustra,

147 356 243 390 Ecce
266 352 372 397 serae,
392 350 473 387 saxi
493 349 648 401 dcjectae
668 349 830 395 vertice,
849 363 973 400 caprae

148 417 364 450 Decurrcre
380 411 502 462 jugis3
525 411 597 447 alia
618 410 664 447 de
685 420 792 461 parte
812 411 975 461 patentis

149 472 427 510 Transmittunt
447 484 560 508 cursu
581 483 734 520 campos
754 480 867 520 atquc
888 469 1036 520 agmina
1055 470 1156 507 cervi

152 532 419 570 Pulveruleuta
441 531 528 582 suga
548 532 778 582 glomerant,
798 531 1011 581 montisque
1033 531 1259 581 relinquunt.
1310 539 1356 562 ¹⁵5

152 597 201 631 At
223 607 319 644 puer
338 593 522 630 Ascanius
541 593 674 629 mediis
696 593 734 628 in
753 592 914 629 vallibus
934 591 1011 628 acri

154 653 305 690 Gaudet
325 665 423 702 equo
437 681 444 698 ‚
460 653 615 702 jamque
635 652 704 690 hos
725 666 859 698 cursu,
875 653 951 702 jam
973 651 1142 701 praeterit
1161 651 1261 697 illos;

154 716 481 762 Spumantemque
501 713 583 749 (lari
604 725 743 763 pecora
764 713 862 749 inter
883 711 1018 748 inertia
1037 711 1136 747 votis

156 774 276 822 Optat
297 785 450 822 apruni,
470 782 535 809 aut
556 773 702 809 fulvum
723 772 951 810 descendere
970 779 1099 808 monte
1119 770 1276 808 leonem.

207 836 358 870 Interea
378 846 513 882 magno
534 833 681 870 misceri
704 845 898 869 murmure
917 831 1053 868 coelum
1319 837 1364 861 1⁶0

153 894 305 943 Incipit.
327 893 544 943 Insequitur
565 894 770 930 commixta
789 892 972 943 grandine
990 891 1152 929 nimbus.

155 956 202 990 Et
220 953 327 1002 Tyrii
347 954 503 1003 comites
524 953 681 1002 passim,
700 962 737 990 ct
755 953 920 1003 Trojana
935 952 1133 1001 juventus,

155 1012 450 1062 Dardaniusque
469 1025 587 1062 nepos
606 1013 764 1049 Veneris
785 1012 934 1049 diversa
956 1025 1024 1061 per
1044 1024 1153 1062 agros

159 1075 275 1109 Tecta
296 1081 398 1109 metu
418 1072 574 1122 petiere.
594 1075 725 1110 Ruunt
746 1073 793 1110 de
811 1072 1004 1110 montibus
1024 1085 1163 1110 amnes.

158 1212 241 1242 rhas.
268 1211 406 1253 Fugiens
421 1212 498 1241 Exc.
516 1212 626 1242 Burm.
648 1222 663 1241 a
685 1222 734 1252 pr.

161 1270 203 1289 m.
233 1257 366 1299 cingens
390 1269 438 1298 pr.
463 1259 581 1288 Moret.
606 1269 738 1300 smgeus

162 1312 220 1334 aut
233 1305 332 1335 Goth.
348 1314 409 1334 sec.

213 1362 225 1380 1
234 1357 288 1391 49,
311 1361 323 1379 1
333 1351 385 1381 50.
397 1350 528 1390 Duplex
540 1351 639 1391 igitur
655 1361 739 1380 com-

162 1398 336 1439 parationis
352 1403 571 1434 momentum,
587 1403 618 1426 et
632 1398 738 1427 conci-

163 1444 285 1474 tatioris
303 1445 442 1473 incessus
453 1466 461 1479 ‚
476 1450 507 1473 et
527 1442 739 1483 pulchritudi-

164 1492 231 1522 nis:
247 1498 309 1520 tam
322 1491 416 1520 alacri
430 1500 539 1531 gressu
551 1497 582 1519 et
596 1491 662 1530 ipse
678 1497 740 1519 tani

165 1537 300 1577 pulcher
313 1536 482 1566 incedebat
498 1538 622 1566 AEneas.

217 1584 277 1613 151
291 1601 337 1606 --
351 1584 425 1613 155.
450 1584 487 1612 In
509 1583 643 1620 v.152‚
680 1583 740 1612 153

165 1636 272 1670 potest
296 1632 455 1660 Homerus
479 1629 666 1659 observatus
679 1639 744 1659 esse

167 1675 258 1706 Iliad.
287 1673 327 1712 ὃ,
359 1676 551 1706 106—108.
580 1675 740 1716 Dejecca’,

167 1721 200 1752 h.
215 1722 236 1752 l.
252 1733 324 1762 quae
339 1733 371 1752 se
388 1723 587 1760 dejecerant,
607 1732 678 1762 quae
692 1721 746 1751 de-

168 1769 318 1799 silierant.
353 1769 472 1799 Cervos
501 1769 559 1798 alia
589 1775 678 1809 parte
705 1779 745 1797 ex

169 1815 334 1845 montibus
357 1814 562 1844 decurrentes
587 1825 644 1856 per
665 1825 747 1844 cam-

171 1872 229 1901 pos
240 1862 424 1901 agminatim
434 1861 540 1902 fugere
554 1862 606 1892 ait.
614 1879 662 1885 —-
673 1872 685 1891 1
695 1862 747 1897 54.

175 1909 408 1937 Transmucanc
446 1907 568 1938 Zulich.
612 1909 749 1948 Campos

173 1965 265 1983 cursu
289 1956 416 1996 Menag.
437 1965 498 1985 see.
520 1953 751 1984 Transmitcunc

175 2011 190 2028 e
203 2001 350 2031 Lucretio
368 2001 459 2041 petiit
471 2001 493 2031 l.
513 2002 562 2038 ΙΙ,
580 2002 663 2039 325,
684 2011 750 2031 mo-

174 2053 269 2076 nente
282 2047 452 2077 Macrobio
467 2049 533 2085 VI,
553 2054 592 2085 43
610 2059 642 2089 p.
659 2048 724 2088 594
740 2057 748 2078 :

175 2093 221 2121 Ee
243 2092 502 2124 circumvolitant
519 2094 657 2135 equites,
685 2105 750 2124 me-

175 2137 308 2178 diosque
350 2149 480 2180 repente
518 2140 751 2171 Transmiceunc

174 2185 290 2215 valido
316 2187 494 2226 quatientes
522 2187 638 2229 impete
661 2197 749 2218 cam-

168 2241 241 2269 1205.
260 2250 305 2256 —-
333 2233 424 2262 Cervi
441 2234 626 2275 glomerant
645 2233 747 2276 agmi-

793 1223 837 1242 na
848 1235 856 1248 ‚
889 1211 1044 1253 colligunt
1059 1221 1091 1241 se
1106 1212 1141 1241 in
1154 1211 1278 1252 agmina
1289 1233 1297 1247 ‚
1316 1221 1364 1240 ca-

791 1266 914 1296 tervas,
944 1258 1077 1298 pulvere
1102 1258 1162 1288 soli
1186 1264 1284 1287 moto.
1319 1259 1366 1286 De

792 1306 893 1335 cervis
915 1306 949 1334 in
977 1303 1085 1334 Africa
1108 1305 1193 1334 conf.
1217 1314 1312 1345 supra
1332 1305 1366 1339 1,

799 1352 873 1386 184.

844 1397 1035 1437 156—159.
1060 1397 1243 1427 Juvcnilcm
1263 1397 1369 1427 exsul-

793 1444 946 1474 tationem
967 1442 1058 1473 facile
1076 1444 1183 1473 sentis.
1199 1442 1261 1474 Sed
1275 1443 1369 1474 simvl
1391 1474 1398 1480 ,

794 1489 1024 1531 expendendas
1034 1489 1207 1518 verborum
1219 1489 1352 1520 dilectus
1364 1502 1370 1521 :

795 1547 889 1577 quam
899 1536 1096 1573 contemtim‚
1102 1546 1224 1576 pecora
1235 1537 1349 1567 inercia
1359 1540 1372 1566 .'

797 1584 1023 1623 Importunum
1047 1589 1110 1620 est,
1135 1582 1219 1612 illud
1247 1585 1282 1614 in
1306 1594 1373 1614 me-

797 1630 929 1659 moriam
942 1638 1102 1666 revocare,
1115 1627 1204 1670 quod
1217 1631 1373 1661 Ascanius

798 1675 941 1716 Paphum
967 1686 984 1705 a
1006 1678 1132 1706 Venere
1155 1683 1283 1708 avectus
1307 1684 1374 1706 erat

797 1722 856 1752 lib.
871 1724 885 1751 I
896 1744 905 1759 ,
923 1722 965 1762 69
974 1732 986 1751 1
1003 1732 1072 1762 sqq.
1083 1733 1187 1763 neque
1199 1734 1287 1754 nunc
1300 1734 1373 1753 eum

799 1768 928 1799 rediisse
951 1775 1053 1809 poetae
1073 1777 1140 1799 erat
1160 1769 1373 1803 mouendum.

801 1817 836 1845 in
852 1826 886 1845 re
900 1825 970 1856 quae
986 1817 1162 1846 ministerio
1183 1816 1295 1848 divino
1307 1827 1372 1846 non

802 1862 936 1902 amplius
958 1862 1130 1903 indigebat.
1157 1863 1199 1895 cf.
1223 1864 1372 1894 Burman.

855 1909 917 1939 160
937 1919 1005 1949 sqq.
1032 1911 1072 1939 Iu
1093 1910 1184 1950 copia
1207 1916 1238 1939 et
1260 1917 1374 1939 ornatu

802 1955 989 1985 brevitatem
1011 1962 1042 1986 et
1059 1956 1123 1985 vim
1136 1966 1282 1996 agnosce.
1302 1957 1376 1986 Tec-

803 2009 837 2031 ta
864 2002 926 2038 164
943 2003 1077 2031 omnino
1099 2002 1185 2040 loca,
1202 2002 1320 2043 quibus
1335 2009 1375 2032 te-

802 2048 925 2089 gimur3
959 2047 1087 2078 arbores
1098 2071 1106 2085 ,
1135 2059 1278 2079 cavernae
1315 2056 1373 2078 etc.

802 2094 844 2125 cf.
863 2093 974 2125 cerda.
985 2095 1202 2125 Concubitum
1216 2096 1320 2136 ipsum
1334 2096 1375 2125 si-

800 2140 860 2170 leri
874 2151 968 2171 nemo
983 2142 1131 2179 miretur,
1145 2149 1199 2171 aut
1208 2148 1310 2183 poetae
1319 2153 1376 2183 pu-

803 2187 913 2217 dorem
928 2189 962 2217 in
981 2198 1019 2218 co
1038 2188 1147 2218 multis
1166 2188 1270 2218 verbis
1293 2198 1373 2229 prae-

801 2233 904 2270 dicet;
921 2236 1011 2274 qnasi
1038 2245 1113 2264 vero
1134 2236 1167 2266 in
1191 2232 1283 2275 epico
1308 2245 1373 2264 car-
