1433 2460
158 110 222 140 236

659 111 852 144 AENEIDos

157 170 277 213 Quem
299 165 430 203 Phoebi
452 165 636 217 interpres
656 169 775 207 multo
793 167 993 219 compellat
1012 169 1157 207 honore
1176 185 1183 206 τ

157 247 169 260 1«
193 227 395 277 Conjugio,
415 226 601 276 Anchisa,
621 230 778 266 Veneris
799 229 950 279 dignate
970 230 1156 280 superbo,
1306 239 1354 272 475

155 292 252 325 Cura
273 287 405 333 deum,
425 286 483 324 bis
502 290 714 339 Pergameis
733 299 863 340 erepte
882 290 1018 337 ruinis,

155 350 250 384 Fece
272 348 340 385 tibi
359 348 536 385 Ausoniae
557 350 665 387 tellus
686 365 693 386 :
715 351 812 386 lianc
833 350 964 401 adripe
983 352 1085 388 velis.

154 409 199 443 Et
221 417 343 445 tamen
361 408 457 445 lianc
477 409 612 460 pelago
632 409 899 459 praeterlabare
918 424 1069 447 neccsse
1089 420 1160 459 est;

153 468 331 505 Ausoniae
351 482 438 519 pars
459 468 520 506 illa
541 470 694 520 procul,
716 482 828 519 quam
849 470 981 520 pandit
1000 471 1147 520 Apollo.

153 527 276 573 Vade,
296 528 366 574 ait,
388 541 410 565 o
432 529 520 565 felix
539 530 618 566 nati
638 530 796 579 pictate!
819 530 910 579 quid
930 530 1027 566 ultra
1308 543 1355 569 25⁸0

153 588 366 634 vaehor,
387 599 424 626 et
444 589 558 626 fando
578 590 765 639 surgentis
785 590 964 627 demoror
983 592 1154 627 austros?
1175 607 1189 622 υ

203 650 283 685 Nec
304 649 426 685 minus
446 649 733 695 Andromache,
754 649 924 699 digressu
945 657 1075 686 moesta
1091 662 1287 699 supremo,

152 711 238 745 Fert
259 710 465 759 picturatas
486 710 569 746 auri
589 709 801 746 subtemine
821 709 953 754 vestis,

152 770 197 804 Et
216 768 417 818 Phrygiam
435 769 597 806 Ascanio
618 769 852 818 chlamydem
864 798 873 816 ‚
891 782 959 806 ncc
976 769 1075 806 cedit
1095 768 1250 816 lionori3

150 940 248 981 migio
267 947 397 981 aptare,
418 940 474 970 ins.
496 941 596 977 vm,
612 951 641 970 v.
670 941 724 971 80.

149 987 288 1027 Vulgare
313 994 359 1016 est
376 994 507 1027 aptare,
530 993 601 1027 apta
619 986 726 1017 redde-

150 1044 183 1062 re
194 1056 202 1070 ‚
218 1032 385 1074 remigium
397 1056 406 1069 ,
424 1033 514 1069 vela,
533 1032 566 1061 in
584 1032 723 1063 navibus.

148 1081 298 1119 Sequitur
322 1086 425 1109 autem
449 1080 483 1108 in
502 1079 564 1109 hoc
586 1079 726 1110 historice

148 1124 255 1156 fidem.

195 1173 353 1211 474—48
364 1183 390 1203 1.
402 1174 543 1209 Honore,
557 1172 662 1202 verbis
670 1172 726 1202 ho-

148 1218 290 1250 norificis
301 1243 309 1257 ‚
337 1219 410 1249 alias
425 1218 530 1249 Ιιοηοι·
541 1219 723 1250 verborum.

150 1266 308 1307 Conjugio
319 1288 326 1302 ‚
353 1265 488 1296 honesto
512 1276 583 1296 voc.
611 1267 723 1296 utitur.

122 1329 129 1336 «
152 1312 221 1348 His,
255 1313 350 1342 semel
379 1313 484 1342 excisa
515 1312 556 1341 ab
586 1313 724 1342 Hercule

147 1359 240 1397 Troja
252 1382 260 1396 ,
274 1365 405 1400 propter
418 1358 639 1389 Laomedontis
651 1369 722 1399 per-

145 1404 265 1436 fidiam.
278 1405 394 1446 Arripe
407 1405 505 1442 ‘velig-
521 1416 628 1435 versus
640 1404 722 1435 hanc

146 1452 185 1481 ab
201 1453 290 1492 Epiri
305 1452 398 1482 litore
420 1452 519 1494 dirige
536 1462 631 1482 naves
642 1474 650 1487 ,
679 1452 720 1482 cf.

144 1498 202 1528 inf.
221 1499 285 1529 532
297 1521 305 1535 ‚
321 1506 358 1528 ut
373 1505 476 1528 tamen
490 1508 578 1527 nunc
591 1498 721 1537 quidem

143 1545 236 1575 litora
250 1545 346 1575 modo
359 1545 451 1585 legas.
467 1545 572 1585 Quam
581 1545 718 1584 pandit,

145 1591 275 1621 oraculo
294 1591 445 1632 designat.
462 1589 636 1627 Provelzor‚
657 1602 720 1621 ser-

144 1648 239 1668 mone
255 1637 453 1679 progredior.
476 1639 636 1667 Demos-or
649 1649 720 1667 ans-

145 1691 207 1714 tros
222 1685 360 1715 orientes
369 1708 377 1722 ‚
395 1684 426 1714 h.
438 1695 465 1715 e.
477 1695 533 1713 vos
549 1683 699 1715 demoror
709 1707 717 1722 ,

144 1742 208 1770 quo
232 1732 338 1761 minus
361 1730 476 1760 austris
504 1731 649 1761 utamini.
673 1749 719 1755 —-

146 1778 222 1815 478.
248 1777 480 1808 Proeterlabere
503 1777 644 1817 quinque
666 1789 717 1819 ap.

143 1825 251 1854 Burm.
273 1835 347 1854 cum
369 1823 442 1854 edd.
463 1825 546 1853 Ven.
571 1829 603 1853 et
625 1825 717 1856 Junt.

146 1872 188 1900 Uc
195 1871 426 1911 praeterlabare
438 1876 588 1912 quatuor,
603 1871 658 1901 sed
671 1882 719 1901 re-

145 1924 311 1948 centiores.

192 1963 387 2000 482—485.
401 1965 528 1994 Poterat
539 1963 607 1994 haec
622 1974 718 2005 supra

144 2009 299 2047 subjicere
318 2021 398 2041 vers,
423 2016 499 2049 470.
514 2011 598 2041 Mira
614 2017 719 2041 tamen

146 2066 218 2085 eum
232 2063 296 2085 arte
309 2058 410 2086 utitur
422 2057 663 2088 Andromaches
677 2057 718 2087 af-

145 2102 241 2132 fectu.
258 2102 298 2132 cf.
316 2114 386 2143 sup.
403 2103 441 2133 ad
466 2104 544 2142 337.
566 2103 717 2145 Digressu

145 2159 308 2189 supremo,
331 2151 504 2189 exquisite,
523 2153 652 2191 proprie
671 2156 718 2181 est

145 2205 327 2235 supremum
337 2218 345 2231 ‚
367 2196 515 2225 ultimum
526 2219 534 2233 ,
561 2196 718 2237 digressus

146 2247 354 2272 momentum.
372 2259 417 2265 ——-
434 2242 474 2279 48
482 2243 510 2273 3.
537 2242 719 2273 picturatas

780 941 852 971 auri
869 942 1044 972 subtemine
1061 949 1177 979 vestes,
1194 948 1300 972 utrum
1318 943 1356 972 dc

780 988 883 1018 textili
901 999 939 1018 an
962 990 1001 1018 de
1020 990 1168 1029 acupicto
1187 1000 1282 1029 opere
1305 1000 1355 1018 ac-

780 1035 887 1074 cipias,
901 1034 1048 1064 dubitare
1062 1036 1171 1075 possis.
1181 1037 1261 1067 Nam
1272 1043 1356 1066 utro-

780 1091 841 1121 que
863 1081 959 1111 modo
977 1081 1067 1121 picta
1088 1081 1186 1111 vestis
1209 1081 1327 1112 (licitur
1346 1093 1353 1112 :

779 1127 941 1157 interdum
970 1128 1047 1158 adeo
1077 1128 1262 1169 simpliciter
1295 1139 1355 1168 pro

779 1173 927 1204 distincta
950 1174 1112 1205 coloribus
1132 1181 1163 1204 et
1187 1176 1354 1215 variegata.

779 1221 810 1250 Si
825 1220 864 1250 de
877 1221 980 1251 textili
996 1232 1091 1262 opere
1105 1221 1219 1262 accipis
1234 1230 1242 1252 ε
1257 1221 1354 1251 subte-

779 1277 852 1297 men
869 1279 1001 1298 aureum
1016 1269 1144 1308 proprie
1165 1267 1287 1297 dictum
1308 1275 1354 1298 est

777 1319 809 1342 ct
832 1313 974 1355 Phrygia
1003 1313 1147 1353 chlamys
1169 1324 1226 1344 acu
1247 1315 1351 1354 picta;

776 1367 882 1389 vestes
898 1368 1003 1390 autem
1016 1367 1111 1390 eruut
1125 1360 1282 1401 stragulae.
1297 1361 1353 1392 Sin

771 1405 879 1445 pictas
893 1417 953 1436 acu
963 1430 971 1444 ,
989 1407 1109 1436 scilicet
1124 1406 1265 1447 Phrygio
1280 1417 1351 1447 ope-

776 1463 809 1482 re
820 1475 828 1490 ,
846 1460 945 1483 vestes
959 1455 1101 1494 accipere
1116 1453 1204 1482 malis
1219 1462 1226 1483 :
1245 1454 1303 1482 erit
1318 1454 1352 1482 in

774 1498 836 1528 illis
850 1500 924 1539 ipsis
938 1499 1080 1541 Phrygia
1095 1498 1240 1538 chlamys
1249 1511 1261 1535 ;
1286 1500 1352 1530 sub-

775 1552 880 1575 temen
891 1553 995 1576 autem
1009 1546 1194 1586 simpliciter
1203 1556 1261 1586 pro
1276 1545 1331 1576 filo
1342 1557 1350 1584 ;

774 1598 805 1621 et
826 1592 955 1621 textilia
979 1592 1066 1622 dona
1086 1592 1098 1633 (
1114 1603 1154 1622 ex
1180 1593 1350 1622 Homerico

775 1636 887 1672 ἐσθῆτά
909 1638 934 1667 θ’
954 1636 1112 1679 ὑφαντὴν)
1135 1649 1211 1669 mox
1235 1638 1274 1668 ab
1299 1638 1349 1668 his

774 1685 897 1715 diversa
920 1693 1006 1716 suut.
1030 1703 1076 1708 —
1096 1685 1173 1722 484.
1203 1685 1347 1715 Ausonio

774 1731 872 1762 Goth.
888 1738 960 1763 tert.
983 1742 998 1762 a
1012 1743 1061 1772 pr.
1084 1742 1127 1762 m.
1148 1730 1347 1771 Chlamyden

773 1778 851 1808 alter
866 1778 999 1809 Mentel.
1014 1779 1084 1809 Nec
1098 1778 1183 1808 cedit
1198 1777 1316 1808 honore
1335 1789 1347 1807 .-

773 1825 818 1854 sic
848 1826 984 1855 Scaurus
1013 1825 1136 1866 legebat
1169 1824 1253 1865 apud
1279 1827 1348 1855 Ser-

771 1872 861 1901 vium
873 1894 881 1908 ‚
905 1872 971 1901 sive
985 1871 1013 1901 is
1029 1873 1113 1902 inter
1129 1881 1184 1902 eos
1207 1870 1268 1900 fuit
1291 1872 1347 1910 qui

772 1917 937 1948 AEneidem
946 1924 1184 1955 recensuerunt,
1192 1917 1256 1946 sive
1264 1916 1347 1946 hanc
1370 1924 1381 1935 ·

771 1970 922 2004 tanquam
953 1965 1173 2005 grammaticus
1201 1963 1347 1993 emenda-

772 2011 891 2040 tionem
910 2011 1086 2051 proposuit.
1105 2009 1202 2039 Venit
1219 2020 1261 2050 ea
1284 2009 1346 2040 lec-

772 2057 817 2086 tio
833 2057 867 2085 in
882 2055 1066 2086 Gudianum
1078 2078 1086 2093 ,
1103 2055 1235 2096 probata
1249 2057 1346 2086 Hein-

770 2103 818 2133 sio
832 2102 973 2143 mihique
988 2112 1054 2132 non
1069 2103 1174 2132 minus
1189 2112 1249 2142 pro
1272 2113 1347 2133 vera

769 2148 904 2179 habetur
916 2158 922 2178 :
934 2149 999 2178 sive
1015 2155 1052 2178 ut
1063 2149 1108 2179 sic
1119 2149 1253 2190 accipias
1264 2158 1272 2180 :
1284 2159 1344 2179 nec

771 2195 857 2225 cedit
878 2194 997 2225 honore
1020 2205 1063 2226 sc.
1092 2195 1284 2233 verborum,
1305 2195 1345 2225 ad

771 2242 915 2283 conjugis
941 2241 1124 2283 exemplum
1148 2252 1229 2273 vers·
1259 2247 1357 2281 474³,
