1433 2460
125 81 188 109 310
626 81 818 111 AENEIDOS

173 135 327 172 Talibus
345 135 497 181 orabat,
520 135 676 186 talisque
696 137 904 174 miserrima
925 137 1032 173 fletus

122 199 284 244 Fertque
304 196 496 245 refertque
516 209 624 234 soror
645 213 652 234 ε
674 198 737 235 sed
757 198 868 235 nullis
887 198 948 235 illc
968 205 1142 234 movetur

121 255 308 300 Fletibus,
330 265 393 292 aut
412 269 523 294 voces
543 258 636 295 ullas
657 258 862 295 tractabilis
883 258 1005 304 audit;

121 316 211 351 Fata
230 314 397 360 obstant,
418 315 659 366 placidasque
679 317 752 353 viri
772 317 864 354 deus
885 317 1050 354 obstruit
1069 317 1181 354 auris.
1270 327 1318 355 440

121 377 176 411 Ac
195 375 313 422 velut,
331 389 474 413 annoso
491 377 654 414 validam
674 390 790 427 quum
811 376 950 415 robore
967 391 1149 427 quercum

120 549 160 571 te.
177 541 365 572 Adscribam
379 544 547 583 Pomponii
561 544 667 574 locum
682 555 689 576 :

120 595 296 617 arft-emam
325 588 408 618 hauc
434 589 565 620 ‘tu-niam
576 613 585 626 ‚
618 601 690 628 om,

120 641 155 662 ut
171 634 316 673 impetres
331 635 370 663 ab
388 637 494 666 Ainea
505 659 514 671 ,
539 636 575 665 id
587 644 634 666 est
644 637 694 667 be·

120 679 267 721 aeficium
281 692 292 710 .·
318 681 353 710 id
373 690 434 718 est,
467 689 501 711 uc
524 682 696 722 protrahat

118 725 291 756 discessum
313 738 420 763 suum,
447 728 548 758 donec
571 729 693 759 ‹It'scam

118 772 238 803 dolere.
258 773 294 802 Si
307 774 511 812 concesserit,
528 786 692 816 nunqnam

119 829 174 848 ero
189 818 356 850 immemor
373 821 448 850 talis
461 822 615 864 beneficii.
643 823 693 852 Sic

118 863 197 905 legit
209 866 426 906 Apronianus.
453 869 556 897 Tucca
579 876 611 897 et
628 870 692 898 Va-

118 910 182 939 rius
192 933 200 947 ,
227 912 381 952 referente
407 914 518 955 Selgia
539 914 692 955 (Servio)

119 955 245 986 dederis
260 958 369 998 legunt
383 969 394 987 .·
409 960 490 989 Cum
506 960 627 988 dederis
643 971 693 989 ve-

119 1002 222 1039 niam,
249 1005 440 1034 cumulatam
465 1012 566 1035 morte
590 1007 694 1035 reinit-

118 1054 181 1077 mm
204 1047 246 1089 (l.
265 1049 484 1091 relinquam),
510 1051 546 1080 id
559 1058 622 1087 est,
647 1062 695 1081 re-

116 1093 262 1134 linquam
282 1104 445 1136 acccptum
465 1096 505 1126 ab
527 1108 564 1127 eo
580 1097 694 1139 ben‘fi·

117 1139 199 1169 cium
212 1164 220 1178 ‚
236 1150 336 1172 morte
349 1143 543 1173 cumulando
555 1155 566 1178 ,·
583 1143 628 1173 ita
645 1143 693 1173 ἰη-

118 1186 237 1229 telligit
258 1189 468 1228 Apronianus
490 1200 500 1219 :
516 1189 601 1219 lianc
625 1190 693 1230 opi-

118 1233 247 1264 m'onem
265 1235 392 1276 Sergius
413 1236 586 1277 (Servius)
605 1236 693 1266 dam-

117 1287 197 1315 παις
216 1288 247 1310 et
260 1288 344 1311 recte
360 1284 490 1322 utique,
513 1293 585 1312 nam
599 1283 693 1313 iuter-

114 1327 252 1366 pretatio
272 1328 329 1357 ista
342 1328 469 1357 nullum
487 1329 610 1358 bonum
623 1339 692 1358 sen-

110 1381 187 1404 sum
209 1373 360 1411 exhibet3
391 1385 458 1404 non
483 1376 568 1404 enim
591 1382 692 1405 morte

113 1419 252 1450 Didonis
278 1420 451 1460 quicquam
482 1418 560 1460 grati
583 1431 618 1450 ac
641 1421 692 1459 ju-

117 1465 216 1496 cundi
234 1467 268 1495 in
287 1467 414 1495 Annam
431 1466 534 1496 redire
550 1474 692 1507 poterat3

116 1513 177 1542 etsi
194 1513 321 1543 Servius
333 1512 379 1543 nil
395 1513 535 1542 melioris
552 1521 638 1543 notae
654 1514 694 1543 af-

115 1559 205 1589 ferat.
223 1560 332 1588 Manet
344 1559 441 1599 igitur
455 1559 517 1589 hoc
532 1569 540 1590 ε
555 1562 694 1590 Tuccam

117 1611 149 1634 et
171 1606 304 1634 Varium
321 1605 470 1645 probasse
495 1605 639 1642 dederis,
664 1613 695 1636 et

117 1650 157 1680 ad
173 1651 300 1681 Annam
315 1651 476 1689 retulisse3
496 1651 584 1692 quod
600 1653 694 1682 unice

117 1707 230 1727 verum
244 1704 375 1738 propter
390 1697 461 1734 illa,
477 1697 625 1727 miserere
643 1709 693 1727 so—

116 1743 197 1773 roris
207 1755 220 1780 ;
238 1754 310 1783 quae
323 1743 418 1773 verba
436 1743 576 1773 tollenda
591 1751 690 1782 erant,

115 1790 144 1819 si
165 1790 297 1819 alterum
321 1790 429 1820 locum
454 1789 570 1820 habere
601 1791 694 1820 debe-

115 1835 191 1873 bat,
220 1842 258 1865 ut
280 1836 405 1866 dederit
421 1837 596 1877 legeretur,
622 1848 692 1867 ora-

116 1883 206 1911 tione
225 1882 264 1911 de
283 1884 379 1912 AEnea
398 1883 561 1921 instituta3
586 1893 692 1923 quam-

117 1938 214 1967 quam
236 1939 277 1958 ne
292 1930 337 1958 sic
355 1929 484 1969 quidem
502 1939 590 1969 aeque
609 1940 693 1959 com-

117 1973 211 2003 mode
226 1974 278 2004 illa
296 1977 402 2005 AEneae
412 1999 420 2013 ‚
457 1977 491 2006 in
505 1976 693 2016 longinquas

116 2025 216 2049 terras
230 2023 374 2060 profecto
386 2044 393 2059 ‚
407 2033 464 2063 per
481 2028 579 2052 totam
595 2024 694 2052 vitam

118 2066 249 2105 gratiam
275 2067 391 2097 referre
415 2068 495 2097 velle
519 2068 691 2099 videretur.

118 2112 382 2152 Interpunctione
398 2125 494 2154 prava
515 2116 614 2144 totius
627 2125 694 2144 ver-

119 2166 173 2186 sus
182 2160 336 2188 sententia
347 2167 411 2189 erat
419 2161 560 2201 jugulata
570 2170 576 2191 :
588 2162 693 2201 Quam

119 2202 200 2232 mihi
228 2215 298 2233 cum
324 2205 448 2235 dederis
474 2208 671 2238 cumulatam
680 2230 690 2244 ,

747 556 788 575 m.
804 555 829 575 r.
840 546 917 575 Eam
934 545 1050 584 itaque,
1068 550 1104 573 ut
1120 543 1242 574 dudum
1256 555 1320 574 mo-

747 602 916 620 nueranms
939 589 1116 619 faciendum
1140 600 1224 627 esse,
1251 601 1320 620 mu-

749 638 883 667 tavimus
899 646 905 667 :
926 639 1028 677 Quam
1050 635 1129 665 mihi
1142 646 1167 665 c.
1183 636 1323 673 dederis,

747 683 943 713 cumulatam
968 694 1009 712 m.
1032 681 1187 723 [Dederit
1202 684 1319 712 Potter.

748 737 778 759 et
789 730 980 759 cumulatum
996 740 1036 759 ex
1049 728 1144 768 conj.]
1155 745 1201 751 —
1216 729 1321 767 Quam

747 777 877 817 gratiam
890 799 897 813 ,
933 776 1021 816 quod
1055 773 1247 804 beneficium
1257 795 1265 810 ‚
1295 775 1322 803 si

748 823 824 852 mihi
843 823 1024 862 praestitoris
1036 844 1044 856 ‚
1070 830 1170 860 usque
1187 818 1224 848 ad
1240 829 1321 849 mor-

748 875 809 897 tem
823 874 907 908 grata
923 878 995 904 er03
1018 866 1085 896 haec
1099 873 1145 895 est
1167 866 1321 896 sententia

747 913 831 942 nude
845 914 1007 943 enuntiata
1017 936 1026 950 ‚
1045 919 1076 942 et
1088 912 1230 941 ornatius
1241 933 1249 949 ,
1267 921 1321 941 cu-

747 960 948 989 mulatissime
978 969 1078 999 usqne
1113 958 1152 987 ad
1186 964 1321 987 mortem

747 1006 877 1045 gratiam
893 1005 1034 1034 referam.
1052 1005 1122 1033 Hoc
1133 1026 1142 1041 ‚
1160 1009 1196 1033 ut
1210 1010 1319 1043 poeta,

747 1051 863 1080 extulit
890 1060 897 1080 ε
926 1050 1122 1079 cumulatam
1158 1049 1320 1078 remittam

745 1107 805 1137 pro
819 1096 978 1126 cumulate
995 1097 1144 1132 referam,
1163 1101 1193 1124 et
1207 1102 1317 1130 morte,

747 1150 818 1172 ante
834 1150 967 1172 mortem
976 1165 985 1179 ‚
1005 1149 1173 1182 antequam
1186 1142 1320 1177 moriar,

745 1190 789 1219 ita
804 1195 841 1218 ut
853 1190 887 1218 in
901 1195 1002 1219 morte
1015 1188 1107 1229 plene
1122 1187 1174 1217 illa
1190 1196 1320 1227 repensa

745 1236 801 1271 sit3
822 1235 918 1276 vulgo
934 1246 941 1266 :
958 1246 1015 1276 per
1030 1242 1127 1264 totam
1140 1233 1237 1263 vitam
1247 1255 1255 1270 ,
1270 1242 1321 1262 us-

746 1291 809 1321 qne
834 1281 873 1310 ad
894 1289 1040 1311 mortem.
1063 1283 1127 1317 lta,
1149 1286 1248 1320 puto,
1274 1279 1322 1308 in-

747 1329 971 1367 terpunctione
986 1334 1059 1368 post
1080 1325 1204 1356 dederis
1219 1325 1298 1355 sacta
1310 1347 1319 1362 ,

746 1383 795 1404 res
807 1375 879 1404 satis
893 1374 1050 1414 expedita.

795 1421 872 1457 437-
910 1422 1000 1459 4³9-
1025 1420 1223 1455 Pervkaoia,
1247 1424 1300 1448 aut
1311 1440 1320 1456 ‚

747 1467 773 1495 si
805 1467 920 1503 mavis,
948 1465 1125 1495 constantia
1151 1466 1258 1494 AEneae
1287 1465 1321 1494 in

749 1513 882 1542 consilio
897 1511 1102 1552 exsequendo
1113 1534 1121 1548 ,
1138 1520 1238 1551 quum
1255 1521 1322 1540 ver-

747 1559 788 1588 ba
801 1558 885 1589 nuda
899 1570 966 1588 non
982 1556 1164 1587 sufficerent
1174 1578 1182 1593 ‚
1199 1566 1322 1597 compa-

748 1606 872 1635 ratione
890 1605 1078 1635 declaratur.
1103 1603 1228 1640 Fletus,
1252 1613 1322 1643 pre-

749 1662 799 1681 ces
819 1662 893 1681 cum
906 1651 1044 1681 lacrimis
1060 1650 1121 1680 fert
1139 1648 1177 1678 ad
1193 1651 1322 1680 AEneam

747 1698 819 1738 plus
844 1699 913 1727 vice
937 1697 1083 1737 simplici.
1109 1697 1180 1726 Hoc
1191 1717 1199 1732 ,
1222 1701 1320 1736 puto,

748 1750 794 1774 est
799 1743 933 1785 fertque
955 1743 1122 1785 refertque.
1146 1741 1318 1779 Placidus,

747 1790 898 1821 translato
917 1790 1056 1831 epitheto
1072 1799 1090 1818 a
1103 1789 1320 1824 virm—441.

748 1836 856 1867 Veluti
875 1836 1024 1867 nonnulli
1039 1842 1071 1865 et
1085 1835 1138 1864 hic
1155 1844 1163 1864 :
1180 1834 1263 1864 conf.
1282 1833 1321 1863 ad

747 1893 778 1913 v.
798 1889 874 1919 402.
890 1886 1023 1913 Annos-0
1043 1881 1194 1911 validam
1209 1881 1320 1910 Heius.

747 1939 820 1959 cum
835 1928 1031 1966 melioribus,
1048 1929 1138 1957 etiam
1150 1926 1318 1962 Pierianis;

746 1975 843 2017 vulgo
859 1985 1019 2005 annosam
1031 1973 1146 2004 valido
1155 1983 1168 2008 ;
1199 1978 1230 2001 et
1247 1982 1318 2000 cum

747 2033 875 2063 corpore
888 2023 966 2052 Exc.
981 2023 1101 2055 Burm.‚
1119 2017 1243 2059 vulgari
1256 2017 1319 2057 lap-

746 2079 794 2098 su.
819 2070 867 2100 Ne
890 2069 924 2098 in
949 2066 1065 2096 robore
1085 2065 1222 2101 haereas,
1245 2073 1318 2093 enm

747 2125 878 2154 quercus
902 2112 1006 2142 addita
1029 2113 1069 2141 sit
1084 2121 1091 2141 :
1108 2121 1257 2151 quercum
1273 2120 1320 2139 ro-

746 2160 818 2189 bore
847 2159 996 2189 valt'dam
1008 2181 1016 2196 ,
1045 2157 1217 2187 tenendum
1229 2179 1237 2194 ‚
1265 2165 1319 2186 ro-

747 2205 811 2236 bur
844 2217 908 2236 esse
941 2205 981 2234 de
1013 2211 1129 2234 trunco
1162 2202 1319 2243 accipien-
