1402 2460
567 85 688 115 LIBER
714 85 771 114 111.

1206 84 1267 120 ’Δὶ-7

72 144 357 192 'senilibusque
377 150 510 180 onerat
529 142 656 187 donis,
677 154 720 178 ac
741 141 828 178 talia
850 141 949 177 satur
967 153 973 175 :
1224 150 1272 177 4⁸5

114 225 126 237 r‹
144 205 284 253 Adcipc
301 214 338 241 et
354 203 447 250 liaec,
464 215 644 240 manuum
660 202 730 240 tibi
745 215 829 252 quae
846 210 1089 239 monumenta
1104 213 1274 238 mearum

72 265 172 309 Sint,
192 277 304 313 puer,
326 273 363 301 et
380 264 534 314 longum
550 258 827 300 Andromach'ae
848 271 1032 300 testentur
1051 273 1237 306 amorem,

69 325 248 375 Conjugis
269 327 476 362 Hectoreae.
495 327 597 375 Cape
618 324 717 361 dona
738 332 908 360 extrema
928 333 1099 368 tuorum,

70 387 104 421 Ο
125 385 217 421 mihi
234 385 313 422 sola
332 385 406 422 mei
424 398 539 434 super
557 384 794 433 Astyanactis
815 385 958 434 imago!

73 445 136 482 Sic
155 446 303 491 oculos,
323 446 376 483 sic
395 445 457 482 illc
478 457 629 489 manus,
650 444 703 481 sic
724 457 791 481 ora
814 444 977 491 serebat3
1227 453 1276 484 490

70 509 116 543 Et
134 520 234 543 nuuc
254 506 389 556 aequali
410 514 532 542 tecum
553 504 778 555 pubesceret
798 517 891 542 aevo.
913 521 928 537 »

125 569 203 603 Hos
223 579 293 616 ego
313 566 526 616 digrediens
543 566 706 603 lacrimis
727 564 884 602 adfabar
903 564 1048 602 obortis
1071 577 1078 599 ε

73 644 87 659 «
108 627 234 663 Vivite
256 627 400 672 felices,
419 625 558 675 quibus
578 635 632 663 est
650 627 802 663 fortuna
821 633 975 676 peracta

76 782 175 819 Quem
211 779 322 809 Phoebi
360 779 510 819 interpres
548 779 647 808 malco

72 825 244 865 compellat
266 825 407 861 lconore;
435 827 500 854 sive
517 832 553 854 ut
573 836 647 855 cum

71 874 188 901 Scauro
199 894 207 908 ‚
224 872 279 911 qui
297 873 341 901 ita
359 871 537 912 explicabat
554 881 561 902 :
581 882 647 901 nou

72 918 157 948 cedit
178 918 300 948 Heleno
323 918 510 948 liberalitate
529 925 560 947 et
578 928 648 947 mu-

71 963 245 999 nificentia.
261 982 307 987 —-
321 967 390 995 Nec
412 964 494 994 cedit
513 964 644 1002 honori,

73 1012 98 1041 si
114 1012 240 1042 Servius
258 1012 397 1052 explicat
407 1018 501 1041 tanea
515 1011 573 1041 dac
581 1022 648 1041 mu-

72 1068 169 1094 nera,
198 1067 322 1099 quanta
346 1058 525 1089 merebatur
548 1060 649 1088 Asca-

75 1105 145 1135 m'us
161 1116 171 1134 :
188 1104 247 1134 hoc
271 1106 356 1135 enim
380 1113 425 1135 est
445 1105 563 1134 honori
582 1115 649 1134 non

75 1151 205 1189 cedere,
226 1162 340 1192 parem
362 1162 428 1181 esse
450 1151 570 1182 meritis
597 1162 649 1180 ac-

74 1197 236 1238 cipientis;
252 1200 357 1228 minus
367 1199 485 1228 durum
498 1199 558 1227 erit
568 1208 576 1229 ε
587 1208 650 1227 non

74 1245 159 1274 cedit
174 1244 289 1273 honori
305 1255 348 1273 sc.
372 1255 561 1280 munerum,
586 1254 650 1283 quo

72 1296 288 1330 prosequutus
301 1297 367 1319 erat
380 1290 522 1319 Helenus
531 1290 651 1321 Anchi-

72 1347 145 1373 sen3
172 1343 209 1366 ut
224 1335 451 1367 Andromache
475 1337 650 1367 Ascanium

73 1394 160 1414 nunc
174 1393 240 1413 non
253 1384 359 1413 minus
379 1383 557 1414 honorifice
580 1395 649 1414 mu-

72 1430 204 1462 neribus
236 1430 447 1471 hospitalibus
478 1432 648 1472 impertiat.

74 1478 176 1510 Possis
196 1477 289 1507 etiam
302 1478 473 1507 verborum
495 1477 649 1508 honorem

73 1525 138 1555 huc
150 1524 305 1554 advocare
322 1535 362 1554 ex
377 1535 408 1554 v.
428 1529 514 1562 4743
540 1531 587 1554 est
608 1531 650 1554 ta-

75 1582 148 1602 men
170 1571 232 1601 hoc
251 1571 378 1612 longius
393 1572 540 1611 petitum.
565 1573 650 1602 Ante

75 1618 185 1649 oculos
211 1617 325 1647 habuit
346 1625 377 1648 et
396 1628 509 1658 magna
529 1619 651 1659 ingenii

75 1666 204 1695 luxurie
228 1666 372 1694 oneravit
392 1665 426 1694 in
447 1664 586 1694 discessu
602 1666 651 1694 AE-

77 1721 144 1741 neae
161 1710 199 1740 ab
215 1711 301 1741 Anio
317 1734 325 1748 ,
342 1710 437 1741 Ovid.
453 1713 532 1741 Met.
549 1712 649 1747 XIII,

78 1758 144 1788 680
163 1769 210 1797 sq.

126 1805 336 1844 486—491.
369 1804 595 1834 Reminiscitur
623 1810 653 1832 et

77 1852 129 1882 hic
145 1858 244 1881 mater
257 1850 431 1880 dulcissimi
445 1852 555 1891 pueri,
573 1856 653 1879 atro-

79 1900 108 1929 ci
121 1905 223 1929 morte
241 1898 302 1927 sibi
319 1899 428 1938 erepti.
447 1899 549 1927 Locus
568 1897 652 1926 iuter

78 1956 195 1987 paucos
209 1944 384 1975 dulcissimi
401 1944 543 1982 affectus,
559 1944 651 1973 etiam

78 1992 305 2024 sententiarum
320 2001 355 2021 ac
370 1991 542 2021 verborum
556 1990 652 2020 dilec-

79 2036 132 2077 tu,
158 2039 303 2079 inprimis
319 2038 466 2076 adjuncta
489 2038 650 2068 declaran-

80 2088 177 2124 tium,
197 2092 228 2116 et
241 2085 344 2116 multo
358 2085 456 2127 magis
472 2087 498 2115 si
513 2086 652 2126 parentis

81 2143 206 2163 sensum
225 2140 256 2163 et
269 2133 419 2163 affectum
435 2131 560 2163 habeas.
583 2132 652 2161 Ma-

81 2191 177 2210 nunm
191 2187 395 2210 monumenta
407 2189 560 2214 mearum,
577 2188 652 2208 cum

81 2226 231 2269 dignitate
241 2250 250 2265 ‚
268 2237 328 2267 pro
344 2236 495 2256 manuum
512 2235 652 2255 mearum

701 789 796 818 opere
813 789 853 807 ex
862 777 923 808 Od.
940 788 954 806 ο
966 800 974 814 ,
1000 777 1063 806 126
1080 777 1186 818 Μνῆμ’
1205 769 1277 806 ἑλέ-

701 835 751 859 νης
770 826 892 866 χειρῶν·
919 831 979 854 etc.
993 846 1001 860 ,
1017 823 1074 864 qui
1100 823 1190 852 locus
1205 823 1277 852 Vir-

701 871 777 912 gilio
797 870 1036 900 obversabatur.
1051 886 1099 892 —
1113 869 1191 907 [487.
1209 870 1279 898 An-

700 916 886 947 dromaclzoe
910 918 1020 947 Heius.
1049 927 1065 945 e
1092 916 1219 955 scriptis
1248 922 1279 945 et

700 965 922 1006 grammaticis.
938 966 985 994 Eo
998 962 1146 992 alludunt
1159 960 1277 992 Medic.

701 1018 732 1041 et
747 1011 819 1041 alii:
832 1008 1071 1040 Andromache.
1088 1008 1195 1049 Vulgo
1210 1010 1278 1038 An-

702 1056 899 1087 dromaches.
907 1057 1004 1088 Wall.
1016 1054 1279 1086 Andromachen,

702 1105 777 1134 Duo
801 1106 910 1134 Burm.
935 1109 1110 1138 testantur,
1138 1107 1200 1130 tres
1225 1101 1280 1131 alii

703 1150 853 1180 honorem
866 1150 1004 1190 proclivi
1018 1149 1120 1188 lapsu.
1137 1165 1184 1170 -—-
1201 1147 1279 1183 488.

704 1198 800 1226 Dona
824 1203 971 1226 extrema
997 1203 1140 1230 mortun,
1178 1204 1280 1235 popu·

702 1243 817 1272 larium
827 1249 859 1272 et
872 1243 1058 1273 amicorum.
1077 1242 1192 1283 Super,
1207 1253 1280 1284 quae

703 1299 832 1329 superes
843 1311 852 1326 ,
871 1290 1023 1331 περιοῦσα.
1038 1312 1046 1326 ,
1072 1299 1278 1334 περιγεγενη-

703 1334 919 1378 μένη.-·490.
942 1335 994 1365 Sic
1019 1335 1146 1373 oculos,
1172 1336 1218 1366 sic
1236 1347 1278 1366 m.

703 1393 744 1412 ex
760 1384 856 1412 Hom.
875 1381 990 1423 Odyss.
1011 1378 1051 1420 ὃ,
1082 1389 1145 1423 149
1158 1406 1166 1420 ,
1195 1384 1258 1415 150
1270 1407 1278 1421 ‚

701 1429 760 1459 ubi
778 1428 944 1459 Menelaus
968 1428 1007 1459 de
1025 1429 1216 1461 Telemacho
1238 1432 1280 1461 U-

701 1475 779 1516 lyssi
789 1482 971 1517 comparato
983 1485 990 1506 ε
1001 1473 1101 1507 κείνου
1115 1475 1178 1521 γὰρ
1189 1476 1281 1508 τοιοί-

703 1518 739 1552 δε
763 1519 861 1558 πόδες
887 1530 948 1553 etc.
975 1530 1021 1553 est
1042 1531 1149 1554 autem
1170 1526 1280 1566 exqui-

703 1571 761 1599 site
774 1569 898 1600 dictum
910 1580 970 1610 pro
980 1592 988 1606 ‚
1009 1570 1090 1600 cales
1103 1571 1212 1602 oculos
1225 1571 1280 1601 Iza-

703 1615 810 1653 bebac,
822 1618 903 1648 tales
930 1627 1046 1646 manus
1060 1624 1121 1649 etc.
1136 1621 1192 1650 Vs.
1214 1625 1276 1658 491

699 1662 887 1702 pubesceret
921 1665 1063 1693 ornatius
1100 1676 1198 1706 quam
1233 1675 1280 1694 es-

705 1717 774 1745 sec;
806 1711 917 1750 Eurip.
944 1710 1015 1740 Ion.
1042 1710 1108 1747 354
1133 1708 1184 1741 Σοὶ
1205 1721 1281 1741 ταυ-

707 1753 756 1787 τὸν
779 1754 876 1794 {fig-ng,
901 1753 985 1798 εἴπερ
1010 1752 1066 1793 ἦν,
1096 1752 1154 1798 εἶχ’
1169 1755 1206 1787 ἅν
1228 1757 1281 1800 με’-

706 1814 788 1845 τρῡν.
803 1820 850 1826 -
866 1802 1009 1833 Tenebat
1022 1803 1099 1846 legit
1114 1803 1278 1836 Rufinian.

706 1849 745 1880 de
766 1849 842 1891 figg.
869 1860 901 1890 p.
929 1850 983 1881 28.
1002 1849 1142 1881 Gerebat
1155 1852 1280 1882 Nonius

705 1896 740 1927 in
765 1907 875 1937 super,
908 1896 963 1927 sed
981 1896 1114 1938 ferebat
1150 1898 1281 1928 Priscia-

705 1954 766 1973 nus
777 1966 785 1980 ,
817 1943 1005 1981 Diomedes,
1034 1943 1178 1974 Macroh.
1206 1955 1280 1974 cum

704 1990 795 2020 libris
818 1991 962 2031 scripti-53
987 1997 1018 2020 et
1039 1988 1145 2020 firmat
1169 1992 1278 2022 Burm.

705 2037 851 2077 inprimis
872 2047 913 2066 ex
936 2037 1026 2068 Statii
1040 2037 1237 2075 imitatione,
1264 2039 1278 2067 Ι

705 2083 824 2115 Achill.
842 2085 918 2123 339.

754 2136 947 2171 492-499.
957 2131 1084 2160 Durum
1091 2130 1205 2162 habeat
1212 2143 1281 2173 pec-

705 2185 756 2207 tus
770 2187 894 2207 necesse
907 2183 970 2214 est,
985 2178 1039 2207 cui
1054 2177 1089 2208 hi
1104 2189 1213 2208 versus
1226 2181 1281 2208 mi-

706 2225 895 2254 serationem
909 2224 1031 2255 nullam
1053 2225 1177 2256 faciant.
1204 2227 1280 2256 For-
