1402 2460
74 127 722 140 mnsmmmmwsmwsmnz
728 124 1266 139 mmwzmmmmwswi

357 329 892 398 EXCURSUS
945 331 977 397 I

423 496 506 538 AD
539 496 773 539 LIBRUM
799 497 881 539 III.

343 663 416 705 De
434 676 641 706 errorum
665 663 834 706 AEneoe
855 665 1000 706 annis.

119 811 184 847 111,
205 810 222 839 8
245 812 276 838 V
275 809 310 839 ix
323 809 431 850 prima
449 809 610 850 inceperat
626 818 720 840 aescas
739 812 784 840 Ec
800 818 900 850 pater
918 809 1073 840 Anchises
1091 811 1170 841 dare
1182 811 1270 853 satis

71 864 150 893 ‘vela
157 864 299 905 jubebat.
310 865 417 894 Etsiin
428 870 520 904 poeta
534 870 714 904 temporum
726 864 864 893 rationes
879 864 1039 894 subtiliter
1055 865 1179 906 exigere
1192 865 1273 894 velle

73 918 293 958 importunum
309 918 408 954 soret,
437 917 538 947 multo
553 918 669 957 magis,
696 918 723 946 si
745 918 838 947 tacite
860 927 894 947 ea
910 925 1074 958 praetereat
1095 925 1149 948 aut
1169 919 1273 948 minus

73 969 204 1001 definite
220 978 359 1012 apponat
379 972 445 1011 ipse
460 978 552 1011 poeta
568 981 576 1002 2
591 972 617 1001 si
633 978 738 1001 tamen
759 978 940 1012 temporum
960 973 1128 1001 momentis
1140 972 1193 1001 vel
1206 982 1272 1001 car-

69 1023 200 1054 dinibus
223 1035 368 1066 expresse
391 1025 520 1064 adjectis
545 1025 641 1055 semel
668 1026 810 1054 animum
838 1025 878 1054 ad
906 1025 974 1055 haec
993 1026 1200 1062 converterit,
1233 1035 1274 1054 ne

68 1085 184 1108 temere
198 1078 232 1108 id
251 1078 359 1109 fecisse
381 1078 542 1117 videatur,
562 1080 624 1119 ipsi
639 1080 749 1119 utique
765 1079 943 1109 curandum
960 1086 1006 1109 est
1025 1078 1273 1120 diligentissime.

67 1130 128 1161 Sed
144 1131 240 1161 habet
258 1133 352 1162 etiam
371 1132 409 1161 ad
431 1133 530 1162 multa
552 1132 692 1162 AEneidjs
707 1132 778 1162 loca
794 1133 1002 1173 inprimisque
1016 1132 1113 1171 hujus
1131 1133 1207 1163 libri
1222 1133 1273 1163 de-

69 1185 213 1215 claranda
249 1196 395 1227 magnam
422 1186 609 1224 utilitatem,
636 1194 672 1216 ut
687 1197 809 1216 errores
824 1189 930 1216 AEneae
945 1188 980 1216 in
996 1197 1095 1217 annos
1119 1197 1192 1217 suos
1210 1187 1272 1218 dis-

68 1240 179 1280 pertiri
192 1241 291 1280 possis
302 1263 311 1277 ‚
333 1248 364 1270 et
376 1240 530 1270 doctrinae
544 1241 710 1280 exquisitae
722 1240 964 1281 prudentiaeque
978 1241 1106 1282 Virgilii
1120 1252 1192 1282 pars
1204 1253 1273 1273 non

69 1294 184 1334 exigua
206 1304 240 1323 ea
263 1305 296 1324 re
322 1296 515 1326 continetur.
535 1295 654 1325 Pendet
672 1301 778 1324 autem
796 1301 862 1325 tota
878 1295 943 1324 fere
959 1306 1116 1325 annorum
1134 1297 1214 1326 ratio
1231 1307 1272 1328 ex

67 1348 124 1378 illo
141 1359 236 1378 versu
251 1348 308 1379 lib.
325 1350 340 1378 I
350 1371 359 1386 ‚
391 1349 456 1387 755
480 1359 558 1379 nam
580 1357 611 1379 te
622 1349 696 1390 jam
712 1347 848 1388 septima
857 1356 971 1388 portat
986 1349 1139 1379 Omnibus
1161 1360 1270 1380 erran-

68 1409 132 1431 tem
150 1402 239 1432 terris
255 1402 452 1446 acfluctibus
465 1409 578 1440 aescas,
595 1409 664 1432 tum
680 1413 720 1432 ex
735 1403 773 1432 iis
789 1402 914 1441 verbis,
930 1413 1002 1443 quae
1016 1414 1111 1444 supra
1128 1403 1268 1444 adscrip-

71 1456 185 1493 simus,
205 1457 252 1486 111
262 1479 271 1494 ,
289 1457 308 1486 8
319 1480 328 1495 ‚
346 1467 409 1497 quo
428 1464 571 1497 tempore
585 1458 698 1487 AEneas
715 1455 885 1487 Antandro
900 1457 1040 1487 solverit.
1055 1458 1182 1488 Scilicet

255 1555 283 1575 a.
298 1545 333 1576 C.
348 1546 388 1576 N.
808 1546 961 1575 Errorum
976 1547 1083 1575 AEneae

279 1610 292 1629 1
304 1600 365 1635 184
512 1599 607 1638 Troja
624 1605 711 1640 capta
891 1609 917 1629 a.
938 1610 952 1628 1

70 1687 124 1716 Est
139 1686 165 1715 is
180 1696 196 1715 e
209 1685 331 1727 vulgari
354 1685 561 1727 computandi
580 1685 701 1715 ratione
716 1695 732 1714 a
747 1685 794 1714 M.
812 1684 900 1714 2820
911 1706 919 1721 ‚
939 1686 972 1715 P.
988 1687 1012 1715 Ι.
1033 1685 1121 1715 3530
1132 1702 1178 1708 —
1194 1693 1265 1715 ante

66 1741 200 1780 primam
216 1740 346 1781 Olymp.
361 1751 388 1770 a.
406 1741 470 1775 408
487 1751 528 1770 ex
541 1739 698 1770 Eratosth.
723 1739 847 1770 Canon.
871 1738 943 1780 (ap.
960 1738 1094 1769 Diodor.
1113 1740 1127 1767 I
1138 1762 1146 1776 ‚
1173 1739 1212 1780 5)
1237 1747 1267 1770 et

67 1804 168 1823 annus
186 1795 251 1830 434
264 1804 326 1824 see.
343 1796 486 1824 Marmor
499 1793 656 1824 Arundel.
669 1810 716 1816 ——-
730 1792 856 1823 tandem
871 1799 942 1822 ante
956 1794 996 1823 U.
1013 1793 1048 1823 C.
1069 1803 1170 1822 annus
1187 1794 1265 1829 431.

66 1850 91 1878 F
93 1849 251 1878 irmarunt
264 1859 381 1878 annum
397 1850 458 1878 viri
475 1848 562 1878 docti
580 1848 659 1878 adeo
675 1847 804 1878 calculis
819 1848 1036 1877 astronomicis
1053 1857 1061 1877 :
1077 1847 1194 1887 quibus
1217 1849 1267 1877 vir

67 1905 193 1933 acutiss.
212 1903 323 1933 Giborc
338 1903 450 1942 adjecit
474 1913 577 1943 nuper
599 1902 731 1943 eclipsin
754 1902 900 1932 XXVIII
923 1902 1061 1941 Augusti
1083 1912 1110 1932 a.
1134 1908 1204 1932 ante
1227 1903 1264 1933 C.

73 1958 157 1987 1185
168 1980 177 1994 ‚
193 1957 336 1999 adeoque
359 1968 442 1987 anno
464 1958 521 1997 qui
537 1957 698 1987 excidium
714 1956 803 1987 urbis
819 1957 978 1996 praecessit
988 1978 996 1993 ‚
1015 1957 1129 1985 factam
1144 1966 1152 1986 :
1167 1967 1264 1997 quam

66 2012 227 2053 quaerehat
238 2014 273 2042 in
288 2013 370 2043 coelo
386 2019 458 2053 post
475 2012 666 2053 Sarpedonis
683 2018 817 2041 mortem
831 2010 1002 2040 obscurato
1015 2010 1103 2041 Iliad.
1122 2021 1147 2040 π
1158 2035 1166 2049 ,
1185 2012 1262 2050 567.

66 2070 93 2098 T
95 2068 170 2105 rojae
183 2067 344 2097 excidium
358 2067 467 2108 paullo
480 2073 551 2096 ante
563 2067 732 2096 solstitium
749 2066 893 2095 aestivum
908 2064 1055 2095 incidisse
1066 2088 1074 2103 ‚
1095 2067 1176 2096 miro
1190 2077 1265 2097 con-

66 2132 160 2152 sensu
185 2121 234 2161 (si
251 2122 435 2162 AEschylum
457 2121 618 2161 exceperis
634 2122 745 2161 Agam.
770 2120 834 2150 835
846 2142 854 2157 ‚
872 2116 952 2161 ἀμφὶ
974 2115 1136 2149 Πλειάδων
1154 2116 1238 2150 δύσιν
1251 2144 1260 2158 ,

67 2177 122 2216 qui
139 2182 329 2205 autumnum
349 2176 484 2205 innuere
502 2174 652 2216 videtur)
675 2173 772 2204 tradit
792 2180 883 2203 vetus
903 2174 1043 2210 Graecia,
1069 2183 1175 2203 meuse
1194 2175 1264 2214 qui-

68 2229 140 2260 dem
155 2228 383 2271 Thargelione‚
410 2230 467 2260 etsi
490 2230 524 2260 in
547 2229 597 2260 die
621 2239 688 2260 non
707 2230 780 2259 satis
796 2227 865 2272 *sibi
887 2233 1042 2258 constant.
1065 2238 1095 2257 v.
1118 2228 1263 2268 inprimis
