1402 2460
580 99 702 130 LIBER
726 99 768 129 11.

1214 104 1275 134 153

79 155 254 193 Protinus
271 155 318 192 ad
337 154 443 192 sedes
462 154 601 192 Priami
620 156 785 193 clamore
802 158 940 195 vocati.

131 216 203 253 Hic
219 228 311 252 vero
327 216 516 266 ingentem
533 230 699 267 pugnarn
710 247 721 265 ,
738 230 809 254 ceu
829 228 955 255 cetera
975 232 1161 270 nusquam

79 275 180 312 Bella
199 276 338 322 forent,
356 276 449 313 nulli
470 286 549 314 tota
565 287 806 315 morerentur
823 279 861 315 in
881 279 995 326 urbe;

79 336 142 373 Sic
157 338 320 373 Martem
342 336 587 384 indomitum,
606 341 835 389 Danaosque
856 340 903 376 ad
924 348 1022 378 tecta
1042 341 1184 380 ruentis
1228 354 1277 380 4⁷50

78 397 291 444 Cernimus,
310 398 581 449 obsessumque
600 409 683 437 acta
703 400 893 438 testudine
913 402 1040 439 limen.

80 458 234 495 Haerent
251 458 461 509 parietibus
482 461 590 497 scatae
602 488 611 506 ,
633 470 835 511 postesque
852 462 922 499 sub
941 463 1044 512 ipsos

77 520 261 556 Nituntur
277 520 460 570 gradibus
471 549 480 566 ‚
500 522 729 571 clypeosque
747 522 794 559 ad
811 523 885 560 tela
900 523 1061 561 sinistris

79 580 243 616 Protecti
263 580 468 630 objiciunt;
486 591 664 632 prensant
682 583 830 633 fastigia
845 582 999 620 dextris.

80 706 144 741 435
162 713 191 735 et
207 707 272 742 436
287 707 422 746 Quintil.
435 709 511 738 Inst.
528 710 575 739 lx
586 731 594 745 ‚
611 709 628 738 3
643 731 652 745 ‚

80 754 120 784 35
136 752 241 783 laudat
256 776 264 790 ‚
283 759 318 782 ut
333 754 517 794 exemplum
535 765 651 796 regres-

75 800 184 832 sionis.

125 845 320 883 438-558.
346 846 496 886 Sequitur
512 848 650 888 narratio

75 893 114 924 de
126 901 232 934 pugna
244 891 279 921 in
292 893 443 933 Pergamo
457 893 595 933 acropoli
610 893 650 923 ad

75 939 191 972 Priami
206 937 337 968 domum
349 938 428 969 faeta
439 962 447 976 ‚
467 939 581 969 domus
594 951 649 970 ex-

75 986 270 1028 pugnatione
286 991 317 1014 et
332 986 448 1015 Priami
466 986 560 1016 caede.
584 987 649 1017 Ceu

77 1033 169 1063 nulla
185 1031 277 1071 prius
300 1031 465 1070 lamenta,
504 1044 562 1062 nec
586 1033 652 1063 aeri

76 1081 270 1110 Manassenc
305 1077 419 1109 imbres
449 1081 566 1111 Statius
600 1081 649 1109 111

75 1126 177 1165 Theb.
192 1134 254 1156 122
266 1148 274 1162 ,
289 1133 439 1156 mouente
453 1127 648 1157 Burmanno.

127 1180 204 1210 441.
233 1171 312 1201 Alta
335 1173 511 1214 Hamburg.
525 1184 574 1213 pr.
597 1174 649 1203 Bi-

77 1228 142 1262 got.
162 1227 193 1250 et
205 1217 329 1249 Zulich.
345 1219 488 1250 Parrhas,
504 1221 538 1249 in
552 1230 648 1262 marg.

75 1269 243 1307 scripserat
261 1274 333 1296 atra
348 1266 396 1306 (f
414 1276 473 1306 pro
492 1274 584 1303 arta,
614 1273 651 1296 ut

74 1314 109 1343 in
124 1313 202 1345 Silio
225 1322 302 1343 mox
315 1312 476 1343 laudando
498 1312 651 1342 nonnulli

73 1358 228 1401 legunt),
242 1369 428 1400 perperam;
444 1359 498 1389 sed
513 1366 558 1396 et,
576 1367 651 1389 atra

75 1407 290 1447 superscripto
301 1429 309 1443 ‚
327 1413 401 1435 acta
419 1406 528 1447 fragm.
543 1407 648 1437 Vatic.

78 1453 214 1482 Testudo
222 1454 349 1493 proprie
357 1452 546 1493 agidieitur‚
555 1454 650 1482 etiam

76 1508 151 1529 cum
165 1506 331 1530 scutorum
346 1506 402 1529 est.
415 1499 532 1529 Eadem
549 1501 649 1529 varie-

75 1551 121 1575 tas
137 1556 186 1586 ap.
203 1545 316 1577 Silium
330 1547 344 1575 Ι
355 1568 364 1583 ,
389 1546 454 1576 365
479 1546 650 1576 condensis

75 1599 158 1621 actoe
179 1591 345 1622 testudinis
369 1592 477 1622 armis.
493 1610 540 1616 —-
552 1593 649 1622 Haud

75 1637 166 1667 facile
185 1645 230 1667 est
251 1639 388 1677 speciem
406 1639 550 1669 locorum
572 1649 649 1668 asse—

75 1684 149 1724 qui,
176 1683 301 1724 qualem
322 1692 449 1724 poetam
473 1685 558 1726 apud
580 1687 647 1715 am·-

74 1740 163 1759 mum
179 1740 273 1760 snum
293 1729 434 1760 finxerit.
454 1733 532 1761 Puta
547 1731 586 1760 ad
601 1733 646 1772 ip-

73 1786 144 1805 sum
162 1776 279 1806 aedium
299 1777 414 1806 Priami
435 1776 555 1807 aditum
573 1778 648 1807 fuis-

73 1833 116 1859 se,
131 1834 148 1853 e
162 1833 249 1853 more
264 1829 419 1859 veterum,
435 1823 543 1852 turrim
555 1823 647 1853 eduo-

73 1875 135 1898 tam
147 1892 155 1906 ,
173 1880 268 1910 quam
289 1869 354 1905 460
370 1871 513 1899 nominat
525 1893 532 1906 ‚
549 1871 646 1910 inque

71 1925 106 1945 ea
115 1915 218 1956 ipsam
231 1922 355 1956 portam
365 1939 374 1951 ‚
394 1927 456 1956 qua
473 1918 648 1946 intraretur

72 1961 206 1999 domus3
223 1963 318 1992 turris
336 1962 404 1991 haec
419 1970 644 2004 oppugnatur,

71 2015 103 2038 et
119 2018 136 2038 a
150 2009 295 2046 Trojanis
313 2008 450 2049 desuper
464 2020 645 2051 propugna-

71 2060 135 2085 tur.
162 2055 297 2085 Aditum
327 2056 463 2096 appellat
485 2067 573 2086 nunc
606 2056 644 2086 li—

73 2110 155 2132 men.
184 2103 269 2131 Acta
293 2102 452 2132 testudine
478 2109 643 2133 scutorum

71 2145 157 2177 haud
171 2147 286 2186 dubie;
307 2152 508 2192 συνασπισμῷ
524 2159 532 2180 :
549 2150 643 2179 nimis

71 2194 157 2224 enim
180 2194 288 2225 alienae
311 2195 417 2226 forent
432 2196 471 2225 ab
485 2196 538 2226 illa
553 2203 643 2227 aetate

71 2240 224 2272 machinae
239 2241 369 2273 bellicae.
386 2243 579 2274 Praeiverant
591 2253 642 2273 an-

704 708 858 748 tiquiores
870 714 975 747 poetae
989 708 1112 746 Graeci,
1138 716 1175 739 ut
1191 710 1279 739 colli-

703 764 756 794 gas
770 765 811 784 ex
824 755 947 794 Quinto
961 755 1027 785 Cal.
1041 756 1089 785 XI
1100 777 1108 792 ,
1128 755 1189 793 357
1208 767 1276 797 sqq.

703 800 761 830 ubi
795 800 890 830 simili
920 801 1018 831 modo
1051 809 1279 843 oppugnantur

702 848 818 877 moenia
840 848 944 885 Trojae
969 847 1073 888 (conf.
1090 858 1167 878 mox
1191 850 1255 885 443
1269 872 1277 886 ‚

705 892 804 935 444).
828 895 911 924 Mox
937 893 1077 931 lzaerem,
1105 895 1140 924 in
1164 905 1276 936 prosa,

703 939 838 970 admotae
850 947 936 971 sunt.

751 992 829 1022 442.
845 989 1016 1028 Poscesque
1039 987 1095 1017 sub
1117 986 1201 1028 ipsos
1221 987 1278 1018 Ni-

702 1040 814 1063 twmcr
821 1033 984 1074 gradibus.
1001 1034 1082 1064 Cum
1097 1034 1196 1065 scalae
1211 1045 1278 1065 me-

702 1087 832 1110 moratae
847 1081 910 1109 siut
921 1103 929 1118 ,
944 1081 1067 1122 gradus
1087 1081 1143 1110 vix
1161 1081 1216 1111 alii
1233 1093 1278 1111 es-

703 1137 735 1156 se
757 1133 891 1167 possunt
909 1137 1005 1167 quam
1020 1127 1191 1165 scalarum3
1220 1139 1278 1168 per

703 1183 784 1213 quos
801 1173 951 1209 nituntur,
971 1175 1156 1211 enituntur,
1168 1182 1279 1214 posces

703 1218 758 1248 sub
772 1219 874 1259 ipsos,
893 1220 1087 1260 §Impliciter‚
1100 1220 1136 1249 in
1154 1219 1278 1250 foribus

704 1265 830 1296 aedium.
855 1266 1000 1307 Fastigia
1018 1277 1078 1307 pro
1095 1266 1166 1306 ipso
1193 1273 1279 1297 tecto

703 1311 786 1342 dicta
803 1322 867 1342 esse
881 1320 1017 1353 possunt
1029 1335 1037 1349 ‚
1063 1319 1118 1342 aut
1137 1323 1197 1353 pro
1213 1320 1279 1343 tur-

702 1360 746 1388 ris
761 1369 884 1388 summa
898 1365 997 1399 parte.
1013 1361 1060 1388 Ita
1083 1356 1226 1396 ἐπάλξεις
1241 1367 1279 1389 ut

702 1416 887 1442 murorum,
921 1406 966 1434 sic
989 1406 1127 1435 turrium
1137 1428 1146 1443 ‚
1180 1412 1277 1444 sunt;

703 1452 823 1492 alioqui
835 1458 924 1481 erant
929 1451 1068 1493 fastigia
1077 1475 1087 1488 ,
1103 1453 1138 1481 in
1152 1452 1277 1493 templis

702 1504 734 1528 et
753 1498 876 1528 Palatiis
890 1499 925 1527 in
946 1498 1050 1528 fronte
1067 1498 1193 1528 aedium.
1208 1501 1276 1528 Vo-

701 1544 763 1573 luit
775 1551 868 1584 poeta
882 1544 1045 1574 cumulare
1058 1555 1124 1575 uno
1145 1545 1180 1574 in
1201 1545 1276 1575 loeo

700 1590 808 1630 plures
829 1601 946 1632 puguae
959 1592 1090 1632 species,
1115 1591 1280 1632 Objiciunc

700 1636 836 1666 sinistris
852 1637 969 1677 clipeos
982 1637 1030 1667 ad
1042 1637 1108 1667 tela
1117 1638 1273 1678 protecti,

700 1690 738 1712 ut
765 1683 913 1713 adversus
937 1684 998 1713 tela
1022 1695 1158 1724 superne
1182 1685 1276 1714 missa

700 1736 904 1769 protegerent
925 1741 1025 1761 se.-—
1037 1731 1116 1766 443.
1142 1732 1192 1759 Ac
1210 1730 1275 1760 tela

698 1775 787 1805 Med.
808 1775 894 1806 Gnd.
914 1786 989 1806 cum
1007 1777 1074 1806 aliis
1098 1786 1147 1816 ap.
1164 1777 1274 1807 Heius.

699 1828 731 1850 et
745 1822 846 1858 Pier.;
861 1822 895 1851 it.
914 1822 1012 1853 Goth.
1023 1834 1088 1863 pr.‚
1104 1821 1190 1862 quod
1206 1833 1276 1863 pra-

700 1878 776 1897 vum
793 1873 849 1897 est.
867 1869 968 1898 Etiam
988 1869 1024 1898 iu
1043 1870 1201 1899 Servianis
1219 1880 1273 1899 oc-

700 1914 801 1944 currit
830 1924 903 1944 cum
925 1915 1020 1945 altera
1043 1915 1190 1946 lectione.
1219 1916 1278 1946 Ad

700 1968 784 1990 tecta
800 1961 950 1991 nonnulli
962 1963 1055 2000 Pier.‚
1070 1972 1144 1991 cum
1159 1962 1270 2003 fragm.

699 2009 801 2039 Vatic.
835 2009 1050 2050 superscripto
1077 2016 1170 2040 tecta.
1204 2011 1272 2050 Que

699 2054 786 2084 abest
798 2060 871 2095 post
885 2054 1002 2095 clipeos
1015 2057 1050 2085 in
1063 2061 1135 2086 tert.
1151 2057 1270 2086 Moret.

701 2100 879 2142 Clipeisque
896 2104 1019 2144 Hagen.
1032 2113 1041 2140 ;
1054 2101 1140 2132 unde
1158 2104 1268 2133 Heius.

697 2149 781 2187 conj.
797 2148 969 2189 clipeisque
984 2149 1032 2179 ad
1045 2149 1110 2179 cela
1123 2148 1271 2178 sinistras

695 2198 733 2226 P.
758 2206 786 2225 ο.
801 2213 848 2218 —-
865 2201 942 2232 444.
958 2199 1113 2226 Pressant
1126 2195 1192 2226 duo
1203 2219 1211 2233 ,
1237 2203 1269 2225 et

688 2249 834 2284 pensant
846 2242 924 2273 alter
935 2244 1062 2285 Menag.
1075 2266 1083 2282 ,
1103 2243 1195 2274 solita
1214 2241 1269 2271 ab·
