1433 2460
110 81 154 119 95
617 79 809 109 marinos

111 142 185 174 Aut
203 151 317 186 snper
337 136 515 180 Idalium,
535 145 678 173 sacrata
696 137 784 173 sede
806 134 1009 172 rvoondam
1028 150 1036 171 :

110 200 167 234 No
189 210 263 245 qna
281 196 376 231 scire
393 195 518 240 dolos,
537 196 731 233 mediusve
752 210 953 232 occurrero
970 195 1103 245 possit3

110 259 167 293 Tu
186 257 315 292 taciem
335 255 449 302 illins,
470 265 618 294 noctem
636 270 710 295 non
735 258 894 308 amplius
915 270 1047 302 unam,

112 319 211 355 Falto
234 317 340 362 dolo‚
360 326 395 354 vt
413 326 521 356 notos
539 320 647 368 pin-ri
668 333 761 369 pun-r
779 320 892 356 induc
914 320 1039 355 vultus
1057 334 1064 354 :

111 380 180 422 tr,
202 390 318 425 quum
336 386 370 414 te
386 378 529 426 gremio
545 379 709 428 adcipict
724 380 913 416 laetissima
930 378 1050 424 Dido,

1264 385 1313 410 685

111 437 258 486 Rvgalis
279 437 375 474 inter
392 451 536 474 nwnsas
554 438 779 487 laticemque
798 442 972 487 Lyaenm,

111 502 238 543 Quum
258 497 362 534 dabit
382 499 576 547 amplexus
594 507 707 548 atque
725 499 852 535 oscula
871 498 994 534 dulcia
1010 499 1115 548 figet,

111 557 311 593 Occultum
334 558 493 607 inspires
514 558 657 607 ignem,
681 558 860 607 fallasque
878 570 1035 593 veneno.
1055 573 1070 590 υ

163 620 272 654 Paret
290 621 408 654 Amor
425 619 534 654 dictis*
550 632 646 655 carae
667 618 877 668 genitricis,
896 626 932 654 ct
955 618 1031 654 alas

113 678 244 724 Exuit,
266 687 302 714 ct
319 692 447 728 gressu
464 678 630 728 gaudens
648 679 787 715 incedit
803 679 887 714 Iuli.

113 742 161 775 At
181 741 307 775 Venus
324 739 486 775 Ascanio
506 739 690 789 placidam
713 753 781 790 per
802 738 972 776 membra
991 738 1159 788 quietem

114 872 325 898 memoratur:
352 872 383 895 ct
402 872 473 895 anto
495 877 524 896 v.
543 867 579 895 51
600 873 665 895 orat
681 875 688 895 ζ

115 913 174 940 Est
186 911 345 941 Amathus
354 935 364 948 ,
383 920 429 942 est
442 913 527 941 celsa
539 912 618 941 mihi
632 915 691 941 Ρα-

110 957 192 997 phos
208 966 304 999 atque
330 958 464 997 Cythera
478 982 485 995 ,
514 958 691 999 Idalioeque

114 1004 236 1035 domus.
269 1006 320 1035 Sic
339 1003 452 1049 Γίλγοι
482 1003 536 1035 καὶ
569 999 690 1035 issam

117 1061 166 1091 ap.
181 1051 300 1082 Theoc.
316 1054 387 1088 XV,
409 1061 481 1081 101.
497 1053 571 1080 Erat
586 1059 690 1081 autem

116 1097 271 1137 templum
290 1099 323 1126 in
346 1105 455 1127 monte
477 1099 628 1138 positum.
649 1098 689 1128 cf.

115 1144 218 1175 strab.
235 1145 313 1174 xvl
326 1167 334 1181 ,
350 1155 381 1184 p.
402 1155 484 1174 1001
505 1155 532 1175 c.
549 1154 622 1173 cum
637 1155 692 1174 no-

117 1198 146 1219 ta
175 1190 309 1221 Casaub.
336 1190 471 1231 (urbem
494 1197 525 1220 et
550 1198 690 1220 montem

116 1237 257 1278 intellige
281 1247 331 1277 ap.
354 1238 445 1267 Bion.
467 1237 561 1277 Idyll.
585 1248 617 1273 Ι,
636 1238 690 1274 36,

120 1285 173 1321 37,
208 1290 246 1312 ut
277 1283 424 1323 expedias
456 1285 643 1324 interpretes
667 1284 690 1325 ).

117 1329 178 1359 Sed
190 1330 362 1370 superalca
380 1330 534 1369 Cythera,
550 1341 626 1371 pro,
643 1341 692 1360 su-

117 1387 174 1416 per
190 1375 337 1417 Cytheris
360 1376 420 1417 (ut
435 1378 449 1406 1
460 1400 468 1414 ,
494 1377 558 1416 295
577 1377 691 1407 sedens

115 1433 311 1464 super-arma
322 1422 345 1461 ),
361 1430 407 1453 est
422 1435 480 1464 pro
497 1423 529 1452 in
540 1434 550 1453 .·
565 1431 599 1453 ut
613 1422 689 1467 ὑπὲρ

116 1469 212 1499 simili
248 1469 345 1500 modo
382 1469 503 1500 dictum
539 1472 690 1501 occurrit.

118 1517 186 1547 Nisi
201 1515 290 1545 malis
306 1517 345 1546 ad
365 1524 488 1546 motum
505 1517 638 1553 referre,
658 1525 694 1547 ut

117 1562 211 1592 lateat
226 1564 317 1592 notio
336 1565 389 1593 τοῦ
407 1563 576 1593 abductum
598 1574 693 1604 super

119 1609 256 1650 Cythera
267 1616 297 1639 et
309 1610 454 1641 Idalium.
468 1612 604 1640 Sacrata
619 1610 693 1640 sede

120 1655 149 1685 ἐν
164 1653 294 1698 τεμένει,
306 1664 341 1686 ut
355 1656 549 1686 Erechtheus
565 1656 691 1686 abditus

119 1709 184 1732 crat
205 1704 240 1732 in
253 1704 408 1733 Minervae
425 1705 558 1733 sacrario
573 1703 634 1744 (Il.
651 1702 670 1741 β
681 1726 689 1740 ,

121 1748 210 1790 549)
236 1757 292 1779 aut
314 1749 477 1780 Phaethon
501 1751 535 1779 in
558 1751 692 1780 Veneris

119 1796 239 1836 templo
254 1806 303 1836 ap.
323 1797 454 1826 Hesiod.
474 1796 594 1838 Theog.
612 1807 691 1836 990.

120 1860 166 1865 —-
187 1843 265 1872 681.
291 1843 432 1872 Idaliam
457 1844 558 1884 Bigot.
579 1854 639 1873 sec.
663 1850 694 1872 et

120 1889 272 1919 Rottend.
299 1896 390 1926 tert.,
413 1890 534 1920 scilicet
557 1896 594 1919 ut
617 1900 693 1920 con-

122 1936 243 1965 veniret
268 1946 340 1965 cum
365 1947 395 1966 v.
422 1937 486 1975 693
513 1935 630 1966 Idaliae
652 1936 695 1966 lu-

122 1992 196 2017 cos,·
214 1982 323 2011 Idalia
341 1983 438 2013 Goth.
456 1983 543 2013 alter.
565 1984 696 2013 Secreta

123 2027 208 2057 Leid.
221 2035 251 2057 et
268 2040 317 2069 pr.
334 2029 509 2071 Hamburg.
527 2031 695 2069 Reponam

123 2075 227 2113 Sprot.
242 2086 259 2103 a
275 2086 316 2105 m.
327 2087 375 2115 pr.
391 2094 438 2099 —-
451 2077 529 2106 682.
547 2077 598 2106 Ne
612 2087 691 2116 qua,

124 2120 246 2149 ratione
265 2131 299 2150 ac
316 2123 385 2158 via3
403 2122 481 2152 scire
503 2132 563 2164 pro
580 2123 695 2152 rescire

125 2165 258 2196 dictum.
286 2168 410 2198 Illedius
441 2179 620 2205 occurrere,
660 2170 695 2198 in

125 2212 230 2242 medio
248 2215 374 2254 negotio
386 2238 394 2252 ,
423 2226 492 2255 sup.
522 2216 585 2251 348
613 2216 696 2256 Quos

743 865 829 895 iuter
851 864 974 894 medius
999 864 1094 893 ‘venit
1107 863 1214 905 furor.
1237 863 1269 894 h.
1296 864 1317 894 l.

745 912 784 941 de
798 923 834 940 ου
852 913 906 951 qui
929 911 1194 951 impedimentum
1215 910 1317 941 affert.

743 976 789 981 —-
805 960 883 988 (583.
901 957 1028 988 Faciem
1037 957 1127 999 falle
1138 980 1146 994 ‚
1165 957 1298 987 mentire
1309 979 1318 995 ,

743 1005 867 1041 simula,
883 1005 987 1033 falsam
999 1004 1125 1034 exhibe.
1142 1003 1225 1034 conf.
1238 1004 1318 1033 Ger-

745 1062 827 1081 man.
851 1051 961 1081 Facies
977 1062 1036 1091 pro
1054 1058 1121 1080 toto
1141 1061 1274 1090 corpore
1288 1056 1319 1079 et

744 1097 867 1128 habitu.
893 1109 924 1127 v.
941 1097 973 1127 h.
992 1097 1012 1127 l.
1033 1099 1206 1127 Burmann.
1231 1096 1316 1127 conf.

745 1155 775 1174 v.
794 1144 872 1174 (558.
898 1145 1000 1173 Notos
1018 1144 1145 1180 vulcus,
1174 1154 1214 1173 ex
1229 1154 1317 1173 more

744 1197 910 1231 poetarum
922 1213 930 1227 ‚
966 1190 1005 1220 de
1034 1189 1128 1220 vultu
1162 1190 1319 1230 cujusque

745 1248 821 1274 suo,
851 1247 885 1266 ac
910 1238 1054 1277 proprio.
1070 1254 1116 1260 —-
1130 1236 1210 1266 686.
1232 1235 1320 1266 Lati-

744 1294 813 1313 cem
837 1285 967 1322 Lyoeum
989 1294 1048 1323 pro
1072 1283 1219 1324 vulgari:
1235 1282 1319 1319 latez:

745 1330 841 1371 Lyaei.
865 1329 926 1360 Sed
948 1337 1114 1370 poetarum
1136 1339 1240 1366 more,
1260 1339 1320 1369 pro

744 1376 886 1406 derivato
902 1376 1069 1415 adjectivo,
1087 1376 1178 1406 latex
1195 1377 1320 1414 Lyceus,

745 1423 831 1465 quod
847 1424 953 1464 ipsum
966 1424 1020 1453 vix
1037 1433 1114 1453 usus
1131 1422 1245 1460 ferret,
1261 1432 1319 1462 po-

746 1471 844 1500 nitur.
869 1487 916 1492 --
937 1470 1016 1501 688.
1045 1469 1186 1510 Inspires
1209 1467 1319 1510 ignem

747 1528 855 1547 nonne
868 1516 976 1557 paullo
986 1516 1097 1546 durius
1106 1516 1170 1545 hoc
1179 1516 1193 1545 Ρ
1205 1522 1237 1545 et
1247 1516 1322 1554 jun-

746 1565 831 1605 gitur
849 1565 943 1593 etiam
957 1574 1039 1593 nova
1056 1564 1104 1593 rei
1118 1563 1222 1604 imago
1238 1561 1323 1603 :fal-

747 1611 858 1651 Iusque
885 1620 1034 1647 veneno,
1056 1609 1089 1640 h.
1112 1620 1139 1639 e.
1165 1619 1222 1649 per
1236 1608 1321 1638 frau-

746 1657 818 1686 dem
834 1667 993 1686 venenum
1006 1657 1035 1686 ei
1049 1655 1192 1686 instilles.
1223 1654 1322 1695 Quod

745 1710 850 1733 autem
865 1703 927 1733 hoc
940 1704 984 1732 ita
999 1702 1135 1733 adstruit
1148 1708 1242 1742 poeta
1253 1723 1262 1738 ,
1283 1708 1321 1731 ut

744 1750 905 1780 Didonem
920 1750 1004 1779 inter
1020 1749 1162 1779 convivii
1179 1747 1320 1778 hilarita-

746 1803 809 1826 tem
820 1819 829 1832 ‚
843 1806 915 1836 quae
931 1797 1073 1826 animum
1086 1795 1206 1825 relaxat
1215 1816 1225 1832 ‚
1238 1804 1322 1824 amo-

747 1854 780 1872 re
803 1843 978 1872 inflammet
988 1865 996 1881 ‚
1023 1849 1146 1872 naturae
1173 1842 1321 1872 humanae

747 1890 974 1920 convenienter
987 1889 1250 1919 comminiscitur.

795 1937 990 1977 690—-694,
1009 1935 1163 1965 Gaudens
1179 1934 1319 1964 suaviter

748 1983 907 2021 adjectum
924 1990 960 2013 ut
978 1982 1070 2020 alias;
1093 1981 1184 2011 laetus
1203 1987 1317 2020 paret,

747 2029 781 2059 h.
799 2040 826 2059 e.
847 2029 982 2067 lubens,
1004 2034 1035 2057 et
1049 2038 1127 2057 mox
1147 2027 1214 2068 696
1238 2027 1318 2056 duce

748 2074 840 2105 Ioecus
853 2074 1178 2114 Achate,—quietem
1193 2073 1316 2115 irrigat,

748 2128 784 2150 ut
803 2131 946 2151 somnum
964 2120 1153 2162 infundere,
1175 2128 1225 2159 et,
1248 2119 1319 2149 vul-

747 2169 866 2209 gatiore
881 2168 1002 2198 ratione
1012 2190 1021 2205 ‚
1031 2166 1227 2207 perfimdere
1242 2175 1322 2196 som-

751 2225 793 2244 no
802 2237 811 2251 ‚
832 2214 965 2256 irrigare
979 2214 1120 2244 membra
1129 2213 1235 2255 quiete
1243 2235 1253 2252 ,
1269 2211 1323 2242 ha·
