1433 2460
567 115 689 146 LIBER
713 116 740 144 Ῑ.
1215 124 1256 157 49

60 174 212 224 Adcipit
231 172 270 210 in
289 174 456 210 Teucros
474 171 641 208 animum
657 180 896 221 mentemque
912 170 1124 224 benignam.

111 239 160 272 At
181 235 264 284 pius
282 236 437 280 AEneas,
454 246 523 284 per
536 242 687 270 noctem
703 233 868 282 plurima
883 235 1056 282 volvens,
1206 245 1253 269 305

60 296 111 331 Ut
127 294 292 343 primum
312 294 378 331 lux
398 294 495 330 alma
514 293 602 330 data
618 302 690 338 est,
708 293 830 338 exire,
846 293 1026 344 locosque

58 354 266 404 Explorare
282 367 421 402 novos;
438 367 531 405 quas
546 363 662 391 vento
679 353 881 391 adcesserit
901 366 1004 400 oras,

58 415 133 461 Qui
151 424 319 461 teneant,
335 428 422 452 nam
442 415 583 452 inculta
601 414 722 461 videt,
742 414 962 452 hominesne
980 416 1132 462 feraene,

56 478 237 522 Quaerere
255 476 465 524 constituit,
483 476 670 525 sociisque
688 485 820 512 exacta
838 476 991 512 referre.

54 536 218 574 Classem
234 538 272 574 in
293 549 465 575 convexo
482 548 698 581 nemorum,
715 535 786 573 sub
806 548 901 586 rupe
921 544 1071 582 cavata,

1204 546 1252 570 31⁰

55 596 270 636 Arboribus
291 598 455 635 clausam
476 597 619 633 circum
640 606 753 646 atque
769 596 1014 634 horrentibus
1030 596 1176 635 umbris

55 658 223 705 Occulit3
241 658 322 708 ipse
338 670 414 694 uno
433 657 606 708 graditur
622 657 822 693 comitatus
837 656 1001 703 Achate,

53 717 146 754 Bina
165 730 276 754 manu
293 718 369 754 lato
389 716 556 766 crispans
574 715 724 752 hastilia
744 715 855 751 ferro.

52 778 122 813 Cui
139 788 258 816 mater
273 777 398 814 media
413 789 493 814 sese
513 775 598 812 tulit
614 775 729 812 obvia
744 775 855 820 silva,

52 917 154 942 mum,
183 906 310 944 ἕκῃλω,
340 907 362 937 l.
396 906 542 943 εὔκηλον,
565 917 624 947 pro

51 953 222 994 placidum,
237 954 424 995 propitium,
441 954 560 997 εὐμενῆ.
576 955 625 983 In-

50 1001 177 1041 geniose
203 1007 309 1030 autem
331 1000 393 1031 hoc
418 1000 457 1031 ad
475 1000 628 1031 Mercurii

49 1056 177 1086 operam
187 1046 336 1084 refertur,
345 1057 419 1077 cum
428 1048 481 1078 ille
494 1049 534 1077 sit
546 1047 624 1077 deus

50 1094 335 1130 commerciorum,
358 1094 570 1134 persuasionis
593 1100 624 1123 et

49 1138 246 1169 humanioris
285 1140 401 1170 cultus.
435 1141 479 1170 Ut
507 1141 620 1170 Horat.

49 1184 204 1226 quifhros
216 1186 316 1215 cultus
333 1184 498 1215 hominum
516 1197 622 1216 recen-

50 1238 115 1260 tum
132 1234 216 1261 Voce
224 1231 386 1273 formasti.

98 1279 217 1308 305—
227 1279 304 1309 308.
320 1280 451 1309 Paratur
464 1289 553 1308 nunc
566 1281 619 1309 ΑΞ-

49 1334 116 1354 neae
148 1324 188 1354 ad
212 1324 431 1366 Carthaginem
457 1335 619 1362 accessus3

49 1372 103 1401 cui
121 1377 152 1401 et
172 1371 233 1412 ipsi
247 1378 348 1401 mater
361 1374 468 1402 AEneae
485 1373 621 1402 interve-

47 1419 106 1448 m't.
119 1419 185 1447 Per
191 1425 316 1448 noctem
321 1417 464 1467 plut-rma
474 1418 617 1455 volvens,

49 1463 104 1494 οὐκ
116 1454 414 1506 Ατρείὸῃν--Υπν
400 1475 453 1500 τες
441 1463 493 1505 ἕ7ε
509 1468 620 1508 ‘pum-

48 1508 116 1552 ρός,
148 1521 186 1540 π
176 1508 252 1542 αλλὰ
291 1508 394 1555 φρεσὶν
432 1510 464 1541 o':
468 1509 526 1554 μαί
528 1522 559 1541 «η
562 1522 619 1542 ν-οι

47 1557 136 1587 Iliad.
151 1564 225 1595 ’‘‚4-
242 1559 315 1588 Lux
331 1558 440 1595 alma,
459 1565 556 1599 grata,
567 1569 618 1598 Ju

46 1603 161 1634 cunda.
177 1606 221 1635 Ut
239 1605 335 1635 semel
356 1615 557 1643 moneamus,
571 1606 620 1635 al-

48 1660 117 1678 mus
145 1653 295 1681 convenit
324 1651 387 1681 fere
410 1662 485 1681 cum
508 1659 618 1682 nostro

46 1695 252 1738 wonzahg,
267 1708 333 1737 quo
348 1705 450 1738 poetae
468 1705 616 1730 utuntur.

46 1742 180 1773 —306.
202 1743 283 1772 Alta
308 1754 370 1774 sec.
392 1745 509 1775 Moret.
531 1745 618 1775 Alba

45 1795 145 1818 tentat
157 1788 281 1819 WVakef.
296 1789 371 1820 Silv.
389 1791 460 1821 crit.
478 1801 510 1830 p.
528 1793 569 1828 V,
585 1802 617 1831 p.

46 1834 109 1871 803
132 1842 259 1867 temere.
284 1837 446 1876 Locosque
472 1837 621 1876 Quaerere

43 1881 223 1918 constituit,
237 1893 315 1923 quos
328 1890 430 1912 vento
443 1893 474 1913 α.
489 1884 616 1912 ——Ex-

37 1928 171 1968 plorare
187 1930 321 1982 ‘Menag
350 1940 399 1970 pr.
424 1931 474 1960 Ex
499 1929 618 1970 quibus

41 1974 96 2004 illa
110 1976 211 2015 possis
229 1982 357 2006 tenere:
374 1978 534 2016 Locosque
546 1977 617 2005 Ex-

0 2051 1 2055 ,
37 2021 171 2061 plorare
183 2032 290 2059 novos,
304 2033 382 2063 qnos
396 2029 496 2052 vento
510 2033 618 2052 acces-

0 2064 1 2108 ἢ
42 2075 139 2104 ser1e;
155 2078 229 2098 oras
253 2069 317 2109 Qui
339 2076 489 2105 teneant,
505 2068 616 2098 —bo-

42 2114 186 2145 minesne
194 2114 331 2156 feroene.
345 2133 394 2140 --·
404 2117 481 2154 307.
498 2115 618 2157 Explo-

43 2167 110 2198 rat‚
134 2160 204 2191 loca
231 2173 331 2200 nova,
345 2170 377 2192 et
400 2163 561 2203 explorat,
580 2162 620 2192 ad

42 2217 121 2248 quas
136 2217 206 2237 oras
221 2210 395 2247 accesserit,
404 2210 492 2239 venti
507 2211 550 2247 vi,
564 2220 620 2240 seu

44 2260 244 2295 tempestate,
261 2256 411 2297 appulsus
429 2274 474 2280 -—
489 2264 619 2293 exacta,

171 2320 220 2356 Π.

679 916 750 946 quae
791 906 986 947 explorasset
1002 930 1010 944 ‚
1036 909 1250 948 comperisset,

677 952 805 993 referre.
816 970 863 975 —-
873 953 949 984 308.
968 953 1064 984 Color
1079 953 1196 984 ductus
1211 966 1251 984 ex

678 998 792 1040 Odyss.
809 997 843 1038 ζ,
859 1010 872 1029 1
884 1010 922 1040 19
944 1011 1030 1041 sqq.‚
1046 1001 1104 1031 ubi
1121 1001 1251 1042 Ulysses

677 1046 712 1075 in
723 1046 888 1076 Phaeacum
898 1048 1001 1077 insula
1011 1048 1251 1088 expergiscitun

678 1099 708 1121 et
722 1092 824 1122 multo
837 1094 933 1134 magis
948 1104 989 1123 ex
1003 1093 1118 1134 Odyss.
1134 1104 1170 1130 κ,
1186 1099 1250 1130 144

675 1148 755 1178 sqq„
765 1139 822 1168 ubi
831 1139 959 1180 L‘lysses
973 1139 1012 1169 ad
1022 1142 1151 1170 AEanam
1164 1141 1251 1170 insu·

674 1183 738 1213 lam
753 1184 892 1225 appellit.

723 1232 740 1260 3
750 1241 761 1260 1
769 1241 800 1261 o.
812 1231 949 1261 Classem
959 1232 1100 1262 occultat
1108 1232 1168 1262 snb
1178 1243 1250 1262 con-

673 1287 752 1307 vexa
762 1287 841 1317 rupe
853 1277 1040 1307 nemoribus
1050 1279 1171 1308 consita
1186 1279 1247 1309 162

673 1340 720 1346 ——
739 1335 750 1353 1
759 1324 813 1356 65.
826 1324 1032 1354 Hor-rentibus
1051 1324 1168 1354 umbris
1176 1337 1189 1361 ,·
1202 1335 1249 1355 ar-

673 1369 818 1402 boribus,
834 1370 899 1401 vid.
915 1370 954 1400 ad
965 1373 1015 1408 X,
1034 1372 1097 1410 237
1110 1377 1142 1401 et
1155 1382 1250 1412 supra

673 1427 808 1457 prooem.
827 1423 858 1453 4.
870 1420 885 1448 Ι
897 1440 906 1455 ,
929 1417 1128 1449 165.—312
1141 1439 1150 1455 ‚
1170 1420 1247 1450 313.

677 1463 844 1505 Crispans,
868 1465 1058 1504 exquisitius
1081 1475 1178 1506 quam
1202 1467 1248 1495 vi-

673 1509 768 1541 brans
779 1535 787 1549 ‚
806 1511 936 1542 habens.
954 1511 1156 1552 Crispantur,
1176 1522 1249 1553 quae

672 1557 893 1596 incurvantur,
909 1557 1137 1596 inflectuntur3
1152 1566 1199 1589 est
1213 1557 1246 1589 τὸ

671 1603 859 1635 evaeo-ersom
883 1605 922 1634 de
943 1604 1040 1635 hastis
1063 1606 1101 1636 11.
1121 1617 1148 1643 ν,
1171 1606 1246 1642 ῐ34.

671 1651 765 1681 Binas
779 1651 882 1681 hastas
894 1661 1012 1694 gerere,
1030 1663 1099 1683 mos
1114 1652 1179 1683 fere
1191 1651 1247 1682 he—

670 1707 764 1727 roum
781 1709 854 1728 cum
871 1697 957 1740 apud
971 1705 1096 1739 poetas,
1113 1698 1153 1729 cf.
1170 1700 1246 1736 XII,

676 1744 751 1781 165,
766 1751 833 1775 tum
848 1745 934 1786 apud
948 1743 1094 1775 artifices.
1110 1747 1173 1775 Res
1190 1753 1246 1774 va-

671 1800 712 1819 na
727 1798 826 1828 esset,
843 1790 987 1831 exempla
1002 1801 1183 1832 congerere.
1198 1793 1246 1820 A·

671 1835 781 1865 chates
795 1840 901 1867 AEneae
916 1847 1021 1866 comes
1034 1837 1136 1874 datus,
1146 1843 1182 1866 ut
1194 1846 1244 1877 ap.

673 1883 849 1912 Homerum
863 1881 1047 1926 θεράποντες
1060 1883 1195 1913 heroum
1215 1889 1248 1914 et

670 1927 797 1971 ἑταῖροι·
813 1930 978 1960 Idomenei
991 1931 1162 1967 Meriones,
1170 1930 1246 1960 Dio-

670 1975 770 2006 medjs
784 1976 968 2013 Sthenelus,
985 1975 1120 2007 Achffljs
1135 1978 1244 2007 Patro-

670 2022 749 2052 clus.

720 2069 737 2098 3
746 2079 759 2098 1
767 2075 797 2104 4.
818 2070 892 2098 Sese
904 2067 1019 2099 obtulit
1027 2079 1144 2100 novem
1158 2068 1245 2110 apud

671 2116 845 2146 Burmann.
856 2115 944 2156 quod
960 2122 1044 2146 recte
1058 2117 1173 2155 rejicit.
1183 2116 1244 2146 Sed

672 2163 753 2192 ratio
767 2168 822 2199 est,
840 2162 928 2203 quod
940 2173 1007 2192 sese
1022 2163 1095 2193 tulit
1108 2163 1245 2203 exquisi-

673 2210 735 2239 tius
754 2216 818 2246 est;
834 2215 871 2238 ut
883 2215 914 2238 et
928 2209 1029 2240 illud:
1043 2209 1142 2240 Obvia
1156 2220 1189 2239 se
1202 2216 1246 2238 tu—

674 2255 728 2292 Iit,
755 2266 851 2297 quam
873 2255 946 2286 tulit
969 2266 1003 2287 se
1030 2256 1165 2287 obviam.
1194 2256 1246 2287 Sic

1034 2319 1057 2357 5
