1402 2460
598 61 721 92 LIBER
746 62 803 92 IV.

1237 61 1300 90 323

100 124 267 172 AEquora
283 136 292 167 ;
311 132 428 170 quum
443 119 569 157 medio
585 120 792 156 volmntur
811 118 935 155 sidera
950 119 1076 168 lapsu,

100 184 228 226 Quum
247 188 344 218 tacet
363 180 482 221 omnis
501 192 607 229 ager5
630 178 795 228 pecudes
807 206 816 224 ‚
838 179 1024 228 pictaeque
1039 177 1233 226 volucres,
1251 187 1300 212 525

100 243 271 290 Quaeque
293 241 395 277 lacus
412 240 485 277 late
502 238 684 289 liquidos,
703 252 864 289 quaequc
885 251 1018 288 aspera
1038 238 1161 275 dumis

99 302 203 337 Rura
222 309 367 346 teuent,
384 312 516 337 somno
536 300 668 350 positae
685 299 756 336 sub
774 308 885 336 nocte
905 298 1029 335 silenti

100 359 304 396 *Lenibant
323 373 453 406 curas,
471 369 507 396 et
527 359 642 396 corda
662 359 780 396 oblita
800 358 1006 395 laborum.*

99 421 149 455 At
167 431 244 455 non
259 418 390 455 infelix
409 419 524 456 animi
539 419 747 465 Phoenissa,
768 431 891 468 neque
911 430 1077 467 unquam

101 478 270 517 Solvitur
286 479 324 516 in
343 492 512 526 somnos,
533 480 700 517 oculisve
720 488 783 517 aut
802 489 957 529 pectore
977 485 1126 515 noctem

100 660 202 691 donis.
222 660 287 691 Nec
309 667 414 691 tamen
432 661 490 692 hac
515 663 550 691 in
569 672 602 692 re
625 663 674 692 in·

101 708 188 736 venti
213 706 340 736 laudem
371 707 467 737 habet
497 708 670 749 Virgilius,

101 752 154 781 sed
167 752 279 791 judicii
302 759 425 782 tantum
439 760 470 783 et
485 754 674 784 elocutionis

100 799 135 827 in
153 799 364 839 exprimendo
388 800 541 839 Apollon.
569 799 674 830 Rhod.

102 845 166 882 111,
184 845 247 882 743
263 855 331 885 sqq.
349 842 412 880 Νύξ
429 855 483 886 μεν
503 844 600 874 ἔπειτ’
616 852 674 874 etc.

102 890 142 920 cs.
162 897 194 920 et
215 891 274 927 IV,
295 890 380 920 1058
398 901 479 931 sqq.‚
496 901 591 931 quem
610 891 675 928 jam

102 943 173 966 ante
194 936 364 978 Virgilium
382 943 580 967 converterat
595 938 676 965 Var-

101 993 138 1012 ro
153 983 327 1020 Atacinus;
347 983 435 1021 cujus
448 994 558 1012 versus
575 994 606 1013 v,
625 993 675 1023 ap.

102 1031 250 1059 Senecam
266 1029 471 1060 controvers.
495 1031 574 1059 XVI
594 1036 676 1059 extr.

103 1076 171 1104 Vix
185 1086 235 1105 me
251 1082 360 1112 teneo,
379 1076 459 1115 quin
476 1075 547 1104 loca
565 1074 678 1104 adscri-

103 1122 196 1158 bam3
227 1121 282 1151 sed
305 1121 454 1151 brevitati
482 1120 677 1150 studendum

102 1175 158 1198 est.
180 1168 336 1204 Similem,
351 1167 441 1196 aliter
463 1174 567 1196 tamen
585 1166 677 1196 ador·

101 1220 205 1244 natam
217 1215 320 1244 noctis
332 1212 577 1254 descriptionem
590 1211 678 1241 vide-

102 1260 206 1290 bimus
227 1260 284 1290 lib.
306 1260 402 1295 VIII,
428 1259 482 1290 26.
508 1261 678 1289 Praeiverat

102 1306 252 1336 omnibus
272 1305 409 1336 Alcman
431 1305 466 1334 in
481 1305 555 1335 loco
573 1304 612 1334 ab
634 1305 678 1334 A·

101 1351 245 1393 pollonio
258 1351 407 1392 Sophista
425 1351 459 1379 in
477 1352 596 1380 Lexico
615 1352 678 1380 Ho—

102 1409 180 1428 mer.
205 1404 330 1428 servato
347 1398 383 1426 in
406 1407 478 1428 voc.
503 1393 676 1427 κνώδαλον.

102 1447 185 1475 Eum
206 1455 238 1475 v.
260 1443 319 1474 inf.
345 1443 383 1472 ad
403 1443 426 1473 l.
451 1454 478 1473 c.
501 1445 600 1480 VIII,
623 1443 676 1473 26.

103 1491 222 1523 Similia
245 1491 340 1520 etiam
362 1489 520 1520 nonnulla
543 1496 618 1519 suut
640 1490 676 1519 in

104 1537 238 1568 Theocr.
264 1535 312 1568 Id.
333 1547 370 1573 2,
391 1536 432 1580 ,⁹38
456 1547 538 1576 sqq.‚
563 1535 619 1565 sed
641 1537 678 1566 in

104 1594 137 1614 re
151 1593 282 1624 prorsus
299 1583 432 1613 diversa.
456 1583 567 1613 Noctis
581 1582 676 1612 silen-

104 1631 147 1659 tia
175 1631 286 1660 miram
315 1630 501 1659 suavitatem
533 1628 677 1658 habent:

105 1675 191 1706 silvae
216 1684 248 1706 ec
263 1686 394 1716 aequora
421 1674 585 1715 quierant,
614 1685 678 1704 ces-

106 1728 193 1751 sante
221 1722 282 1751 sub
310 1728 439 1751 noctem
467 1728 574 1750 vento.
601 1722 679 1751 Non

107 1768 207 1798 aliter.
228 1767 268 1798 cf.
286 1769 509 1807 Trapp.Fessa
523 1777 676 1807 corpora,

1253 485 1301 511 530

727 668 765 692 ut
794 661 938 703 vulgares
964 667 1092 691 taceam.
1126 658 1302 689 Adnotavit

729 718 857 748 quoque
882 710 1037 747 Pompon.
1062 706 1133 737 Sab.
1157 715 1224 736 non
1242 704 1305 745 legi

729 754 768 783 ab
805 754 1013 794 Aproniano3
1051 759 1097 782 est
1128 758 1233 781 autem
1264 761 1304 780 ex

730 800 797 837 ejus
820 798 1002 828 recensione
1042 798 1138 827 lectio
1180 796 1296 827 codicis

729 844 848 875 Medic.
863 846 966 884 Quam
977 843 1108 873 diversis
1122 844 1221 872 simus
1236 853 1304 873 om-

729 901 784 920 nes
800 890 944 920 sensibus
959 900 993 919 ac
1005 889 1148 928 judiciis,
1164 896 1195 919 et
1209 899 1304 929 quam

730 937 868 966 alienum
909 936 948 966 ab
980 936 1030 966 his
1069 936 1182 966 studiis
1196 957 1204 971 ‚
1234 945 1305 975 quae

729 989 846 1023 quanta
863 989 979 1022 quanta
997 988 1072 1012 sunt
1085 983 1120 1011 in
1136 981 1307 1022 probabili-

730 1035 793 1059 tate
808 1036 991 1065 versantur,
1017 1028 1073 1066 sit,
1094 1038 1134 1057 ex
1153 1027 1257 1057 edicto
1275 1034 1306 1057 et

732 1085 804 1105 cum
827 1074 999 1115 supercilio
1017 1073 1138 1114 aliquid
1159 1083 1306 1114 pronun-

731 1122 823 1158 tiare,
845 1120 897 1150 vel
922 1120 975 1150 hic
997 1121 1088 1150 loeus
1110 1120 1225 1150 docere
1248 1129 1306 1160 po-

731 1174 808 1204 test,
836 1168 871 1196 in
902 1177 968 1206 quo
992 1166 1086 1196 nohis
1110 1165 1241 1206 quidem
1271 1166 1307 1195 in

731 1213 844 1243 oculos
859 1214 1021 1242 incurrere
1036 1212 1222 1250 videbatur,
1235 1223 1306 1242 ver-

731 1269 802 1289 sum
828 1258 918 1288 hunc
933 1259 1078 1300 jugulare
1100 1259 1287 1289 sententiam
1299 1280 1308 1294 ‚

730 1311 919 1335 structuram
949 1312 1105 1342 evertere,
1131 1311 1162 1334 et
1191 1315 1308 1334 nervos

731 1351 883 1381 orationis
906 1351 1090 1390 praecidere.
1115 1352 1161 1381 At
1187 1352 1308 1381 Brunc-

729 1396 819 1434 kius,
838 1397 895 1437 qui
910 1404 974 1426 tam
989 1397 1124 1437 proclivi
1146 1397 1253 1427 studio
1269 1397 1308 1427 ad

731 1442 956 1473 rescindendos
978 1453 1088 1473 versus
1112 1443 1233 1482 fertur,
1250 1445 1308 1473 mi-

730 1496 818 1519 ratur
850 1490 983 1520 Heinsio
1014 1490 1198 1520 addititiam
1233 1500 1307 1520 eum

730 1535 832 1566 videri
847 1537 988 1577 potuisse
1004 1545 1012 1566 :
1033 1550 1049 1562 «
1064 1537 1120 1566 Est
1142 1535 1286 1576 profecto
1297 1559 1305 1573 ‚

730 1583 858 1623 pergit,
892 1589 956 1611 tam
986 1592 1002 1611 a
1032 1581 1161 1623 Virgilii
1188 1593 1304 1619 manu,

731 1639 826 1669 quam
838 1629 943 1668 quivis
953 1628 1032 1657 alius
1045 1639 1061 1657 e
1071 1628 1305 1659 laudatissimis.

731 1675 864 1714 Absque
879 1684 917 1703 eo
930 1684 1040 1703 manca
1053 1681 1084 1703 et
1097 1674 1208 1704 mutila
1222 1674 1307 1705 vide-

732 1727 821 1750 retur
829 1719 1044 1760 pulcherrima
1059 1720 1128 1749 haec
1137 1721 1240 1750 noctis
1253 1720 1307 1751 de-

733 1767 882 1806 scriptio,
898 1775 969 1806 quae
990 1767 1035 1796 sic
1057 1767 1090 1795 in
1104 1767 1307 1807 participium

107 1814 200 1845 docte
217 1837 226 1851 ‚
255 1814 419 1850 homines,
452 1813 514 1842 nisi
547 1814 680 1843 omnino
727 1812 846 1854 post'tae
866 1812 1037 1849 desineret,
1056 1813 1124 1842 sine
1145 1812 1246 1843 verbo
1268 1812 1307 1843 fi-

108 1861 276 1890 animantia
285 1859 385 1890 malis,
395 1859 503 1889 Medio
511 1859 684 1888 'volvuntur

106 1906 213 1936 sidera
227 1906 335 1947 lapsu,
356 1916 452 1935 cursu
468 1916 525 1945 per
543 1905 680 1935 mediam

108 1953 181 1983 coeli
192 1960 331 1994 partem3
350 1952 390 1982 ad
407 1951 502 1981 rudes
513 1951 680 1982 hominum

90 2033 92 2037 .
108 2010 228 2030 sensus.
251 1999 393 2029 Medium
412 2009 534 2027 cursum
553 2006 678 2034 tenent,

109 2046 191 2075 bene
209 2047 295 2076 Serv.
316 2045 450 2080 Posicae,
479 2045 681 2085 compositae,

111 2092 304 2132 quiescentes
313 2114 321 2129 ‚
336 2093 456 2132 sopitae.
470 2107 518 2113 —
534 2091 610 2121 528.
623 2092 683 2120 De-

111 2136 179 2167 ficit
206 2148 315 2167 versus
341 2139 378 2168 in
403 2137 521 2168 Medic.
553 2138 682 2177 aliisque

113 2183 382 2223 praestantioribus
422 2183 681 2225 exemplaribus3

734 1860 820 1895 nito,
839 1865 870 1888 et
885 1869 1036 1899 suspenso
1055 1869 1160 1889 sensu.
1174 1873 1191 1884 »

783 1905 848 1945 529
864 1916 931 1945 sqq.
950 1904 1066 1935 Eadem
1085 1904 1249 1934 antithesis
1266 1915 1307 1935 ex

733 1950 824 1982 Iliad.
839 1949 878 1989 β,
894 1961 943 1992 pr.
967 1962 1003 1987 κ,
1027 1961 1077 1991 pr.
1102 1962 1143 1989 ω,
1162 1951 1226 1990 677
1247 1961 1306 1981 no-

735 2004 798 2027 tata
816 2007 832 2027 a
856 1998 932 2027 viris
951 1997 1072 2035 doctis,
1096 2003 1128 2027 et
1147 1996 1224 2027 hinc
1237 2007 1307 2038 pas-

735 2045 795 2073 sim
810 2043 849 2073 ab
859 2044 927 2074 aliis
936 2043 1005 2074 alia.
1015 2043 1057 2074 cf.
1067 2044 1160 2073 etiam
1170 2043 1304 2074 Theocr.

737 2101 755 2120 2
765 2112 773 2127 ,
790 2090 844 2120 38.
855 2092 903 2121 At
915 2100 978 2120 non
992 2100 1036 2121 sc.
1046 2090 1147 2131 carpit
1158 2100 1306 2131 soporem

738 2134 843 2167 ἀωτεῖ.
871 2137 1009 2167 Solvitur
1037 2136 1070 2166 in
1096 2147 1122 2167 s.
1150 2137 1306 2178 exquisite

736 2194 795 2224 pro
817 2182 898 2214 solvi
923 2193 1054 2222 somno,
1081 2183 1199 2225 quiete.
1223 2183 1308 2214 Noc-
