1402 2460
595 75 716 105 LIBER
741 75 800 103 IV.

100 135 301 182 Exspectet
319 132 540 180 facilemque
561 131 709 181 sugam,
730 138 937 179 ventosque
958 130 1123 168 ferentis.

1234 77 1297 115 309

1247 141 1297 168 430

99 195 185 229 Non
200 193 277 242 jam
297 190 514 241 conjugium
534 191 751 240 antiquum,
772 189 875 240 quod
892 189 1081 239 prodidit,
1102 201 1190 236 oro;

99 254 180 289 Nec
198 251 357 302 pulchro
377 260 418 287 ut
437 250 546 287 Latio
566 259 709 294 careat,
729 262 962 299 regnumque
979 250 1166 299 relinquat
1183 264 1191 286 :

99 314 262 361 Tempus
278 312 388 348 inane
405 319 514 361 peto,
535 311 706 359 requiem
725 310 964 359 spatiumque
985 309 1123 356 surori3

98 373 200 408 Dum
219 383 302 407 mea
321 384 380 407 me
399 371 536 409 victam
556 370 688 408 doceat
707 371 858 406 fortuna
879 369 1017 406 dolere.

98 432 314 467 Extremam
334 429 431 467 hanc
450 443 518 467 oro
538 432 705 476 veniam,
724 431 902 467 miserere
922 429 1082 473 sororis,

1248 437 1297 465 435

99 490 224 535 Quam
242 488 336 526 mihi
351 502 469 539 quum
485 489 653 537 dederis,
672 489 900 527 cumulatam
920 497 1042 525 morte
1062 487 1261 524 remittam.
1282 505 1296 519 υ

98 621 278 660 angustiore
303 630 310 651 :
334 628 370 651 ut
401 622 464 659 457
500 632 608 652 voces.
623 638 670 645 ——-

97 667 175 702 430.
195 666 335 696 Facilem
346 666 467 708 fitgam
477 691 486 704 ‚
504 668 670 708 profectio-

95 722 168 741 nem
182 713 431 752 navigationem,
446 725 487 743 ex
505 714 671 744 commoda

95 765 298 797 tempestate,
325 770 384 799 qua
408 760 506 789 facilis
531 760 583 789 illa
605 762 668 790 sit:

95 810 211 833 ventos
232 803 378 844 serentes
418 807 533 844 passim
567 813 668 846 poetae

96 860 154 889 pro
168 849 323 879 secundis.
336 852 397 880 Res
407 856 493 879 nota.
504 861 534 879 v.
546 852 667 887 Burm.‚

96 905 191 935 quem
209 896 330 924 mireris
342 917 350 930 ,
375 903 437 925 tam
454 897 581 925 inanem
597 906 670 936 ope-

95 950 163 970 ram
186 941 220 970 in
242 940 400 971 Harduini
425 942 554 971 somniis
579 942 669 971 refel-

91 986 197 1016 lendis
226 988 339 1027 passim
368 997 496 1027 ponere.
519 1005 566 1009 —-
591 990 668 1023 431.

95 1033 169 1063 Non
187 1033 250 1070 jam
273 1034 432 1073 conjugii,
467 1034 558 1071 cujus
582 1044 670 1073 spem

96 1085 127 1108 et
145 1079 330 1118 opinionem
353 1079 394 1107 ab
413 1078 504 1108 ιἰιιίιό
524 1079 602 1108 mihi
623 1090 670 1109 os-

96 1124 263 1162 tendebat,
280 1123 378 1155 fidem
397 1132 433 1154 ut
451 1132 570 1160 servet,
591 1135 667 1163 oro,

96 1169 352 1210 quandoquidem
364 1171 450 1200 illam
456 1170 583 1212 fefellit
591 1172 665 1210 jam.

96 1217 243 1246 Graviter
256 1217 378 1257 singula
390 1219 396 1246 Ξ

143 1263 208 1298 433
221 1285 229 1298 ‚
249 1264 325 1298 434.
341 1264 423 1293 Petit
439 1269 563 1303 tempus
576 1263 615 1293 ad
626 1263 667 1293 le-

94 1308 243 1339 niendam
258 1310 372 1339 amoris
387 1310 452 1338 vim
464 1310 667 1350 primumque

94 1355 247 1396 impetum
261 1355 482 1397 frangendum,
497 1355 600 1386 donee
614 1356 667 1385 ille

95 1411 170 1431 cum
193 1408 333 1442 tempore
356 1404 392 1433 in
411 1402 553 1433 dolorem
569 1402 668 1432 subsi-

94 1447 167 1484 dat;
186 1447 225 1478 cf.
242 1447 337 1478 Ovid.
353 1447 376 1478 l.
395 1459 423 1479 e.
438 1459 469 1478 v,
490 1458 550 1486 177
570 1460 638 1489 sqq.
654 1459 663 1480 :

93 1494 184 1536 quod
206 1494 307 1524 facere
332 1504 440 1536 graves
463 1494 592 1525 affectus
619 1506 666 1525 so-

92 1540 180 1577 lent3
211 1548 242 1570 et
264 1542 331 1581 ipsa
354 1551 443 1571 mora
467 1540 617 1571 discimus
635 1548 666 1571 et

93 1586 325 1624 adsuescimus,
353 1587 480 1617 adversa
504 1588 661 1627 perferre3

93 1632 187 1663 docte
204 1633 325 1663 dictum
345 1640 392 1663 est
413 1632 519 1663 dolere
541 1644 615 1663 cum
633 1635 666 1663 vi

95 1679 198 1719 aliqua
208 1701 216 1716 ,
233 1679 392 1709 moderate
407 1679 530 1716 dolere,
548 1680 666 1719 patien-

94 1731 143 1755 ter
158 1725 257 1761 serre;
283 1732 319 1754 ut
332 1726 515 1765 oppositum
533 1726 591 1762 sit,
610 1726 667 1754 im-

93 1771 248 1811 patienter
264 1771 355 1801 serre.
366 1771 496 1806 ——436.
512 1772 666 1800 Virorum

94 1817 264 1847 doctorum
281 1819 315 1846 in
330 1817 392 1847 hoc
412 1817 485 1846 Ioco
504 1817 667 1857 interpun-

94 1862 216 1904 gendo,
247 1863 504 1903 interpretando,
530 1869 578 1900 et,
609 1864 667 1893 etsi

94 1909 176 1938 nihil
190 1910 298 1938 sanius
321 1919 386 1939 esse
409 1916 530 1949 potest,
560 1919 666 1939 emen-

96 1954 220 1992 dando,
241 1962 352 1985 aestum
369 1955 432 1985 vid.
452 1955 536 1995 apud
557 1956 665 1986 Burm.

87 2010 169 2030 nam
192 2001 314 2042 singula
333 2009 473 2042 repetere
487 2001 619 2042 longum
635 2008 668 2031 et

95 2047 208 2077 inutile
222 2054 310 2077 esset.
321 2049 354 2079 Si
368 2049 495 2089 ingenio
509 2047 666 2077 utendum

96 2099 194 2129 esset,
220 2093 330 2124 saltem
351 2094 544 2135 metaphorae
562 2095 666 2123 imma-

96 2138 240 2168 nendum
255 2147 321 2170 erat
330 2163 339 2178 ,
362 2147 394 2169 et
405 2140 570 2170 cumulata
584 2148 666 2169 sorte

95 2183 255 2214 remittam
272 2193 338 2216 erat
355 2186 616 2225 conjectandum:
629 2192 665 2216 ut

719 619 916 653 ,beneficium
932 630 1004 649 cum
1023 618 1143 649 foenore
1162 618 1299 648 redditu-

723 677 790 697 ram
803 678 835 696 se
848 666 1010 706 spondeat.
1036 666 1182 695 Proxime
1200 675 1298 695 acces-

723 715 764 743 sit
776 714 810 742 in
820 712 942 741 schedis
952 714 1004 742 Jo.
1017 711 1145 742 Schrad.
1156 712 1213 750 qui
1223 721 1297 740 cum

724 759 782 788 alia
796 765 914 793 tentat,
934 765 1004 787 tum
1019 757 1081 786 hoc
1098 766 1105 786 :
1124 758 1229 796 Quam
1244 757 1298 786 mi-

724 804 759 834 hi
769 804 797 833 si
808 803 947 840 dederit,
961 803 1127 832 cumulata
1141 810 1235 838 sorte,
1254 813 1298 832 re-

722 850 864 890 linquat,-
877 850 966 889 quod
979 859 1044 878 non
1058 850 1130 878 satis
1142 848 1296 890 intelligo.

722 897 956 936 Discrepantias
973 895 1122 925 codicum
1135 896 1241 935 primo
1254 895 1297 925 10-

724 951 762 971 co
777 942 940 971 videamus
954 951 962 971 ε
979 940 1059 970 mihi
1075 948 1109 970 cu
1124 941 1156 970 d.
1172 941 1296 971 Zulich.

724 997 740 1015 a
755 998 796 1016 m.
817 997 879 1017 sec.
897 997 970 1016 cum
987 987 1111 1016 dederit
1132 987 1298 1016 cumulata

724 1039 823 1062 morte
851 1043 876 1062 r.
909 1032 1025 1063 Medic.
1037 1055 1046 1070 ‚
1075 1031 1162 1072 quod
1186 1034 1296 1063 Heius.

721 1085 870 1118 praestare
896 1078 1048 1118 putabat,
1078 1080 1154 1115 etsi,
1186 1089 1296 1108 sensus

722 1126 776 1165 qui
787 1125 826 1154 sit
836 1124 1008 1154 verborum
1019 1125 1218 1161 commodus,
1229 1135 1297 1154 non

721 1170 864 1208 subjecit.
876 1170 993 1200 Eadem
1002 1171 1097 1200 lectio
1106 1171 1138 1200 in
1153 1170 1295 1201 Parthas.

721 1224 752 1246 et
775 1219 883 1257 Puget.
907 1223 939 1246 et
961 1218 1123 1247 cumulata
1141 1218 1235 1247 etiam
1256 1216 1296 1246 al-

720 1269 768 1292 ter
781 1265 906 1304 Menag.
924 1270 955 1292 et
972 1265 1089 1293 Moret.
1106 1270 1177 1294 tert.
1192 1265 1231 1293 Iu
1243 1274 1292 1304 pr.

719 1310 837 1338 Moret.
862 1309 1049 1338 cumulatim
1075 1320 1149 1339 cum
1174 1310 1292 1351 glossa,

720 1355 808 1395 quod
824 1354 904 1385 mihi
916 1366 986 1384 cum
1009 1355 1136 1386 dederis
1155 1356 1295 1387 cumula-

719 1408 796 1433 tum.
822 1403 922 1432 Porro
941 1402 1103 1432 remittam
1118 1402 1228 1434 Heius.
1247 1413 1294 1433 re-

719 1449 826 1489 posuit
847 1459 864 1478 e
887 1449 1073 1478 melioribus
1095 1450 1160 1478 suis
1183 1456 1214 1479 et
1228 1451 1294 1480 Pie-

719 1496 831 1532 riauis3
851 1495 949 1536 vulgo
962 1495 1141 1536 relinquam
1151 1508 1165 1532 ,·
1180 1495 1235 1526 sed
1247 1504 1294 1526 est

718 1542 808 1581 prius
819 1540 900 1571 illud
913 1543 1069 1581 exquisite
1081 1553 1141 1583 pro
1153 1543 1292 1582 referam

719 1587 840 1616 dictum
860 1597 868 1618 :
889 1588 1054 1617 remissum
1086 1588 1227 1618 Parthas.
1263 1596 1294 1618 et

719 1635 831 1673 Puget.
840 1635 913 1663 Jam
926 1634 1003 1663 olim
1016 1644 1110 1674 super
1118 1634 1215 1673 hujus
1227 1644 1294 1663 ver-

719 1688 773 1707 sus
800 1678 938 1709 lectione
967 1679 1148 1709 dubitatum
1177 1680 1274 1709 fuisse
1284 1703 1293 1716 ‚

720 1734 761 1754 ex
782 1725 891 1754 Servio
912 1732 943 1755 et
972 1726 1149 1766 Pomponio
1176 1725 1293 1756 Sabino

719 1776 821 1810 patet,
841 1770 1010 1800 lectionem
1028 1771 1157 1812 quidem
1168 1771 1294 1801 dederis

719 1818 859 1846 Tuccam
890 1823 921 1846 et
956 1818 1089 1847 Varium
1116 1817 1265 1857 probasse
1282 1841 1292 1855 ,

720 1869 855 1902 uterque
869 1862 982 1901 tradit3
1006 1870 1036 1893 at
1054 1863 1192 1893 Medicei
1210 1863 1293 1894 codi-

721 1909 766 1938 cis
789 1910 980 1949 scripturam
997 1909 1121 1939 dederit
1137 1911 1294 1951 Apronia-

720 1964 764 1984 no
789 1954 915 1992 deberi,
944 1966 984 1985 ex
1006 1956 1184 1996 Pomponio
1204 1956 1294 1985 disci-

720 2007 791 2037 tur,
812 2001 904 2039 cujus
924 2007 1026 2031 tamen
1046 2001 1142 2031 verba
1162 2003 1189 2032 si
1210 2009 1292 2032 recte

719 2046 879 2087 intelligo,
911 2047 1109 2077 cumulatam
1134 2049 1293 2089 Apronia-

719 2102 780 2121 nus
801 2100 831 2122 et
843 2093 910 2132 ipse
924 2095 1060 2123 tenuisse
1071 2093 1208 2132 videtur,
1225 2105 1291 2124 non

719 2138 902 2174 cumulata,
933 2141 991 2169 etsi
1015 2140 1235 2181 interpretatio
1253 2140 1292 2168 ad

718 2186 824 2225 ipsum
838 2184 991 2218 refertur:
1001 2187 1195 2219 cumulando
1214 2196 1293 2217 mor-
