1402 2460
299 75 356 128 P.
404 72 764 129 VIRGILII
813 70 1185 126 MARONIS

460 227 1024 316 AENEIDOS

370 425 645 482 LIBER
687 422 1104 482 TERTIUS.

515 773 973 811 ARGUMENTUM.

184 934 310 963 EVI-:RSA
329 934 424 972 Troja
435 957 442 971 ‚
458 936 571 965 AEneas
587 934 728 965 collectis
743 944 876 964 suorum
892 933 1034 973 reliquiis
1045 955 1053 970 ‚
1071 942 1142 973 quae
1158 931 1236 962 caedi
1260 930 1344 962 flam-

137 989 259 1032 misque
293 1000 498 1032 supererant,
534 1001 705 1034 parataque
731 993 817 1034 apud
844 992 1051 1024 Antandrum
1079 992 1194 1033 viginti
1216 993 1347 1021 navium

137 1050 248 1087 classe,
264 1052 404 1091 primum
425 1053 458 1081 in
474 1052 641 1082 Thraciam
665 1052 807 1082 defertur
823 1062 831 1082 ε
847 1052 921 1088 ubi,
943 1062 1017 1080 cum
1035 1051 1150 1080 futurae
1168 1050 1258 1080 urbis
1277 1051 1348 1080 fun-

136 1109 282 1139 damenta
297 1117 447 1150 poneret,
468 1112 596 1140 territus
614 1111 768 1152 Polydori
784 1122 802 1140 a
820 1111 1062 1151 Polymnestore
1086 1110 1158 1140 caesi
1174 1108 1345 1150 prodigi-is,

135 1170 252 1200 Delum
274 1170 356 1210 petit
379 1180 391 1198 1
410 1187 457 1192 —
474 1180 527 1208 77.
547 1169 768 1210 Consultoque
786 1169 833 1198 ibi
845 1169 1007 1209 Apollinis
1024 1168 1157 1199 oraculo
1169 1191 1177 1206 ‚
1201 1179 1275 1198 cum
1291 1179 1346 1198 an-

135 1230 254 1270 tiquam
270 1229 371 1270 gentis
394 1238 460 1258 suae
482 1235 634 1265 matrem,
651 1227 714 1258 hoc
739 1235 801 1265 est,
826 1229 961 1268 primam
984 1227 1118 1268 originis
1143 1237 1209 1257 suae
1230 1234 1347 1258 terram

133 1287 336 1330 repetendam
352 1287 528 1325 didicisset,
554 1288 630 1318 falsa
653 1288 805 1318 Anchisae
822 1288 920 1328 patris
944 1287 1208 1327 interpretatione
1229 1286 1346 1317 adduc-

134 1356 202 1385 tus,
235 1348 360 1379 Cretam
391 1347 558 1377 contendit
581 1365 628 1371 --
651 1358 726 1377 120.
752 1348 876 1376 Verum
903 1357 977 1376 cum
996 1345 1044 1376 ibi
1068 1356 1215 1387 quoque,
1236 1348 1348 1387 positis

131 1411 196 1448 jam
218 1409 394 1446 moenibus,
414 1409 596 1450 gravissima
613 1415 702 1449 peste
721 1409 952 1450 exagitaretur,
969 1407 1004 1436 iu
1028 1409 1148 1437 somnis
1169 1409 1311 1438 monitus
1331 1419 1347 1437 a

133 1468 192 1499 diis
217 1469 405 1506 Penatibus,
432 1469 542 1499 relicta
558 1469 667 1506 Creta,
689 1468 813 1498 Italiam
836 1468 917 1509 petit
932 1485 978 1491 —-
1003 1477 1077 1508 192.
1097 1467 1149 1497 Ibi
1168 1467 1275 1497 subito
1291 1467 1347 1497 ob-

131 1536 200 1559 orta
221 1536 422 1570 tempestate,
447 1529 588 1570 primum
604 1528 645 1559 ad
666 1528 859 1569 Strophades
877 1528 998 1558 insulas
1018 1528 1170 1568 appulsus
1181 1550 1190 1564 ,
1207 1527 1248 1557 ab
1266 1529 1348 1558 Har-

134 1589 217 1629 pyiis
235 1589 403 1618 infestatur
425 1603 470 1612 ——
493 1589 570 1628 269.
591 1589 674 1618 Mox
691 1589 825 1618 Actium
847 1587 988 1624 delatus,
1007 1588 1043 1617 in
1066 1586 1225 1617 honorem
1250 1587 1349 1628 Apol-

131 1648 205 1678 linis
219 1647 311 1677 ludos
331 1647 469 1677 celebrat
483 1665 530 1671 —
547 1658 624 1688 290.
640 1647 736 1685 Inde,
755 1648 927 1689 Corcyram
949 1653 1193 1687 praetervectuS,
1212 1647 1346 1687 Epirum

134 1713 220 1736 tenet
237 1716 244 1736 :
259 1716 330 1747 quae
347 1705 381 1735 id
399 1708 550 1746 temporis
565 1706 690 1736 Heleno
713 1707 830 1736 Priami
845 1705 914 1735 filio
935 1706 1080 1746 parebat,
1109 1706 1162 1735 cui
1180 1712 1254 1747 post
1270 1707 1348 1747 Pyr-

133 1766 184 1796 rhi
212 1765 330 1796 caedem
361 1765 586 1796 Andromache
608 1766 643 1795 in
665 1766 852 1806 conjugium
876 1772 1019 1796 cesserat.
1046 1765 1189 1795 Helenus
1215 1767 1347 1797 AEneam

133 1826 273 1866 hospitio
303 1825 439 1866 excipit,
458 1826 609 1865 omnique
640 1824 845 1853 humanitatis
873 1834 986 1865 genere
1011 1823 1256 1864 complectitur,
1288 1826 1347 1854 im-

133 1885 388 1924 minentiumque
407 1889 490 1913 terra
508 1884 650 1923 marique
673 1882 894 1923 periculorum
920 1884 1090 1912 certiorem
1106 1883 1181 1914 facit
1199 1901 1244 1906 --
1268 1884 1344 1915 505.

135 1947 264 1983 AEneas,
288 1944 399 1974 relicta
418 1945 535 1985 Epiro,
553 1946 726 1974 Tarentum
738 1967 746 1980 ‚
764 1945 961 1984 primamque
983 1943 1081 1973 Italiae
1107 1954 1196 1974 oram
1216 1951 1346 1985 praeter-

80 2016 85 2020 ·
132 2013 256 2043 vectus,
271 2005 311 2035 ad
324 2015 392 2035 eam
413 2004 528 2036 Siciliae
542 2012 663 2045 partem
684 2015 756 2044 quae
771 2006 872 2034 AEtuae
885 2005 989 2035 monti
1007 2004 1144 2043 adjacet,
1160 2005 1342 2046 appellitur.

134 2064 186 2095 Ibi
204 2064 471 2103 Achemenidem,
500 2064 539 2094 ab
558 2064 670 2105 Ulysse
687 2065 722 2094 iu
745 2064 896 2105 Cyclo-pis
913 2072 1004 2095 antro
1022 2064 1199 2102 desertum,
1219 2066 1343 2106 suppli·

134 2136 202 2156 cem
217 2127 345 2167 recipit,
361 2126 557 2167 edoctusque
575 2126 614 2155 ab
633 2136 671 2156 eo
696 2124 734 2155 de
761 2125 942 2167 Cyclopum
964 2125 1103 2164 feritate,
1123 2125 1199 2156 iude
1215 2137 1343 2156 ancoras

136 2186 230 2217 solvit
242 2204 289 2211 —
304 2188 368 2218 681
387 2197 394 2218 :
415 2197 599 2227 memorque
618 2194 852 2227 praeceptorum
871 2187 1004 2225 Heleni,
1029 2189 1135 2219 vitatis
1160 2186 1343 2228 Charybdis
