1433 2460
132 71 192 106 17οἶ

573 52 577 62 “
629 71 822 100 fimf-„mos

129 145 140 157 τι
162 128 199 163 Si
222 127 412 175 periturus
426 126 526 171 abis,
542 135 578 162 et
598 139 665 163 nos
687 140 778 176 rape
794 127 831 162 in
847 124 972 161 omnia
989 118 1130 169 tecmn3
1275 132 1323 162 ¹³7⁵

130 187 193 222 sin
212 187 374 234 aliquam
391 195 570 235 expertus
586 187 718 223 sumtis
734 199 839 235 spem
856 185 964 234 ponis
982 186 1017 220 in
1035 184 1166 229 armis,

130 247 235 282 Hanc
257 245 422 294 primuni
444 254 568 283 tutare
592 245 758 282 domum.
781 245 852 282 Cui
874 257 1013 294 parvus
1033 244 1155 290 Iulus,

128 307 193 343 Cui
216 316 339 354 pater,
356 313 392 341 ct
410 305 547 354 conjux
567 305 757 355 quondam
776 314 844 342 tua
857 305 957 341 dicta
974 304 1195 353 relinquor?
1214 321 1228 335 υ

177 364 284 401 Talia
298 365 509 401 vociferans
525 365 666 414 gemitu
685 372 824 401 tectum
845 376 955 400 omne
977 362 1165 413 replebat,

127 427 254 469 Quum
274 423 443 461 subitum
461 424 642 473 dictuque
664 423 787 460 oritur
806 422 980 460 mirabile
998 432 1221 460 monstrum.

1276 431 1325 455 680

126 486 300 533 Namque
315 497 448 521 manus
465 484 582 529 inter,
601 492 898 532 moestorumque
919 495 986 520 ora
1003 491 1222 532 parentum,

128 546 221 580 Ecce
238 544 330 580 levis
346 556 495 581 summo
514 544 561 581 de
580 543 725 581 vertice
744 544 846 580 visus
868 542 941 580 Iuli

125 602 299 639 Fundere
315 603 441 640 lumen
459 617 576 653 apex,
596 611 776 653 tactuque
795 603 950 639 innoxia
971 601 1092 638 mollis

126 661 310 699 Lambere
328 663 476 701 flamma
495 676 640 712 comas,
658 672 694 701 et
712 664 855 700 circum
875 670 1045 711 tempora
1062 661 1176 710 pasci.

125 801 331 837 ostendebam
345 810 375 832 et
387 803 494 843 patri,
511 815 605 843 quani
617 827 625 840 ‚
643 803 699 833 mi—

124 846 165 877 hi.
181 849 346 888 Apollonii
366 852 379 879 Ι
392 873 400 885 ,
423 850 486 879 558
507 848 586 892 φίλῳ
601 847 698 880 δειδί-

124 904 214 923 σηετο
229 892 327 936 πατρὶ
338 896 541 935 comparabat
557 896 697 927 Brunck.

123 957 169 962 —-
180 940 220 978 67
228 941 258 971 6.
276 943 437 981 Expertus
448 964 456 977 ‚
474 941 617 972 additum
634 952 642 972 1
658 953 698 972 ex

123 987 264 1025 pristinis
293 988 421 1017 virtutis
449 989 674 1028 experimentis
689 1011 697 1025 ‚

123 1033 222 1063 factis.

171 1080 249 1117 678.
288 1079 416 1121 Conjux
447 1080 611 1121 quondam
642 1087 700 1110 tua

124 1125 230 1161 dicta,
254 1125 287 1156 h,
314 1137 341 1157 e.
362 1137 434 1167 quae
447 1138 542 1158 eram.
564 1128 638 1158 Nou
654 1137 698 1157 ar-

123 1171 322 1211 gutandum3
338 1179 375 1202 ut
390 1181 503 1203 uotum
519 1173 599 1204 illud
616 1183 623 1203 :
645 1171 698 1204 καὶ

122 1216 176 1251 σὴν
193 1219 361 1252 κεκλῆσθαι
375 1217 492 1249 &miz-w
504 1243 512 1257 ‚
528 1220 560 1250 h.
578 1231 605 1250 e.
622 1230 696 1251 esse.

124 1265 183 1294 Cui
196 1264 383 1305 relinquam
403 1275 476 1294 cum
493 1267 626 1295 notione
644 1265 698 1295 ad-

118 1312 251 1348 juncta:
282 1312 334 1340 cui
357 1311 522 1351 relinquor
552 1311 670 1340 tuenda
684 1313 698 1341 Ρ

121 1356 177 1386 inf.
200 1358 264 1393 lV,
296 1357 360 1386 323
381 1357 433 1386 cui
459 1367 510 1386 me
534 1356 694 1386 moribun-

121 1403 198 1432 dam
213 1403 330 1432 deseris
341 1426 349 1438 ‚
370 1403 481 1443 hospes
491 1407 508 1432 .³

168 1450 377 1489 679—684.
408 1450 515 1479 Mutat
539 1449 694 1479 Anchises

121 1496 306 1532 eonsilium,
324 1497 430 1526 omine
455 1496 573 1525 oblato.
591 1496 692 1525 Flam-

120 1553 168 1572 ma
197 1554 214 1572 e
241 1543 342 1582 capite
371 1543 491 1572 micans
518 1543 634 1571 ostenta·
664 1549 695 1571 et

119 1590 263 1630 praesagii
294 1589 388 1629 regiae
414 1588 574 1629 dignitatis
595 1599 694 1629 genus

120 1635 171 1664 vel
183 1645 225 1664 ex
242 1636 421 1665 narratione
437 1634 476 1664 de
495 1635 604 1665 Servio
621 1634 696 1665 Tul-

120 1681 164 1711 lio
181 1688 304 1711 notum.
325 1681 365 1711 cf.
385 1681 442 1711 inf.
462 1682 544 1718 VII,
566 1681 606 1718 73
625 1691 693 1720 sqq.

122 1730 243 1758 Doctus
262 1735 366 1757 autem
390 1727 544 1757 Anchises
563 1736 695 1768 augura-

120 1775 158 1804 lis
177 1776 317 1804 scientiae
335 1775 469 1804 Veneris
488 1783 628 1803 munere.
650 1774 696 1802 A·

118 1832 202 1861 pe-c,
230 1820 354 1850 flamma
379 1821 414 1849 in
439 1821 559 1860 apicem
579 1821 697 1849 acumi-

124 1874 210 1904 nata3
227 1869 311 1897 visus
324 1868 351 1897 is
378 1873 424 1896 est
430 1866 571 1908 fimdere
591 1867 697 1896 lumen

124 1914 163 1943 de
181 1914 303 1944 ‘vertice
317 1913 398 1949 Iuli,
416 1913 449 1943 h.
469 1924 495 1943 e.
514 1912 622 1942 lucere
638 1924 646 1950 ;
663 1919 699 1942 ut

125 1960 219 1989 ovid.
237 1962 319 1990 fast.
336 1961 394 1995 VI,
409 1960 476 1990 636
496 1959 592 2000 inque
607 1969 699 1988 coma

122 2006 293 2045 flammeus
318 2005 397 2036 arsit
418 2017 516 2047 apex.
542 2007 632 2036 Hanc
654 2016 700 2035 ra-

127 2054 246 2083 tionem
262 2053 409 2082 damnare
422 2052 569 2094 equidem
582 2052 699 2088 nolim3

129 2106 159 2128 et
178 2100 222 2128 sic
235 2099 309 2128 levis
324 2099 405 2129 bene
420 2100 459 2129 de
473 2098 606 2129 flamma.
623 2100 701 2128 Bur-

129 2155 234 2175 mann.
246 2151 350 2174 tameu
362 2155 434 2175 cum
449 2146 558 2176 Servio
576 2144 701 2186 apicem

131 2193 258 2232 proprie
275 2191 396 2221 dictum
415 2193 548 2232 accipit,
574 2192 640 2223 scil.
661 2191 701 2221 de

753 804 837 844 pileo
862 802 1020 844 Phrygio,
1055 802 1129 842 qui,
1164 807 1198 829 ut
1218 801 1328 840 pueri,

753 861 818 880 esse
833 849 980 879 debuerit
995 847 1070 878 Ievis
1085 858 1096 876 .·
1113 848 1168 876 vix
1183 847 1255 876 satis
1269 848 1326 875 sci-

755 898 801 926 te!
821 896 970 927 Flamma
983 893 1057 923 visa
1071 893 1212 923 lambere
1229 900 1324 928 tactu,

753 949 922 978 contactu,
948 942 989 970 ita
1018 947 1053 969 ut
1078 940 1208 969 innoxia
1224 946 1323 976 esset,

752 999 811 1029 pro
839 988 981 1017 innoxie.
1013 985 1185 1021 Lambere,
1211 985 1323 1026 pasci,

752 1045 811 1075 pro
822 1034 941 1070 ardere,
953 1043 1046 1074 quam
1056 1033 1180 1062 ornate!
1193 1042 1233 1061 ex
1246 1032 1327 1071 ignis

754 1087 875 1110 natura.
893 1079 1058 1114 Fontibus,
1078 1078 1172 1108 docte
1187 1087 1245 1118 pro
1260 1077 1327 1107 fon-

754 1134 783 1157 te
795 1151 803 1165 ‚
824 1134 854 1157 et
870 1127 931 1156 hoc
948 1136 1007 1166 pro
1026 1135 1117 1165 aqua.
1137 1126 1257 1154 Ornate
1273 1133 1326 1153 an-

753 1181 816 1203 tem
839 1173 922 1203 dicta
943 1171 1078 1212 singula.
1107 1169 1147 1200 cf.
1177 1170 1325 1200 imitatio-

752 1230 824 1249 nem
838 1219 957 1248 Valerii
974 1217 1020 1247 Fl.
1042 1218 1076 1252 Ι,
1105 1217 1169 1254 570
1192 1226 1260 1256 sqq.
1279 1233 1325 1239 ——

753 1265 830 1295 680.
853 1264 929 1294 Cum
943 1262 1044 1292 subito
1059 1261 1225 1292 Medjceus
1252 1272 1324 1292 cum

752 1311 858 1340 multis
874 1310 960 1346 aliis,
986 1310 1081 1338 etiam
1102 1309 1263 1338 Pierianis.
1282 1311 1326 1339 At

752 1356 885 1386 subitum
913 1356 1086 1395 poeticum.
1114 1356 1212 1385 Ortus
1237 1365 1326 1385 error

749 1414 789 1432 ex
802 1403 958 1442 scriptura
971 1400 1073 1431 sabim
1089 1400 1325 1431 miserabile.—

750 1449 827 1479 683.
858 1450 975 1478 Lucem
996 1448 1142 1482 Servius,
1165 1457 1221 1477 seu
1243 1449 1325 1488 quis-

748 1496 820 1535 quis
844 1495 906 1524 hoc
932 1495 1042 1525 Servio
1069 1493 1177 1530 affuit,
1213 1493 1323 1534 legisse

748 1541 886 1571 videtur.
903 1540 941 1571 cf.
957 1542 1065 1570 Burm.
1081 1541 1258 1580 Tractaque
1265 1539 1325 1570 leo-

749 1588 794 1617 tio
810 1594 875 1617 erat
892 1598 907 1617 a
923 1588 1032 1616 Burm.
1047 1586 1195 1626 reposita,
1210 1586 1249 1616 de
1262 1596 1325 1627 qua

749 1633 844 1663 latius
856 1635 920 1674 egit
935 1631 975 1662 ad
991 1634 1080 1663 Grat.
1098 1632 1218 1673 Cyneg.
1237 1632 1302 1662 362
1314 1656 1323 1671 ‚

750 1691 824 1709 cum
838 1681 922 1710 enim
938 1679 1034 1709 semel
1047 1678 1325 1722 tractusflammae

750 1737 818 1756 mm
846 1725 1015 1762 arrideret,
1041 1725 1162 1765 ubique
1186 1725 1252 1755 fere
1266 1725 1324 1755 ob-

751 1772 879 1803 trudere
904 1783 976 1803 eum
991 1771 1129 1801 volebat.
1149 1772 1205 1801 Est
1220 1777 1324 1802 tamen

751 1827 868 1850 tractus
885 1819 1039 1862 flammoe
1063 1818 1157 1848 etiam
1181 1817 1218 1847 ad
1244 1818 1276 1849 h.
1301 1817 1323 1848 l.

752 1866 978 1903 alienissimus3
1000 1865 1134 1895 emicare
1152 1864 1238 1893 enim
1255 1863 1325 1893 talis

752 1912 874 1942 flamma
885 1935 894 1949 ‚
920 1922 1044 1948 errare,
1069 1910 1226 1946 lambere,
1260 1916 1324 1939 tan-

753 1966 821 1989 tum
844 1958 974 1995 debuit3
1002 1964 1095 1997 atque
1108 1956 1170 1986 hoc
1188 1961 1235 1986 est
1253 1963 1325 1985 tan·

750 2016 844 2047 gere,
867 2012 988 2039 tactus,
1015 2002 1102 2043 quod
1119 2002 1194 2032 libri
1208 2001 1326 2032 habent

753 2051 897 2092 plerique
912 2060 1037 2087 omnes,
1052 2050 1145 2079 etiam
1158 2048 1279 2080 Medic.
1295 2055 1327 2079 et

754 2097 862 2139 fragm.
880 2097 1022 2128 Vatican.
1033 2095 1085 2127 Ad
1098 2102 1233 2125 tractum
1244 2118 1253 2131 ,
1270 2096 1327 2136 qui

754 2152 800 2174 est
815 2145 947 2174 flammae
964 2154 1021 2184 per
1039 2143 1172 2184 longum
1186 2142 1326 2183 ‚spatium

755 2191 857 2222 ductae
868 2214 876 2229 ‚
890 2190 1005 2221 referre
1018 2189 1129 2221 melius
1138 2189 1238 2230 possis
1252 2197 1328 2218 mox
