1402 2460
506 101 566 130 An
591 98 756 129 anmt
781 98 840 127 IV.
1216 99 1277 136 387

71 165 140 189 tum
165 159 279 200 partim
293 166 459 200 poetarum
474 157 639 200 exemplo,
665 158 780 198 partim
805 162 975 187 ventorum
999 163 1121 187 natura.
1145 159 1225 189 Nam
1245 159 1278 188 iu

72 213 165 242 maris
182 211 277 252 hujus
300 212 400 254 plagis
422 213 586 250 austrinis,
603 211 684 242 infra
700 210 853 253 Cycladas
871 211 978 241 saltem
994 221 1030 241 ac
1048 212 1189 249 Cretam,
1208 222 1277 252 gra-

71 267 206 296 vissimae
225 267 264 296 ab
282 267 433 307 aquilone
449 274 547 298 vento
562 268 744 297 excitantur
764 273 976 307 tempestateS,
995 266 1174 307 durantque
1190 274 1278 299 certo

72 322 147 351 anni
173 328 317 362 tempore
344 320 438 351 flatus
465 323 531 361 ejus
558 322 705 352 continui
726 331 783 362 per
806 321 912 362 plures
933 320 1017 359 dies,
1035 321 1078 351 ob
1095 320 1157 351 hoc
1173 322 1277 362 ipsum

71 374 147 404 dicti
170 377 282 406 etesiae.
305 375 465 406 Videntur
485 376 519 406 hi
542 375 639 406 iidem
656 375 767 412 fuisse,
790 376 846 416 qui
869 375 1053 405 Menelaum
1068 377 1133 405 XX
1147 374 1215 405 dies
1238 375 1277 405 ad

70 427 208 459 Pharum
224 430 402 460 retinebant
421 430 535 472 Odyss.
553 426 589 468 ὃ,
609 430 685 461 360.
701 431 760 460 His
773 430 875 459 ventis
890 430 961 470 quis
977 430 1111 459 miretur
1133 440 1200 468 eos,
1219 431 1283 471 qui

70 494 87 513 a
106 484 229 515 Troade
256 486 412 516 Graeciam
429 486 480 516 vel
502 485 624 516 Italiam
638 490 798 526 peterent,
821 495 930 514 versus
951 484 1068 515 Africae
1090 485 1184 515 litora
1202 495 1276 525 pro-

67 537 166 578 pelli?
179 539 289 580 Itaque
312 540 439 570 Graecos
458 550 473 569 3
486 541 580 579 Troja
594 538 739 577 reduces,
756 549 829 568 cmn
845 537 962 568 Maleas
977 539 1275 569 circumvectitem-

67 597 186 630 pestate
203 602 219 621 a
242 602 337 622 cursu
352 592 466 632 dejecti
486 600 603 631 essent,
627 603 737 623 omnes
756 592 820 622 fere
841 591 882 621 ad
902 591 957 622 has
975 599 1079 633 partes
1100 599 1186 623 actos
1208 603 1273 623 esse

67 645 184 677 videas.
208 647 374 678 Menelaus
393 647 524 689 quidem
544 650 720 690 Egyptum
742 647 838 685 adiit,
853 647 876 678 1.
903 657 930 677 c.
948 654 979 677 et
1001 646 1116 688 Odyss.
1132 658 1166 690 γ,
1189 648 1271 685 300;

65 701 151 731 Paris
169 708 200 732 et
221 701 303 732 hanc
319 709 350 732 et
373 702 564 740 Phoenicen,
592 702 721 744 L'lysses
739 702 999 743 Lotophagorum
1017 702 1153 733 insulam
1166 703 1200 732 in
1222 704 1273 732 Li·

65 753 138 796 byae
159 755 270 795 litore,
290 758 491 799 Meningem,
520 768 551 788 V.
576 756 692 799 Odyss.
721 769 746 794 ι,
778 757 820 787 8ο
846 768 914 797 sqq.
941 756 1041 797 Apud
1059 757 1270 798 Apollonium

65 811 157 840 etiam
172 812 260 854 Argo
274 823 314 842 ex
337 813 429 842 Ionio
442 814 522 842 mari
536 822 644 842 versus
658 812 778 842 Africae
790 811 884 840 litora
904 812 1093 851 proripitur.
1110 813 1143 842 Si
1165 813 1271 853 itaque

63 863 218 905 Virgilius
232 873 403 896 ventorum
421 873 564 902 naturas,
581 871 749 906 poetarum
769 864 952 905 exemplum
971 871 1154 905 ceterasque
1175 867 1270 896 ratio-

62 927 118 947 nes
141 920 231 960 sequi
255 919 399 958 volebat,
430 919 468 949 ad
491 919 609 949 Africae
630 918 706 949 litus
728 918 832 948 classis
849 918 984 956 Trojana
1003 925 1069 948 erat
1087 918 1267 950 deferenda.

63 971 145 1002 Cum
165 983 242 1004 vero
257 973 388 1015 reliquae
404 975 520 1015 passim
534 981 654 1015 parteS,
672 975 829 1015 AEgyptus
845 983 882 1002 ac
896 973 1011 1013 Libya,
1031 980 1134 1003 essent
1147 974 1187 1004 ab
1202 976 1270 1005 Ho-

60 1037 148 1057 mero
179 1034 210 1058 et
236 1029 412 1069 Apollonio
440 1036 621 1070 occupatae,
650 1027 784 1058 feliciter
805 1033 898 1068 poeta
915 1028 950 1057 iu
977 1027 1267 1069 Carthaginiensem

59 1091 147 1111 oram
167 1082 290 1113 incidit.
307 1084 389 1123 Quae
413 1084 498 1113 enim
523 1083 738 1124 opportunior
761 1088 844 1112 terra
862 1083 1103 1112 commemorari
1121 1090 1266 1123 poterat,

59 1144 156 1174 quam
175 1136 348 1178 CarthagO,
371 1147 446 1167 cum
462 1137 614 1168 Romanis
634 1136 700 1166 suis
715 1135 880 1166 AEneidem
894 1135 1064 1173 scriberet,
1085 1136 1203 1176 quibus
1217 1138 1267 1175 ju-

59 1188 289 1219 cundissimum
306 1189 418 1220 auditu
439 1200 505 1220 esse
520 1189 649 1227 debuit,
673 1190 700 1219 si
724 1189 800 1219 belli
824 1190 1015 1231 gravissimi,
1037 1199 1101 1230 quo
1123 1191 1264 1230 primum

55 1243 196 1283 populus
209 1245 303 1274 Rom.
319 1243 439 1274 aditum
455 1254 490 1274 ac
502 1245 587 1274 viam
600 1243 639 1273 ad
651 1250 807 1273 terrarum
821 1243 993 1283 imperium
1006 1242 1067 1272 sibi
1079 1250 1265 1282 paraverat,

56 1298 176 1328 semina
195 1304 226 1328 et
241 1308 362 1329 caussas
376 1299 412 1329 in
431 1299 508 1339 ipsis
523 1299 602 1329 olim
623 1300 730 1330 AEneae
750 1297 821 1328 fatis
842 1307 877 1327 ac
901 1297 1026 1327 casibus
1037 1298 1119 1335 jacta
1135 1307 1200 1327 esse
1213 1300 1262 1328 vi-

53 1348 153 1381 deret.

101 1407 146 1436 Ut
159 1413 265 1437 autem
280 1407 416 1438 Didonis
436 1408 640 1449 potissimum
656 1418 762 1439 amore
778 1413 933 1444 uteretur,
950 1417 1024 1437 cum
1041 1407 1197 1448 Calypsus
1211 1408 1263 1437 vel

55 1459 161 1491 Circes
176 1467 231 1491 aut
245 1461 368 1491 Medeae
383 1472 504 1491 amores
518 1461 657 1502 exempli
677 1463 864 1492 auctoritate
883 1461 1040 1491 adducere
1054 1468 1181 1502 poetam
1201 1473 1262 1502 po-

54 1519 173 1551 terant,
199 1521 268 1544 tum
294 1515 419 1544 feminae
441 1515 538 1553 hujus
563 1514 686 1544 claritas
710 1525 746 1544 ac
770 1515 870 1552 fama,
896 1521 964 1544 tum
985 1516 1053 1555 ipsa
1067 1516 1113 1544 rei
1128 1516 1209 1545 ratio
1228 1526 1265 1546 ac

53 1569 232 1599 necessitas.
249 1569 373 1610 Quodsi
394 1570 480 1599 enim
501 1569 598 1599 semel
611 1569 783 1610 appulsum
804 1569 1017 1608 Trojanorum
1033 1568 1074 1599 ad
1097 1570 1261 1611 Carthagi-

53 1621 162 1652 niense
185 1621 262 1653 litus
285 1623 519 1664 praeferendum
545 1633 611 1653 esse
635 1623 779 1660 videbat,
802 1624 838 1652 in
862 1630 926 1652 tam
943 1624 1072 1663 antiqua
1095 1623 1134 1653 de
1152 1626 1260 1654 AEneae

51 1676 213 1707 erroribus
227 1677 376 1716 historia,
399 1688 471 1718 quae
488 1677 686 1718 Carthaginis
702 1677 899 1707 incunabula
921 1677 1159 1715 antevertebat,
1181 1678 1261 1719 quid

52 1730 91 1760 de
114 1730 173 1760 hac
200 1731 281 1762 urbe
301 1732 386 1762 aliud
410 1732 579 1762 memorari
596 1738 737 1772 poterat,
762 1742 858 1771 quam
882 1732 950 1771 ipsa
971 1731 1039 1769 ejus
1061 1731 1234 1771 primordia
1249 1733 1263 1761 3·

52 1786 157 1826 Quam
179 1793 399 1826 opportunum
424 1794 529 1816 autem
554 1785 593 1814 ad
618 1786 776 1826 poeticam
799 1786 1018 1815 tractationem
1039 1785 1091 1814 vel
1112 1786 1148 1814 in
1166 1786 1258 1826 epico

50 1840 188 1868 carmine
203 1847 426 1879 argumentum
445 1847 525 1870 esset
537 1850 640 1876 amor,
656 1839 822 1880 Apollonii
843 1839 991 1879 exemplo
1005 1839 1181 1880 intelligere
1197 1850 1255 1881 po-

49 1900 145 1931 terat,
168 1894 225 1934 qui
246 1893 334 1924 bunc
349 1893 480 1935 quidem
495 1894 603 1924 locum
617 1895 652 1923 in
667 1893 790 1924 Medeae
803 1901 834 1924 et
847 1896 868 1925 J
872 1895 974 1924 asonis
989 1894 1152 1924 amoribus
1168 1905 1255 1936 egre-

47 1949 96 1990 gie
112 1955 256 1979 tractasse
271 1949 374 1980 videri
393 1949 496 1979 debet.
515 1948 575 1980 Sed
588 1949 742 1990 Virgilius
757 1955 788 1979 et
801 1949 894 1979 illum
913 1956 943 1980 et
955 1949 1061 1990 ipsum
1075 1951 1253 1981 Homerum

47 2003 142 2045 longe
164 2011 237 2044 post
260 2014 292 2034 se
318 2004 482 2044 reliquisse
504 2003 658 2033 dicendus
666 2015 675 2041 ;
696 2003 783 2044 quod
810 2003 960 2044 quidem,
979 2005 1006 2034 si
1024 2011 1109 2034 recte
1123 2005 1234 2044 judico
1247 2030 1256 2043 ‚

48 2056 176 2087 duobus
188 2058 390 2098 potissimum
405 2057 508 2088 modis
529 2065 715 2099 assequutus
728 2065 791 2088 est:
808 2059 925 2099 partim
944 2058 1033 2099 quod
1046 2059 1252 2100 Tragicomm

45 2111 236 2153 gravitatem
262 2120 294 2142 et
314 2113 433 2143 amoris
459 2112 658 2143 atrocitatem
682 2113 796 2154 sequi,
818 2114 933 2154 partim
960 2112 1050 2154 quod
1071 2113 1111 2142 ab
1134 2112 1255 2144 heroici

48 2167 143 2196 moris
163 2166 367 2207 simplicitate
386 2168 433 2198 ad
449 2167 696 2198 elaborationem
713 2179 753 2198 ac
771 2167 938 2198 cultiorem
956 2167 1060 2198 vitam
1082 2168 1250 2211 deflectere

47 2220 176 2258 maluit,
203 2231 265 2262 qua
292 2220 413 2252 decoris
440 2229 471 2252 et
492 2222 665 2252 honestatis
694 2222 828 2261 alicujus
855 2222 1070 2264 exquisitioris
1095 2221 1248 2263 famaeque
