1402 2460
471 118 532 149 AD
556 118 720 149 LmRUM
744 119 786 148 11.
1165 124 1204 161 37
1213 126 1230 155 3

35 194 102 214 can.
118 184 164 213 lx
177 205 185 220 ‚
201 186 384 222 990—5394
401 179 498 210 docto
512 181 546 210 iu
562 179 654 217 loc03
669 185 699 209 et
713 189 784 219 quae
798 178 837 209 dc
853 179 992 211 Palladio
1005 181 1116 213 tradita
1130 193 1235 219 eraut,

38 238 178 268 traducta
211 236 382 278 aliquando
400 242 475 265 sunt
500 234 538 265 ad
561 235 657 265 deam
678 233 916 265 Pessinuntiam
934 247 945 265 .·
964 247 995 267 v.
1011 239 1184 271 Herodian.
1200 242 1236 279 1,

40 295 92 323 35.
118 294 190 334 Egit
211 301 358 333 quoque,
382 289 470 331 quod
487 299 574 319 nunc
600 288 717 327 didici,
742 288 782 319 de
804 289 863 319 diis
882 291 1054 322 Penatibus
1073 294 1235 325 Meziriac.

39 347 77 377 ad
94 349 174 388 Epp.
189 345 283 377 Ovid.
300 352 321 376 t.
339 346 389 381 11,
414 356 446 385 p.
473 344 547 375 158.
567 346 707 382 Interea,
726 343 785 374 hae
801 347 1039 385 opportunitate
1057 345 1146 385 data,
1166 347 1235 378 obi-

38 412 87 433 tet·
104 402 207 432 adhuc
225 400 384 436 monebo,
411 407 448 430 ut
466 398 712 437 animadvertas,
729 407 846 440 quanta
868 396 1059 442 relt'giomim
1080 402 1237 444 Trojana-

37 468 104 487 rum
115 480 124 493 ,
144 458 263 498 quippe
278 466 350 497 quae
362 457 446 486 inter
461 455 692 495 antiquissimas
708 454 796 484 fuere
806 478 814 492 ‚
829 455 1019 496 simplicitas
1043 457 1150 488 fuerit.
1165 459 1238 489 Suis

39 523 112 543 sane
132 512 338 549 nominibus,
364 511 425 541 hoc
448 516 495 540 est
514 510 653 547 Garaecis,
679 511 812 540 numina
835 512 1047 549 Trojauorum
1062 513 1155 543 effert
1168 515 1236 545 Ho-

38 577 146 597 merus
162 578 169 598 :
187 567 276 596 facile
293 573 398 596 tamen
413 564 451 594 ad
469 564 699 594 elementorum
712 572 833 595 naturae
851 576 966 606 genera
981 573 1011 596 et
1027 566 1143 598 formas
1162 567 1238 598 deos

40 621 112 653 illos
131 632 270 653 revoces.
298 620 472 652 colebatur
492 620 528 649 in
553 629 623 648 arce
645 618 789 649 Minerva
808 626 838 650 et
854 620 973 660 Apollo
986 631 997 650 :
1012 620 1101 651 Iliad.
1119 620 1153 658 ζ,
1171 622 1236 659 88;

38 687 52 705 ε
64 700 72 713 ,
90 676 176 713 446;
192 677 305 716 Quint.
323 677 450 715 Smyr-n.
478 673 560 703 xm
571 695 579 709 ‚
608 673 672 708 433
689 683 756 713 sqq.
770 695 778 710 ‚
804 673 930 713 Jupiter
944 674 979 703 in
998 674 1053 703 Ida
1068 675 1237 704 sacrarium

37 730 177 761 habebat
189 754 197 767 ‚
216 729 350 760 alterum
363 730 398 758 iu
416 727 557 768 acropoli
568 738 576 758 :
587 727 678 758 Iliad.
695 739 727 768 χ,
750 738 811 767 ¹71
824 752 832 766 ‚
852 738 914 767 17²
928 752 936 766 ‚
957 728 1015 758 alia
1028 729 1139 771 religio
1152 730 1240 770 Nep-

39 784 111 815 tuni
132 792 209 815 erat.
224 785 307 815 Cum
320 783 370 813 his
387 785 528 813 Penates
545 793 562 812 e
576 782 728 824 religione
744 783 871 823 antiqua
885 783 1129 814 Samothraeica.
1147 784 1238 815 Com-

38 839 133 869 mode
153 838 203 868 his
217 836 404 868 numinibus
417 844 449 867 et
461 837 555 866 sacris
569 836 783 866 memorandis
794 847 872 866 usus
891 842 938 866 est
949 837 1043 867 Maro
1058 847 1066 867 :
1089 848 1105 867 e
1118 838 1238 879 templo

40 893 189 923 Palladis
207 891 382 923 Palladium
401 897 527 932 raptum
549 892 599 928 ΙΙ,
638 890 701 920 165
719 901 766 931 sq.
790 901 831 920 ex
852 890 943 921 Iliad.
968 889 1003 928 ζ,
1035 902 1098 932 297
1113 916 1121 930 ‚
1153 899 1184 922 et
1204 893 1240 922 in

41 947 126 976 idem
143 956 260 987 pompa
282 955 355 974 cum
376 944 472 985 peplo
493 943 588 974 ducta
607 945 623 972 Ι
635 966 643 981 ,
667 950 732 984 479
751 955 797 984 sq.
813 944 914 976 Aliud
929 945 1063 975 Palladis
1086 946 1239 987 templum

40 1001 74 1030 in
91 998 171 1029 urbe
186 999 269 1029 fuit:
288 1009 304 1028 e
323 1008 388 1038 quo
405 996 609 1027 Cassandram
631 996 768 1027 abstrahi
791 997 902 1028 vident
926 999 1056 1036 Trojanj
1078 1000 1130 1037 11,
1156 1005 1219 1035 404
1231 1022 1239 1037 ‚

41 1055 126 1091 425,
155 1064 228 1084 nam
247 1052 286 1082 ab
310 1052 372 1082 hoc
393 1051 432 1081 ad
455 1062 559 1081 arcem
583 1058 721 1092 pergunt
743 1054 856 1082 AEneas
877 1059 908 1082 et
926 1053 1005 1082 soc'ii
1027 1054 1105 1091 437.
1119 1054 1238 1094 Apollo

40 1107 213 1150 Thymbrae
222 1130 230 1145 ,
245 1114 276 1137 et
290 1105 445 1138 Sminthei
458 1106 588 1135 nomine
602 1105 733 1146 Chrysae
742 1128 750 1143 ,
763 1112 829 1134 tum
843 1106 878 1135 in
891 1107 959 1147 ipsa
975 1116 1044 1137 arce
1054 1129 1062 1144 ‚
1074 1109 1237 1149 Pergamo,

40 1163 157 1204 templa
174 1162 308 1193 habuit:
324 1160 410 1191 unde
438 1161 505 1200 ejus
524 1159 669 1190 sacerdos
684 1159 825 1190 Panthus
839 1162 889 1198 H,
922 1162 985 1191 318
1006 1162 1089 1192 arcis
1112 1162 1238 1193 Pboebi-

39 1228 100 1259 que
124 1216 281 1246 sacerdos.
300 1214 373 1245 add.
398 1221 484 1254 429,
511 1215 587 1250 430.
610 1214 756 1255 Apollini
781 1225 854 1244 cum
878 1215 1031 1256 Neptuno
1055 1226 1140 1246 sacra
1162 1217 1239 1247 facit

39 1275 151 1303 AEneas
175 1272 242 1309 111,
272 1281 334 1311 119
357 1277 506 1311 tanquam
528 1269 588 1299 diis
611 1270 731 1310 patriis.
751 1269 878 1300 Scilicet
895 1270 948 1300 ille
970 1271 1074 1309 Trojae
1094 1272 1192 1302 tutela
1207 1279 1239 1302 et

39 1336 152 1367 praeses
169 1325 245 1355 deus
261 1335 268 1355 ι
285 1325 348 1361 VI,
377 1324 429 1353 56.
453 1323 597 1364 Neptuni
618 1322 762 1353 sacerdos
783 1325 930 1354 Laocoon
951 1334 1038 1353 sacra
1049 1335 1090 1354 ex
1105 1327 1238 1366 antiquo

0 1390 1 1395 ¹
40 1389 128 1410 more
140 1378 182 1409 ad
195 1378 270 1408 litus
284 1377 400 1407 faciens
415 1378 457 1414 11,
476 1387 553 1406 201.
572 1375 688 1415 Cybele
702 1387 718 1405 e
734 1377 826 1406 Creta
842 1377 974 1417 repetita
991 1378 1040 1407 111
1051 1400 1059 1415 ‚
1085 1389 1097 1407 1
1109 1388 1122 1407 1
1132 1389 1145 1407 1
1162 1389 1239 1419 pro-

40 1435 108 1474 prie
129 1431 168 1462 ad
182 1431 323 1473 Phryges
337 1430 497 1471 spectabat
514 1439 521 1460 ε
541 1431 575 1460 in
591 1429 647 1459 Ida
667 1430 729 1460 coli
744 1430 836 1460 solita
853 1440 860 1461 :
879 1432 945 1468 IX,
975 1431 1018 1461 80
1034 1441 1081 1472 sq.
1097 1434 1147 1469 X,
1170 1432 1234 1462 252

40 1499 86 1528 sq.
111 1489 239 1516 Vestam
257 1484 345 1514 addjt
364 1484 537 1525 Virgilius,
566 1485 618 1521 ΙΙ,
637 1483 700 1522 567
714 1506 723 1521 ‚
746 1483 803 1513 ubi
820 1484 981 1513 Helenam
1004 1484 1117 1514 limina
1132 1487 1236 1516 Vestae

39 1547 216 1571 servantem
233 1545 404 1576 memorat3
425 1545 455 1568 et
468 1539 499 1568 11
510 1561 519 1575 ‚
538 1538 602 1578 296
613 1561 622 1576 ,
638 1548 701 1578 297
716 1561 725 1575 ,
739 1537 796 1567 ubi
811 1539 957 1568 Hectoris
976 1539 1097 1569 Umbra
1111 1540 1175 1568 visa
1189 1546 1236 1569 est

40 1596 151 1626 efferre
173 1594 279 1632 adytis
297 1592 516 1634 penetralibus
539 1594 667 1622 Vestam
682 1599 712 1622 et
733 1593 843 1633 Ignem
865 1602 1008 1630 sacrum3
1029 1603 1100 1633 quae
1113 1594 1170 1624 vix
1183 1594 1235 1624 ali-

39 1657 87 1680 ter
100 1657 195 1689 quam
209 1646 249 1676 de
266 1647 371 1675 Vestae
393 1644 458 1674 aede
482 1645 581 1685 accipi
597 1650 752 1685 possunt;
775 1645 883 1674 nescio
896 1655 938 1674 an
953 1645 992 1675 de
1011 1656 1080 1676 suo.
1106 1647 1139 1677 Si
1164 1657 1235 1676 auc-

43 1704 200 1734 toritatem
222 1699 353 1737 habuit,
375 1698 416 1729 ad
438 1698 603 1739 Phrygum
623 1699 827 1739 religionem,
850 1699 988 1728 Matrem
1007 1699 1119 1736 deum,
1147 1711 1235 1741 spec-

42 1765 105 1788 tare
125 1756 178 1787 illa
190 1755 315 1797 potnit;
333 1754 395 1784 nisi
409 1752 607 1793 probabilius
621 1750 679 1789 fit,
702 1751 785 1781 hanc
805 1752 841 1781 in
862 1753 986 1781 Venere
1000 1752 1113 1790 latere,
1139 1764 1234 1794 quam

42 1812 198 1841 Homerus
212 1809 295 1838 inter
310 1807 445 1836 numina
457 1806 601 1843 Trojanis
612 1804 772 1834 studentia
786 1804 910 1841 retulit,
933 1806 990 1834 etsi
1005 1805 1063 1835 alia
1083 1807 1150 1844 ejus
1168 1806 1235 1837 deae

41 1865 153 1905 religio
175 1862 280 1900 Trojae
303 1871 369 1891 non
387 1861 538 1890 occurrit.
562 1860 696 1889 Veneris
718 1865 822 1888 tamen
843 1859 997 1900 templum
1014 1860 1049 1889 in
1064 1863 1135 1891 arce
1151 1861 1235 1893 effic-

42 1925 111 1948 tum
134 1915 227 1946 video
241 1916 276 1944 in
289 1913 411 1945 Tabula
425 1913 518 1943 Iliaca
539 1923 572 1943 u.
603 1922 677 1950 107.
701 1914 747 1942 At
769 1913 901 1942 Veneris
917 1911 946 1942 ἐν
965 1911 1089 1955 Τρωάσι
1108 1915 1234 1956 sig-uum

41 1974 76 2002 in
90 1973 204 2002 Museo
223 1967 358 2009 Capitol.
382 1975 405 1998 t.
430 1968 493 2005 IV,
517 1978 550 2008 p.
575 1967 617 1997 35
622 1968 638 1996 3
656 1976 723 1997 non
738 1966 819 1998 bene
834 1966 874 1997 ad
888 1974 1026 1997 veterem
1040 1969 1169 2007 Troiam
1189 1981 1237 2001 re-

41 2012 162 2062 fertur-3
188 2030 235 2054 est
249 2023 334 2053 em’m
356 2021 559 2053 Alexandn'ae
583 2020 725 2052 Troadis.
743 2021 879 2051 Iunonis
895 2033 1024 2063 quoque
1047 2024 1140 2055 Maro
1162 2025 1239 2057 fecit

44 2078 197 2120 templum
208 2078 244 2107 in
258 2087 327 2106 arce
342 2077 374 2106 H
384 2099 393 2113 ‚
414 2076 477 2114 761
491 2098 500 2113 ,
517 2082 548 2105 et
565 2074 685 2105 Cereris
699 2075 848 2105 sacellum
862 2083 933 2106 ante
949 2075 1063 2106 urbem
1075 2079 1108 2108 H
1118 2101 1127 2116 ‚
1146 2089 1162 2118 7
1171 2085 1212 2116 14
1227 2091 1238 2118 3

41 2133 110 2163 haec
123 2132 203 2163 forte
219 2129 258 2160 de
276 2141 355 2168 su0;
373 2140 447 2160 nam
465 2130 499 2160 iu
513 2131 654 2160 Homero
667 2136 837 2159 memorata
850 2140 918 2160 non
932 2131 1073 2161 memini.

30 2226 35 2230 ”
92 2187 174 2217 Cum
196 2191 299 2214 autem
320 2185 456 2215 Romani
479 2190 510 2214 et
535 2185 597 2224 ipsi
619 2185 753 2221 Jovem,
781 2185 945 2215 Junonem
960 2191 992 2215 et
1005 2184 1181 2225 Palladem,
1205 2189 1241 2218 in

45 2249 115 2270 arce
140 2238 298 2274 colerent,
320 2243 469 2280 tauquam
486 2237 561 2269 deos
586 2238 712 2279 imperii
733 2238 899 2279 praesides,
925 2239 1056 2270 voluere
1084 2239 1245 2272 interdum

214 2305 265 2340 11.
1039 2305 1088 2341 32
