1433 2460
148 130 208 149 110

644 114 836 144 AExsslnos

142 177 337 228 Incipiam.
361 173 480 210 l-'racti
498 172 612 219 bello,
632 174 791 223 fatisque
812 172 971 223 repulsi,

140 240 328 274 Ductores
345 237 537 279 Danaum,
560 241 612 270 tot
626 234 703 284 jain
724 233 937 270 labentibus
960 233 1083 278 annis,

141 300 263 333 Instar
283 293 419 330 montis
436 306 575 343 eqnnm
595 293 723 330 divina
739 293 897 330 Palladis
918 302 998 329 arte
1312 298 1340 321 ¹5

145 358 358 400 amitit-ant,
375 363 550 403 sectaque
571 354 743 391 intexunt
761 354 885 391 abiete
905 363 1043 398 eostas3

142 421 281 453 Yonnn
303 429 372 465 pro
394 414 520 451 reditu
539 415 715 451 simulant
734 429 741 449 :
760 428 803 451 ea
821 416 917 452 sama
934 424 1105 463 vagatur.

143 481 226 514 Hne
243 477 387 513 delecta
406 475 531 511 virum
551 475 674 511 sortiti
695 488 855 524 corpora
879 475 1006 511 sun-tini

141 537 341 574 Inclndnnt
364 548 463 572 caeco
484 534 612 579 lateri,
629 535 855 584 penitusque
876 547 1054 570 cavernas

140 598 306 649 Ingentis
320 626 329 644 ‚
350 606 578 645 uterumque
598 603 743 631 armato
760 594 877 631 milite
894 594 1094 644 complent.
1312 611 1341 626 ,ο

141 773 214 792 nam
227 769 273 792 est
288 761 418 801 vulgare
434 767 465 790 et
482 767 576 790 tenue
590 770 655 800 prae
671 761 714 789 al-

141 817 228 846 tero,
255 808 312 838 ubi
337 808 375 837 de
397 807 530 837 horrore
552 807 563 846 (
581 807 612 836 h.
633 806 654 836 l.
676 818 715 836 ex

139 854 358 885 recordatione
369 864 474 884 reruni
489 854 628 883 tristium
637 876 644 886 ,
662 854 716 882 ita-

141 912 203 942 qne
218 901 317 930 luctus
334 903 343 941 )
359 908 387 930 et
402 901 599 930 aversatione
614 901 657 929 rei
672 901 717 928 in-

141 955 237 988 gratae
261 955 290 976 et
315 948 455 977 ruolestae
479 947 593 987 agitur.
620 945 716 986 Quod

140 995 269 1035 proprie
292 994 331 1023 de
353 992 503 1023 membris
520 992 568 1021 vel
591 991 629 1022 de
649 1003 717 1022 san-

140 1041 236 1080 guine
249 1039 386 1076 dicitur,
406 1039 447 1069 ad
465 1039 606 1068 animum
623 1046 718 1069 trans-

141 1087 252 1117 fertur.

193 1134 244 1163 13.
278 1131 365 1173 this
391 1131 511 1172 repulsi
533 1143 543 1161 .·
567 1133 718 1172 quoniam

144 1179 235 1209 fatale
251 1185 334 1215 erat,
353 1189 420 1208 non
436 1179 497 1208 nisi
515 1185 587 1219 post
602 1189 718 1208 novem

143 1236 243 1256 annos
269 1227 397 1263 Trojam
416 1226 496 1265 capi.
519 1236 550 1255 v.
573 1224 662 1256 Iliad.
678 1223 716 1263 β,

145 1273 162 1302 3
173 1283 183 1302 1
194 1273 210 1303 3
229 1283 296 1313 sqq.
306 1290 352 1294 -—
370 1283 381 1300 1
392 1272 421 1307 5,
440 1272 490 1301 16.
507 1273 618 1300 Instar
631 1283 720 1301 mon-

144 1317 201 1354 tis,
239 1318 278 1348 ad
305 1320 422 1349 montis
447 1317 718 1358 magnitudinem3

143 1364 284 1394 breviter
308 1374 454 1405 magnam
481 1365 650 1404 imaginem
674 1365 719 1393 rei

144 1411 250 1441 animo
272 1411 409 1449 objecit,
432 1412 537 1440 statim
557 1410 596 1439 ab
615 1411 718 1440 initio.

145 1457 293 1487 Pallada<
305 1465 392 1494 arte,
408 1455 545 1498 {meo-wo
550 1467 663 1488 era-rso
674 1475 720 1480 —-

165 1514 195 1533 w
221 1497 313 1534 Exzss
319 1514 330 1534 :
358 1503 423 1534 ἐπῑ
420 1514 481 1536 :ms
483 1515 497 1532 t
528 1513 579 1532 συν
607 1495 718 1544 ΑΘΗ-ς..

145 1550 261 1591 Odyss.
286 1551 321 1586 0,
356 1551 433 1590 493.
465 1552 623 1579 Inteaemzc
655 1561 721 1579 cos-

145 1605 194 1626 tas
201 1574 321 1626 'abiete
338 1605 442 1633 secta,
468 1596 500 1627 h.
527 1607 554 1626 e.
578 1596 719 1626 trabibus

145 1643 305 1684 abiegnis,
331 1650 454 1673 tantum
477 1643 518 1673 ad
535 1642 719 1672 declaratio-

145 1700 218 1719 nem
257 1690 441 1720 ulteriorem
472 1691 524 1720 τεῦ
557 1689 721 1730 aedificant

145 1742 275 1777 spectat.
309 1738 464 1766 lncezunt
486 1736 645 1777 simplicit.
675 1743 721 1766 est

146 1790 269 1813 texunt.
299 1784 422 1812 Texere
438 1790 544 1812 autem
564 1782 603 1813 de
624 1783 720 1812 trabi-

146 1829 207 1859 bus
217 1830 336 1867 junctis
351 1837 381 1859 et
397 1831 432 1859 in
449 1829 566 1859 fabrica
583 1841 599 1859 e
612 1829 700 1870 ligno
712 1851 720 1865 ‚

145 1876 291 1915 inprimis
316 1878 466 1914 navium,
495 1876 643 1916 frequens
665 1883 720 1906 est.

147 1921 218 1951 vide
239 1922 350 1953 cerda.
368 1922 452 1953 conf.
470 1923 526 1953 inf.
546 1934 558 1952 1
570 1934 619 1954 12.

198 1979 210 1997 1
219 1979 248 2006 7.
264 1971 448 2009 Sparserant
459 1969 572 1999 famam
582 1992 590 2007 ‚
604 1980 721 2010 equum

147 2013 233 2044 hunc
249 2015 368 2045 Palladi
389 2026 454 2045 esse
470 2018 626 2056 positum,
640 2018 722 2046 votis

147 2070 206 2099 pro
234 2062 339 2091 reditu
371 2063 534 2102 susceptis.
568 2064 657 2100 Hoc,
686 2070 722 2092 ut

148 2114 256 2146 poeta,
280 2108 404 2138 extulit.
423 2111 509 2140 Serv.
534 2117 645 2139 votum
661 2119 720 2149 pro

147 2155 315 2193 participio
338 2154 450 2192 habet,
471 2155 506 2185 id
531 2162 576 2185 est
597 2156 720 2185 vovisse

147 2209 207 2238 pro
227 2201 343 2230 reditu.
367 2201 492 2231 Ibidem
514 2211 521 2232 :
546 2201 662 2231 Accius
686 2201 720 2231 in

148 2245 313 2287 Deiphobo
339 2247 521 2288 inscriptum
539 2248 617 2279 dicit
631 2259 641 2278 :
659 2247 720 2278 Μῖ-

770 772 873 790 ner-ece
883 760 1001 789 donum
1014 758 1222 798 armipotenti
1233 758 1346 788 Danai

770 807 921 836 abeuntes
936 806 1057 836 (licant.
1077 805 1162 835 cons.
1184 806 1303 846 Hygin.
1321 805 1341 835 s.

776 855 835 883 108
853 861 881 883 et
901 853 946 882 ibi
964 860 1028 882 not.
1047 851 1142 892 Quod
1164 851 1216 881 hic
1234 863 1273 881 ex
1290 862 1344 881 vo-

772 908 803 930 to
829 911 930 940 equus
961 899 1084 928 dicatus
1107 898 1243 934 (licitur,
1278 909 1346 928 non

771 953 925 988 repugnat
960 947 997 975 iis
1033 946 1087 985 qui
1117 945 1155 974 ad
1187 945 1346 975 Palladem

770 993 957 1034 placandam
996 999 1192 1021 exsti-netum
1233 991 1346 1020 dicunt

771 1041 982 1080 Quint.X11‚
1010 1040 1069 1075 38,
1099 1040 1174 1075 370.
1201 1039 1237 1067 Iu
1260 1038 1344 1067 idem

771 1087 865 1116 etiam
891 1086 1047 1115 consentit
1070 1084 1183 1126 Virgil.
1209 1084 1291 1114 insta
1314 1095 1344 1114 v.

777 1133 838 1162 162
856 1143 902 1173 sq.

824 1180 861 1209 18
876 1197 923 1202 -—
940 1189 993 1209 20.
1018 1180 1176 1208 Ductores
1201 1180 1346 1208 Danaum

771 1225 890 1262 sortiti,
922 1226 1088 1255 sortitione
1116 1225 1214 1261 facta,
1247 1224 1347 1253 inclu-

772 1273 853 1302 dunt
865 1272 924 1302 leuc
949 1283 1035 1302 caeco
1061 1271 1173 1307 lateri,
1202 1271 1233 1301 h.
1259 1281 1286 1300 e.
1313 1271 1347 1300 in

772 1319 870 1355 latmi,
896 1319 927 1348 h.
947 1330 974 1349 e.
999 1329 1116 1358 corpus
1140 1318 1213 1357 equi
1240 1316 1348 1347 occul-

774 1372 842 1394 tuin
853 1388 860 1401 ‚
876 1367 909 1394 in
925 1375 991 1405 quo
1007 1364 1125 1394 occulti
1146 1364 1242 1393 latere
1258 1364 1347 1403 pote·
1396 1376 1400 1385 =

774 1418 870 1445 raum
896 1411 1022 1441 delecta
1045 1409 1190 1439 virorum
1216 1420 1349 1450 corpora

774 1459 929 1497 exquisite
957 1468 1016 1498 pro
1033 1480 1041 1494 ,
1071 1456 1161 1485 viros
1189 1456 1349 1490 delectos,-

773 1503 835 1533 hoc
864 1504 949 1534 idem
970 1504 1159 1534 declarative
1183 1503 1350 1533 exornavit

772 1551 807 1580 in
825 1552 862 1581 iis
885 1561 956 1591 quae
977 1550 1106 1588 subjicit
1128 1559 1135 1579 :
1158 1549 1350 1590 penitusque

773 1608 926 1627 cavernas
937 1597 1038 1626 milite
1047 1596 1219 1636 complent.
1231 1598 1350 1626 Ornate

773 1645 877 1673 onmia
894 1654 970 1684 pro,
988 1653 1070 1683 equo
1085 1642 1162 1672 huic
1177 1641 1351 1672 includunt

773 1689 910 1720 delectos
946 1690 1041 1720 xir.os
1073 1690 1217 1720 Fuerunt
1245 1695 1351 1718 autem

774 1736 896 1777 Ulyssis
910 1737 1079 1785 proecipuae
1092 1746 1127 1766 ea
1140 1737 1174 1765 in
1188 1745 1221 1765 re
1235 1742 1348 1776 partes.

775 1782 889 1824 Odyss.
907 1783 939 1819 0,
959 1789 1025 1823 494
1047 1775 1090 1814 ὅθ
1112 1783 1185 1813 ποτ’
1202 1781 1229 1817 ἐς
1254 1779 1348 1830 ἀκρό-

774 1840 813 1858 π
803 1832 880 1867 ὠιν,
906 1825 979 1860 δέλο
966 1840 1008 1868 ον,
1032 1828 1139 1873 ἤγαγε
1127 1824 1225 1864 δῖος
1249 1821 1349 1858 Oduc-

776 1887 860 1914 σευς,
888 1876 996 1913 duxit,
1017 1875 1101 1917 fecit
1129 1883 1164 1905 ut
1183 1875 1352 1905 duceretur

776 1923 809 1953 in
826 1934 950 1960 arcem,
968 1929 999 1953 et
1013 1923 1058 1952 sic
1072 1923 1186 1959 ceteri,
1200 1928 1237 1951 ut
1250 1921 1349 1961 Quin-

775 1977 827 2000 tus
840 1971 921 2006 XII,
937 1980 978 2000 22
995 1980 1053 2010 sq„
1071 1968 1156 2010 apud
1168 1978 1263 2009 quem
1278 1967 1348 1998 Cal-

776 2017 849 2046 ehas
865 2023 950 2046 vates
965 2017 1087 2056 primus
1101 2014 1221 2044 fraudis
1240 2020 1349 2044 auctor

775 2070 835 2099 est,
856 2062 989 2092 modum
1004 2069 1035 2091 et
1050 2062 1205 2091 rationem
1229 2059 1349 2091 fraudis

774 2109 889 2150 Ulysse
905 2108 1109 2146 subjiciente,
1125 2114 1155 2137 at
1171 2107 1256 2148 apud
1270 2108 1348 2147 Try-

773 2155 884 2196 phiod.
911 2161 954 2191 44
985 2166 1052 2196 sqq.
1084 2154 1226 2185 Helenus
1253 2153 1348 2191 Troja

772 2201 936 2243 profugus».
983 2201 1124 2232 Tandem
1166 2200 1348 2230 observasse

773 2258 838 2278 non
853 2249 1021 2290 poeniteat,
1030 2259 1124 2289 quam
1133 2254 1243 2278 ornate
1255 2252 1347 2288 poeta
