1402 2460
565 81 686 111 LIBER
709 80 767 109 IV.

1203 79 1267 117 327

70 139 251 174 Demens!
271 149 339 174 1100
354 136 549 186 Zephyros
570 136 680 174 audis
701 136 845 187 spirare
862 135 1069 173 secundos?

70 198 140 234 Illa
161 197 266 234 dolos
290 197 490 247 dirumque
507 197 610 235 nefas
627 197 666 233 in
682 206 837 246 pectore
854 206 998 243 versat,

71 257 183 294 Certa
200 257 316 303 mori,
333 257 516 307 varioque
533 257 676 294 irarum
695 257 853 293 fluctuat
868 266 971 294 aestu.

70 316 157 353 Non
174 316 271 366 fugis
290 316 379 353 hinc
395 330 562 367 praeceps
574 345 584 363 ,
600 316 690 354 dum
710 316 948 366 praecipitare
970 316 1156 366 potestas?
1222 322 1270 347 56⁵

72 379 158 414 Jam
174 389 278 414 mare
298 377 446 414 turbari
465 377 655 425 trabibus,
672 390 865 427 saevasque
882 376 1029 414 videbis

70 437 278 475 Conlucere
298 438 415 484 faces,
431 438 510 488 jam
527 439 674 475 fervere
692 438 804 475 litora
824 437 982 474 flammis
999 465 1010 484 ,

69 496 111 534 Si
129 505 164 533 te
183 497 242 535 his
262 497 438 548 adtigerit
453 498 563 535 terris
582 501 734 535 Aurora
752 506 976 535 morantem.

68 558 138 594 Eia
153 571 238 608 age,
259 571 394 609 rumpe
410 571 546 596 moras.
562 559 720 596 Varium
736 567 773 595 et
791 557 974 595 mutabile
991 569 1138 607 semper

68 617 233 655 Femina.
252 634 267 650 »
285 618 347 655 Sic
363 618 461 655 satus
480 618 582 655 nocti
598 632 637 655 se
653 617 857 654 immiscuit
874 625 977 653 atrae.
1220 624 1268 656 ⁵70

119 679 216 715 Tum
236 691 327 716 vero
343 679 494 726 AEncas,
517 677 650 715 subitis
671 677 874 715 exterritus
893 675 1057 720 umbris,

68 825 161 848 tanto
189 828 263 848 casu
274 842 283 855 ,
322 814 390 850 εἶτα
406 842 415 857 ,
442 819 577 856 deinde,
604 826 641 850 tu

69 873 136 894 non
154 865 254 894 cernis
269 866 409 906 pericula
420 888 428 903 ‚
448 865 566 906 quibus
585 867 642 896 cir-

68 910 235 940 cumdatus
257 912 312 941 es?
339 907 392 942 εἶτ’
414 911 469 942 οὐκ
493 909 640 953 αἰσθοίνῃς

68 956 120 987 Sic
143 968 174 987 v.
197 967 225 987 c.
244 958 325 995 ΧΠ,
353 957 418 998 889
444 959 523 999 Quae
557 969 642 988 nunc

68 1001 185 1033 deinde
198 1013 288 1032 mora
306 1011 353 1034 est
362 1008 378 1034 .³
402 1006 469 1041 IX,
489 1005 551 1042 781
580 1016 642 1045 quo

69 1047 183 1079 deinde
186 1048 319 1091 fitgam,
338 1061 400 1091 quo
415 1050 564 1080 tenditis?
573 1053 641 1082 Nec

67 1094 204 1125 multum
227 1096 327 1126 aliena
349 1096 417 1127 haec
438 1103 513 1126 sunt
535 1107 550 1127 a
568 1097 640 1127 vul-

67 1141 135 1181 gari
158 1151 220 1171 usu
242 1152 302 1182 pro
319 1153 435 1183 porro,
460 1149 514 1172 aut
532 1144 642 1183 proin

64 1193 229 1227 posterum
240 1210 249 1225 ,
269 1187 309 1218 ab
325 1189 386 1219 hoc
399 1188 474 1218 inde
488 1196 640 1229 tempore.

65 1241 98 1263 v.
117 1243 144 1263 c.
161 1233 220 1264 inf.
238 1235 278 1272 V,
298 1240 349 1270 14.
367 1237 410 1265 Te
425 1235 638 1273 circumstent,

63 1277 128 1317 jam
141 1280 236 1310 Hom.
254 1278 326 1322 περὶ
341 1278 403 1324 γὰρ
421 1278 508 1311 κακὰ
524 1279 641 1312 πάντο-

66 1323 114 1354 θεν
132 1323 223 1364 ἔστη,
238 1325 352 1367 Odyss.
368 1324 403 1364 ξ,
423 1337 500 1365 270.
518 1327 642 1367 Zephy-

64 1379 116 1400 ros
133 1372 319 1412 simpliciter
335 1383 395 1413 pro
418 1374 521 1403 ventis
539 1373 637 1412 dicit;

64 1422 101 1446 ut
118 1417 198 1447 solet
216 1419 251 1448 in
267 1425 438 1448 ventorum
455 1419 640 1449 nominihus

63 1472 178 1503 parum
192 1470 337 1494 accurate
346 1466 464 1494 versari
472 1465 638 1506 Virgilius.

63 1509 214 1540 Haerebat
228 1510 282 1539 hic
297 1510 553 1541 Holdsworthus.
573 1512 639 1541 Etsi

64 1565 125 1585 nec
143 1562 208 1594 est,
233 1566 291 1586 cur
308 1567 376 1587 non
391 1558 520 1597 proprie
536 1556 638 1587 dictos

63 1608 176 1642 putes;
198 1613 272 1632 nam
296 1603 336 1632 ab
358 1602 523 1633 occidente
549 1610 638 1633 ortus

63 1654 180 1678 ventus
199 1647 321 1679 deferre
339 1651 468 1680 AEneam
482 1660 497 1678 a
513 1648 639 1680 Cartha-

63 1694 145 1735 ginis
165 1705 220 1724 ora
246 1696 281 1724 in
304 1695 425 1724 Italiam
451 1695 574 1725 debuit.
599 1696 640 1725 Et

63 1740 109 1769 sic
123 1740 182 1771 inf.
199 1743 241 1778 V,
266 1751 323 1780 19,
342 1751 395 1771 20.
412 1758 458 1763 —
476 1742 552 1771 562.
578 1741 641 1770 De-

64 1796 177 1823 mens,
198 1785 348 1826 σχέτλιος.
369 1804 415 1809 —-
432 1787 508 1822 564.
533 1786 641 1817 Lectio

63 1831 131 1862 haec
173 1832 311 1862 Medicei
351 1833 550 1873 aliorumque
595 1839 641 1863 est

67 1878 162 1909 codd.
183 1879 357 1920 elegantior
373 1878 459 1908 haud
475 1878 572 1909 dubie
587 1879 640 1908 illa

64 1930 96 1954 et
109 1931 212 1965 poetae
227 1925 424 1966 frequentata
435 1947 444 1963 ,
460 1925 499 1956 cf.
516 1936 547 1956 v.
561 1926 638 1963 532,

64 1980 159 2011 quam
188 1971 302 2007 altera,
337 1981 433 2011 qnam
462 1971 516 2001 alii
546 1971 638 2002 codd.

65 2022 116 2057 a'p.
131 2018 242 2048 Heius.
260 2024 291 2047 et
305 2018 414 2048 Burm.
440 2017 452 2058 (
466 2017 556 2056 cujus
568 2020 638 2048 Me-

65 2072 136 2104 mg.
153 2063 205 2094 alt.
221 2062 473 2105 suscitathabet)
489 2074 562 2093 cum
573 2075 638 2094 uno

63 2109 147 2139 Pier.
167 2115 198 2140 et
215 2109 323 2151 fragm.
343 2111 448 2142 Vatic.
465 2110 638 2152 variosque

66 2153 185 2186 barum
200 2156 342 2187 concitae
349 2164 452 2188 cestus.
463 2158 557 2188 Forte
570 2159 638 2197 ipse

63 2207 157 2242 poeta
179 2202 344 2234 meliorem
357 2203 526 2236 lectionem
547 2204 637 2235 alteri

694 818 969 859 adscripserat.——-
987 816 1081 846 Certa
1099 815 1198 852 mori,
1224 817 1270 844 vi-

695 864 734 894 de
757 875 789 895 V.
808 864 885 901 475.
898 880 945 886 --
966 863 1042 893 565.
1062 861 1272 902 Praecipitare

696 910 748 941 vel
761 908 795 940 τὸ
810 911 931 951 sugere,
944 909 1143 950 praecipitare
1152 908 1271 948 fugam,

696 957 764 994 vel,
791 957 988 997 praecipitem
1015 965 1100 991 esse,
1124 955 1272 995 praecipi-

696 1010 800 1033 tanter
814 1001 1045 1044 agera—566,
1068 1001 1144 1038 567.
1160 1001 1274 1031 Ornati

695 1059 806 1079 versus
820 1050 826 1078 1
842 1047 975 1079 Turbari
984 1046 1132 1084 trabibus,
1146 1046 1274 1086 impleri

695 1094 832 1125 navibus
851 1105 895 1125 sc.
915 1093 1165 1134 Carthaginiens.
1186 1091 1271 1122 conf.

695 1141 753 1171 inf.
771 1141 835 1181 592
853 1151 920 1182 sq.;
939 1140 1019 1169 male
1040 1139 1140 1170 Cerda
1154 1137 1274 1168 turbari

697 1194 891 1229 tempestate.
911 1204 958 1211 —
975 1186 1052 1217 568.
1070 1185 1108 1215 Si
1121 1192 1152 1214 te
1170 1184 1219 1214 Izis
1237 1195 1269 1214 a.

697 1235 890 1274 Comparant
908 1232 997 1263 Iliad.
1024 1243 1060 1269 σ,
1086 1232 1170 1268 268,
1192 1231 1270 1270 269.

694 1281 821 1320 —569.
847 1279 978 1309 Varium
1004 1286 1036 1308 et
1052 1289 1093 1308 m.
1113 1277 1150 1307 hs
1165 1277 1188 1307 l.
1204 1284 1271 1306 tan-

695 1333 765 1356 tum
786 1336 824 1356 eo
847 1326 1005 1366 pertinet,
1031 1323 1119 1365 quod
1141 1324 1177 1353 in
1201 1333 1272 1352 mu-

693 1372 788 1402 liebri
813 1373 919 1401 animo
949 1381 1094 1400 summus
1122 1379 1211 1399 amor
1236 1370 1272 1398 in

693 1428 849 1447 summam
867 1417 1020 1447 saevitiam
1046 1422 1078 1446 et
1095 1416 1273 1445 immanita-

695 1470 760 1493 tem
778 1464 860 1493 verti
877 1469 999 1503 potest,
1015 1469 1053 1492 ut
1071 1462 1150 1491 adeo
1164 1464 1270 1491 AEneae

694 1509 733 1539 de
750 1509 851 1539 salute
867 1507 1071 1550 cogitandum
1089 1508 1269 1546 sin—570.

694 1555 782 1585 nocti
795 1567 828 1585 se
839 1555 860 1586 i.
876 1565 907 1585 a.
923 1555 1063 1585 evanuit.
1075 1565 1145 1594 sup.
1155 1565 1187 1584 v.
1204 1554 1269 1592 278

691 1601 754 1631 tali
773 1600 936 1641 Cyllenius
950 1611 1004 1630 ore
1024 1600 1171 1640 loquutus
1184 1602 1270 1630 ,Uor-

693 1647 768 1677 talis
791 1646 881 1676 visus
904 1645 1008 1676 medio
1028 1656 1175 1676 sermone
1196 1646 1269 1676 reli-

693 1693 772 1734 quit.
1228 1728 1231 1732 .

743 1739 805 1776 571
822 1754 868 1761 —-
887 1738 964 1776 575.
991 1737 1105 1767 Subicis
1131 1738 1266 1774 umbris,

695 1792 798 1825 potest
818 1784 898 1814 forte
914 1784 1012 1824 accipi
1033 1793 1092 1824 pro
1113 1785 1269 1824 imagine,

694 1833 773 1861 viso.
793 1830 909 1861 Melius
924 1837 1028 1859 tamen
1045 1830 1080 1860 in
1101 1837 1195 1870 poeta
1211 1841 1271 1870 pro

695 1877 827 1919 caligine
852 1876 959 1906 subito
987 1882 1117 1914 exorta,
1135 1876 1272 1907 abeunte

694 1923 774 1961 deo,
794 1924 869 1963 qui,
890 1929 926 1952 ut
944 1933 1014 1952 mos
1034 1928 1098 1959 est,
1120 1923 1154 1952 in
1172 1923 1272 1952 multa

692 1969 762 2000 luce
788 1975 975 2009 apparuerat
991 1978 999 2000 ε
1019 1975 1056 1998 ut
1070 1979 1140 2009 sup.
1155 1979 1186 1999 v.
1203 1970 1268 1999 358

692 2016 787 2045 deum
806 2014 977 2056 manifesto
992 2014 1025 2044 in
1045 2014 1167 2044 lumine
1185 2015 1268 2045 vidi.

692 2062 794 2092 Fulsic
809 2062 849 2091 ab
874 2061 972 2091 invita
995 2071 1112 2091 numen
1133 2061 1267 2102 procul,

692 2110 735 2138 ait
750 2108 856 2139 Valer.
877 2107 923 2138 Fl.
937 2109 983 2137 VI
993 2129 1002 2145 ‚
1023 2107 1100 2143 480.
1112 2108 1157 2137 At
1178 2118 1268 2138 nunc

690 2155 744 2186 ille
780 2156 799 2185 5
805 2165 846 2193 70
878 2152 964 2184 nocti
991 2163 1024 2184 se
1055 2154 1269 2184 immiscuerat

690 2199 970 2242 acrae.—Corr1pic
981 2211 998 2234 e
1012 2210 1125 2232 5omno
1141 2210 1268 2241 corpus,
