1433 2460
121 89 184 119 362
582 83 801 115 Eth‘RSUS
828 84 856 113 11

119 157 190 188 qua·
205 145 276 175 dua·
292 150 366 173 sunt
381 142 491 172 insulae
502 142 593 181 juxta
611 143 789 174 Tenedum.
807 142 905 184 Apud
925 143 1097 185 'Virgilium
1120 143 1160 174 ab
1178 144 1245 186 ipsa
1260 147 1320 176 Te-

120 202 201 233 nedo
217 199 373 240 prodeunt
387 220 396 234 ‚
410 199 444 227 iu
459 208 524 238 quo
539 199 706 239 Hyginum
723 197 817 228 habet
833 199 1095 230 consentientem.

167 259 377 286 Immoranmr
387 253 435 282 his
450 263 507 293 per
519 263 551 283 se
566 253 691 283 levibus
708 264 763 290 eo,
774 253 862 294 quod
876 253 925 283 vel
939 264 979 283 ex
996 253 1043 283 his
1060 253 1321 294 intelligitur,va-

121 314 165 341 rie
181 311 259 341 olim
273 310 353 338 hanc
367 308 504 337 fabulam
517 318 533 337 a
545 308 692 348 pluribus
706 309 807 348 poetis
822 308 916 338 fuisse
930 316 1105 340 tractatam.
1117 308 1178 339 Sed
1191 308 1324 339 liberior

121 365 213 395 nobis
224 361 448 404 progrediendi
463 361 553 391 locus
566 360 670 398 datur,
686 368 716 390 et
729 372 896 401 possumus
909 363 1000 392 etiam
1014 364 1184 404 scriptores
1196 361 1324 392 laudare

123 418 256 458 Virgilio
275 416 487 456 antiquiores,
505 416 560 456 qui
576 414 615 444 dc
638 417 819 445 Laocoonte
843 416 974 456 egerint.
998 416 1237 448 Nonnullorum
1253 416 1326 456 qui-

121 473 192 502 ·lcm
206 472 335 502 nomina
345 471 409 510 jain
425 477 496 499 ante
511 469 745 510 adscripsimus.
762 470 826 499 Etsi
841 468 1056 500 Thessandrus
1067 470 1213 511 quidem,
1229 469 1326 500 modo

123 539 138 556 e
157 527 267 557 Servio
291 531 498 561 memoratus,
514 525 645 554 excitari
667 535 684 553 a
713 523 807 553 uobis
833 534 901 554 non
929 531 1055 565 potest:
1075 534 1150 554 nam
1172 525 1199 555 is
1215 524 1327 554 Pisau-

121 582 195 611 ‹lrus
223 591 287 611 esse
317 580 465 616 videtur,
484 586 635 620 corrupte
661 579 714 608 ille
741 585 773 608 et
795 578 869 609 alias
892 578 1064 609 Tisandrus
1080 585 1222 609 vocatus.
1236 579 1329 610 Alter

121 644 226 666 autem
245 635 399 675 scriptor,
415 644 433 664 a
447 634 558 664 Servio
582 633 748 670 laudatus,
767 631 975 672 &simachus
985 656 994 669 ,
1008 631 1247 663 Alexandrinus
1261 632 1329 662 sine

123 689 224 719 dubio
244 689 321 726 fuit,
338 698 405 718 non
427 687 577 729 ignobilis
596 687 674 717 olim
689 693 802 717 auctor
819 684 892 730 περὶ
915 684 1026 723 Νόςων
1038 710 1046 725 ,
1060 697 1155 728 quem
1173 695 1247 716 cum
1263 685 1332 716 aliis

123 744 233 774 similis
250 743 428 784 argumenti
443 742 651 783 scriptoribus
669 741 832 772 laudatum
849 741 936 772 vides
951 742 986 771 in
1000 740 1105 772 Schol.
1123 740 1277 782 Apollon.
1294 741 1310 770 Ι
1320 762 1329 777 ,

125 798 187 828 558
199 820 208 834 ,
224 803 255 827 et
270 795 460 837 particulam
481 806 521 825 ex
537 797 642 836 primo
659 796 726 834 ejus
740 795 825 826 libro
839 796 874 825 in
888 798 1003 827 Tzetza
1019 795 1058 825 ad
1074 794 1236 836 Lycophr.
1253 793 1332 832 874.

123 853 163 883 cf.
178 854 270 882 Voss.
290 850 329 881 de
349 851 431 880 Uist.
453 850 511 880 Gr.
534 850 590 880 lib.
612 851 678 887 ΙΙΙ,
692 861 724 890 p.
749 851 811 881 180
826 861 853 881 a.
871 851 988 892 Attigit
1004 851 1098 881 etiam
1112 848 1252 879 fabulam
1271 849 1333 887 Ly-

122 905 261 946 cophron
278 911 389 945 poeta,
407 904 462 944 qui
487 911 517 934 et
535 904 601 944 ipse
617 903 822 934 Alexandriae
844 905 944 941 vixit,
959 904 1120 935 Ptolemaei
1135 902 1332 944 Philadelphi

123 966 229 995 aetate,
244 960 279 987 in
302 956 475 988 Cassandra
491 967 521 987 v.
540 958 616 994 3347.
639 957 733 987 Alius
754 957 815 987 fuit
839 967 880 987 ex
897 957 1004 987 schola
1020 957 1256 994 Alexandrina,
1276 957 1333 997 qui
1354 963 1358 966 '

125 1012 264 1042 fabulam
280 1011 318 1041 de
337 1013 518 1041 Laocoonte
535 1021 602 1041 non
618 1012 722 1051 attigit
748 1018 887 1049 tautum,
909 1011 964 1042 sed
982 1012 1204 1053 pertractavit,
1227 1017 1259 1041 et
1279 1010 1333 1040 ille

123 1065 253 1107 quidem
266 1072 358 1106 poeta
371 1064 447 1095 olim
461 1064 670 1101 clarissimus,
685 1064 884 1105 Euphorion.
899 1067 949 1096 Ex
963 1076 1000 1095 eo
1016 1065 1131 1096 fabulae
1145 1070 1331 1096 ornamenta

125 1119 281 1151 nonnulla
305 1119 378 1149 satis
402 1118 568 1149 recondita
587 1126 692 1149 narrat
708 1119 748 1149 ad
764 1118 797 1150 h.
815 1119 837 1150 1.
861 1130 892 1150 v.
914 1130 978 1150 201
998 1120 1144 1158 Servius,
1162 1126 1194 1149 et
1218 1129 1259 1149 ex
1276 1129 1331 1156 eo,

124 1182 217 1216 puto,
233 1180 384 1214 corrupte
398 1180 517 1211 tamen,
535 1175 691 1214 Pompon.
707 1174 779 1205 Sab.
794 1174 936 1206 Omnino
949 1174 1079 1215 quidem
1092 1173 1332 1215 Euphorionem

126 1229 248 1260 fabulas
270 1229 423 1266 Trojanas
439 1238 498 1257 suo
515 1238 603 1258 more
618 1235 764 1258 tractasse
787 1235 818 1258 et
836 1238 993 1267 narrasse,
1017 1239 1058 1259 ex
1080 1228 1118 1258 iis
1139 1234 1242 1268 patet,
1258 1236 1333 1267 quae

125 1297 199 1316 eum
224 1285 263 1315 de
287 1283 438 1321 Laodice,
455 1284 571 1314 Priami
589 1282 670 1321 filia,
694 1283 817 1313 diverse
844 1284 884 1314 ab
907 1285 1050 1314 Homero
1073 1289 1105 1313 et
1121 1281 1260 1313 Lescheo
1278 1278 1330 1311 σὺν

127 1337 227 1372 οὐδενὶ
251 1337 362 1377 εἰκότι,
379 1349 519 1369 narrasse
535 1340 704 1370 Pausanias
720 1338 828 1379 prodit
850 1338 907 1369 lib.
927 1341 973 1376 Χ,
991 1339 1033 1368 26
1045 1360 1053 1375 ‚
1069 1349 1102 1378 p.
1122 1337 1198 1372 864.
1220 1336 1330 1367 Potuit

126 1404 233 1427 autem
259 1394 298 1425 de
322 1396 503 1425 Laocoonte
526 1403 617 1434 agere
645 1393 851 1434 Euphorion,
877 1394 913 1423 in
939 1403 1035 1434 opere
1067 1393 1079 1434 (
1097 1388 1251 1432 Μοψοπίοι
1278 1390 1330 1420 vel

128 1442 258 1481 Ᾰτακτα.
278 1449 468 1488 inscriptum
481 1446 569 1488 erat)
589 1458 654 1488 quo
668 1447 842 1478 reconditae
856 1455 888 1478 et
900 1447 1046 1479 obscurae
1060 1457 1101 1478 ex
1117 1453 1182 1477 tota
1196 1445 1332 1476 fabulari

126 1505 259 1535 historia
277 1503 393 1533 fabulae
410 1511 477 1532 non
493 1513 584 1532 secus
603 1509 696 1543 atque
716 1514 732 1532 a
752 1503 944 1534 Callimacho
962 1503 997 1533 in
1020 1499 1152 1540 Αἰτίοις,
1172 1508 1204 1532 et
1226 1503 1330 1542 Lyco-

127 1559 252 1600 phrone
276 1559 310 1588 in
329 1556 500 1588 Cassandra
519 1563 609 1587 erant
633 1559 795 1598 expositae.
820 1568 850 1588 v,
877 1569 948 1599 sup.
971 1556 1010 1587 ad
1028 1557 1095 1588 Eol.
1121 1557 1186 1594 VI,
1211 1566 1265 1594 72.
1293 1557 1331 1586 In

128 1615 243 1655 quinto
264 1612 364 1647 libro,
384 1613 441 1651 qui
458 1611 575 1642 Chilias
590 1613 763 1652 inscriptus
779 1618 858 1649 erat,
874 1613 976 1653 prisca
991 1611 1138 1649 oracula,
1156 1619 1331 1650 eorumque

128 1675 259 1698 eventus
286 1666 469 1707 collegerat,
494 1666 637 1707 adeoque
653 1674 683 1696 et
702 1678 737 1697 ea
759 1677 829 1707 quae
853 1666 1015 1697 excidium
1034 1667 1139 1705 Trojae
1161 1672 1333 1696 antecesse-

128 1729 215 1759 rant,
229 1731 407 1751 memorare
423 1720 546 1751 debuit.
1334 1719 1339 1724 “

175 1777 250 1807 Non
266 1786 346 1805 vana
359 1775 434 1805 hinc
450 1776 589 1816 suspicio
603 1776 681 1805 oriri
695 1782 815 1816 potest,
831 1775 1073 1816 Euphorionem
1089 1775 1182 1804 etiam
1196 1773 1333 1815 Virgilio

130 1832 163 1859 in
182 1830 240 1859 hac
261 1830 370 1859 fabula
394 1837 466 1860 ante
490 1830 601 1860 oculos
626 1831 766 1870 positum
793 1830 899 1861 fuisse.
926 1832 1023 1867 Nam,
1043 1839 1139 1870 quam
1164 1825 1332 1869 magnifice

130 1885 284 1926 Virgilius
304 1884 342 1914 de
361 1896 398 1914 eo
415 1892 508 1926 poeta
522 1885 669 1923 senserit,
685 1896 726 1914 cx
744 1885 861 1927 Ecloga
874 1886 937 1923 VI,
954 1895 994 1923 72
1010 1891 1042 1915 et
1057 1887 1107 1921 X,
1123 1882 1329 1924 5oime11igi-

130 1949 200 1979 ων,
216 1941 303 1971 unde
320 1942 413 1971 etiam
431 1941 588 1981 Quinctil.
603 1943 634 1972 X
645 1964 653 1979 ,
674 1951 687 1970 1
699 1964 707 1978 ‚
727 1941 768 1971 56
781 1951 788 1971 :
803 1939 911 1982 Quid.»²
927 1939 1168 1981 Euphorionem
1183 1935 1330 1968 transibi-

131 2000 225 2026 mus.³
249 2006 342 2036 quem
359 1994 422 2025 nisi
435 1995 599 2035 probasset
621 1995 792 2037 Isis-gilius,
821 1995 906 2025 idem
933 2005 1099 2035 nunquam
1122 2000 1205 2023 ceree
1221 1991 1330 2022 condi-

128 2057 230 2079 torum
253 2050 438 2081 Chalcidico
451 2062 547 2081 ‘versu
563 2050 742 2081 carminum
748 2049 884 2092 jecisset
901 2049 934 2079 in
950 2048 1109 2079 Bucolicis
1124 2046 1330 2078 mentionem.

128 2107 168 2135 Et
187 2107 320 2136 omnino
343 2106 570 2136 Alexandrinis
589 2107 690 2147 poetis
704 2105 850 2146 inprimis
871 2114 999 2145 operam
1021 2103 1143 2133 dedisse
1158 2102 1331 2142 Virgilium

129 2168 290 2197 nostrum,
308 2172 349 2191 ex
363 2163 465 2202 iisque
481 2161 650 2202 profecisse
666 2162 701 2190 in
719 2159 864 2190 doctrina
881 2160 1020 2200 poetica,
1039 2169 1101 2199 qua
1118 2157 1261 2195 excellit,
1277 2156 1330 2186 ad-

130 2215 265 2246 mirabili
277 2238 286 2253 ,
298 2222 329 2246 et
355 2217 390 2246 in
409 2217 607 2257 simplicitate
629 2216 781 2246 orationis
801 2225 900 2255 pura,
915 2221 995 2245 tersa
1015 2225 1050 2244 ac
1076 2213 1192 2250 nitida,
1207 2213 1259 2243 cui
1276 2212 1325 2243 di·
