1402 2460
593 86 715 117 LIBER
741 86 798 115 IV.

95 141 235 179 Punica
250 155 291 179 se
306 141 455 192 quantis
473 142 628 180 adtollet
644 143 765 193 gloria
783 142 913 180 rebus!

96 205 155 239 Tu
174 202 287 239 modo
308 215 421 253 posce
438 203 528 241 deos
547 204 719 250 veniam,
738 204 929 253 sacrisque
951 202 1065 240 litatis
1269 209 1300 232 ⁵0

94 262 253 312 Indulge
272 262 457 313 hospitio,
478 276 703 313 caussasque
722 263 871 299 innecte
892 262 1086 308 morandi,

94 324 196 359 Dum
214 322 347 373 pelago
365 323 519 361 desaevit
534 324 672 370 hiems,
694 332 731 361 et
750 336 913 373 aquosus
935 324 1076 368 Orion,

96 384 366 433 Quassataeque
383 393 502 432 rates,
522 384 613 422 dum
628 398 705 422 non
726 384 923 421 tractabile
940 383 1086 421 coelum.
1106 399 1121 415 υ

96 444 164 481 His
184 443 292 482 dictis
312 445 507 484 incensum
527 446 695 483 animum
713 445 962 482 inflammavit
981 456 1128 490 amore,

97 505 287 553 Spemque
307 504 412 542 dedit
432 505 558 543 dubiae
577 506 711 553 menti,
729 506 917 555 solvitque
941 503 1138 554 pudorem.
1269 510 1300 534 5⁵

149 563 340 613 Principio
359 564 519 602 delubra
535 565 696 612 adeunt,
718 578 925 615 pacemque
946 577 1015 615 per
1033 577 1115 601 aras

96 623 329 672 Exquirunt3
351 633 515 661 mactant
531 626 645 662 lectas
661 625 707 661 dc
726 638 832 662 more
851 624 1015 661 bidentis

96 682 280 733 Legiferae
297 685 444 730 Cereri,
461 685 699 735 Phoeboque,
715 686 890 735 patrique
906 688 1039 734 Lyae0‚

96 817 200 847 Vatic.
211 818 251 846 Et
260 816 356 847 codd.
369 819 547 847 auctoritati
561 824 671 858 putem

94 863 129 892 iu
137 862 250 893 talibus
257 873 322 893 esse
328 863 486 901 standum,
495 866 552 894 etsi
562 870 592 893 et
599 864 672 893 alte-

95 919 168 938 rum
178 917 262 940 recte
271 910 398 944 dicitur,
411 917 448 939 ut
461 911 483 940 1.
496 911 522 947 Ι,
533 911 671 946 534Ηιισ

95 965 201 985 cursus
207 956 287 997 filit.
304 957 375 986 Huc
387 958 480 987 etiam
491 959 617 987 Servius
626 958 672 986 in-

95 1008 296 1042 terpretatur.
307 1022 353 1027 —-
364 1009 406 1044 49
419 1021 464 1026 —
474 1004 528 1034 53.
561 1005 671 1044 Quan-

95 1048 133 1077 tis
147 1049 250 1086 rebus,
269 1050 384 1091 opibus
396 1073 403 1087 ,
418 1052 572 1091 potentia.
588 1052 670 1080 Mox

95 1095 171 1124 deos
179 1096 311 1126 veniam
320 1107 466 1137 poscere,
481 1108 534 1127 eos
546 1097 669 1138 placare

95 1151 131 1171 ac
143 1144 300 1183 propitios
312 1143 443 1173 reddere
454 1143 565 1181 jubet3
584 1154 670 1173 caus-

94 1198 159 1219 sam
184 1190 218 1219 in
242 1189 305 1220 iuis
328 1200 374 1221 VS.
396 1201 428 1230 9.
449 1200 574 1230 quaere,
595 1202 668 1231 quoe

95 1247 145 1265 me
161 1235 322 1266 insomnia
333 1244 451 1267 terrene
458 1248 472 1272 ‚·
489 1237 528 1266 ad
542 1240 669 1279 expian-

93 1282 132 1312 da
156 1282 276 1313 scilicet
293 1284 527 1313 insomniorum
546 1286 669 1323 omina,

93 1329 191 1360 sacris
211 1329 331 1365 litatis,
353 1341 437 1361 nove
456 1329 519 1359 hoc
546 1331 668 1362 dictum

94 1376 190 1417 (uam
217 1378 346 1418 proprie
374 1377 484 1407 litatur
515 1376 575 1408 diis
608 1390 666 1420 per

92 1433 180 1454 sacra
202 1434 226 1454 s.
246 1424 359 1461 sacris,
377 1422 558 1464 victimis),
576 1426 666 1467 quod

92 1473 218 1502 Servius
233 1472 327 1502 etiam
343 1478 448 1510 notat3
464 1471 519 1501 sed
536 1473 666 1513 Virgilii

93 1517 240 1557 exemplo
255 1525 287 1548 et
304 1518 357 1549 alii
370 1517 479 1549 dixere
496 1517 590 1550 litare
600 1520 666 1549 vic-

93 1565 199 1595 timas.
213 1583 259 1589 -—-
276 1567 331 1597 50.
349 1566 488 1607 Indulge
507 1565 661 1607 hospitio,

91 1612 316 1654 hospitalitati,
359 1612 590 1644 benevolentiae
631 1616 666 1644 'm

91 1659 246 1700 hospitem
260 1672 268 1697 ;
284 1660 323 1689 da
337 1669 467 1699 operam
479 1660 598 1700 hospiti
611 1661 665 1691 be-

91 1706 205 1736 nevole
216 1705 375 1736 habendo.
392 1723 438 1728 —-
455 1706 509 1737 52.
521 1709 668 1746 Aquosus

95 1751 207 1789 Orion,
223 1754 280 1793 qui
296 1752 413 1782 imbres
434 1759 467 1781 et
483 1752 610 1782 nimbos
624 1753 668 1782 af-

92 1798 153 1828 fert
167 1805 242 1829 ortu
256 1809 325 1829 suo.
346 1799 396 1829 Sic
415 1797 515 1828 Piscis
530 1809 667 1839 aquosus

93 1845 209 1887 Georg.
224 1846 281 1882 IV,
302 1846 378 1880 234.
393 1844 492 1874 Orion
506 1845 587 1875 bene
601 1856 665 1875 me-

92 1899 254 1928 moratur,
272 1891 312 1922 cf.
329 1893 362 1928 Ι,
381 1891 445 1921 535
457 1914 465 1927 ‚
486 1891 563 1921 dum
581 1900 667 1921 rates

91 1945 252 1978 quassatae
265 1937 310 1979 (v.
323 1939 337 1967 Ι
347 1961 355 1974 ,
373 1938 413 1967 55
422 1948 434 1966 1
446 1938 457 1979 )
474 1944 505 1968 et
520 1938 667 1968 nondum

91 1985 216 2015 refectae
225 1991 318 2022 sunt3
334 1984 411 2014 dum
421 1995 485 2013 non
498 1984 666 2014 tractabile

74 2031 205 2067 ‘coelum
236 2037 282 2060 est
294 2054 302 2068 ‚
323 2031 397 2061 alias
420 2041 559 2068 saevum,
576 2042 664 2072 aspe-

93 2087 180 2115 rum,
206 2078 432 2119 procellosum.
445 2095 491 2100 —-
512 2078 565 2113 54.
599 2079 664 2107 Im-

87 2135 188 2165 pense
204 2125 281 2155 olim
289 2124 410 2155 lectum
419 2125 547 2156 Servius
558 2131 647 2154 notat
658 2136 666 2161 ;

93 2178 125 2201 et
137 2181 210 2202 sane
226 2170 335 2213 fragm.
350 2172 455 2203 Vatic.
476 2171 663 2210 impensom.

95 2217 291 2250 Flammavie
301 2219 409 2259 plures
419 2220 500 2251 Pier.
513 2219 623 2249 Heius.
635 2225 666 2248 et

724 819 834 847 Burm.
849 827 924 846 cum
941 816 1053 846 eodem
1072 816 1182 857 ftagm.
1195 817 1299 846 Vatic.

725 864 833 893 ——55.
853 863 1013 903 Solvt'tqne
1032 862 1190 903 pudorem
1219 863 1300 892 male

724 910 882 951 accipitur
894 932 902 947 ,
935 910 1025 949 quasi
1064 909 1103 939 ad
1130 909 1299 949 impuden-

725 958 801 986 tiam
831 958 871 986 sit
897 956 1054 996 prolapsa.
1088 956 1149 987 Sed
1175 956 1298 991 effecit,

725 1014 789 1043 quo
827 1013 895 1033 eam
921 1003 985 1040 jam
1016 1003 1123 1032 minus
1164 1002 1301 1042 puderet

724 1051 823 1080 amori
833 1050 1053 1080 succumbere.
1065 1048 1116 1079 Ad
1126 1061 1195 1092 sqq.
1205 1060 1301 1090 super

723 1096 860 1127 Didonis
874 1098 990 1138 pietate
1009 1106 1086 1126 mox
1102 1097 1138 1126 in
1156 1097 1300 1138 impieta-

723 1150 786 1173 tem
801 1154 890 1173 versa
908 1144 1007 1173 multa
1025 1150 1187 1184 argutatur
1199 1147 1301 1174 Bossn

723 1189 789 1231 (du
803 1192 922 1220 Poe'me
939 1190 1052 1231 e'pique
1066 1191 1107 1226 V,
1121 1191 1151 1227 3,
1162 1202 1194 1231 p.
1208 1190 1300 1231 417).

774 1238 815 1268 56
835 1255 881 1260 —
901 1238 955 1277 59.
982 1238 1026 1267 L't
1047 1235 1115 1265 haec
1143 1239 1202 1267 rite
1230 1248 1301 1277 per-

723 1285 836 1325 spicias
848 1307 856 1321 ‚
876 1284 1051 1315 tenendum
1065 1305 1074 1319 ‚
1091 1285 1232 1325 primum
1261 1284 1300 1314 de

723 1339 858 1372 utraque
872 1342 981 1361 sorore
992 1354 1000 1368 ‚
1025 1339 1095 1361 tum
1108 1331 1147 1361 de
1166 1330 1232 1360 sola
1246 1333 1301 1362 Di-

722 1378 806 1408 done
823 1380 889 1421 agi3
907 1384 937 1408 et
953 1389 970 1408 a
983 1389 1013 1407 v.
1028 1379 1071 1408 60
1087 1377 1152 1408 duo
1165 1388 1231 1407 esse
1242 1401 1250 1416 ‚
1264 1380 1300 1408 in

719 1425 838 1465 quibus
864 1431 1020 1466 occupata
1050 1431 1096 1455 est
1123 1423 1208 1455 Dido
1223 1447 1232 1461 ‚
1263 1432 1300 1454 ut

718 1473 856 1502 victimis
871 1473 956 1502 caesis
973 1471 1048 1502 deos
1062 1471 1123 1501 sibi
1138 1472 1296 1512 propitios

718 1518 847 1557 reddat3
873 1526 905 1549 et
927 1529 944 1548 a
964 1530 993 1549 v.
1022 1519 1084 1555 63,
1107 1525 1144 1548 ut
1162 1525 1234 1547 exta
1249 1519 1299 1548 in-

718 1567 841 1606 spiciat.
861 1569 992 1601 Pacem,
1004 1566 1132 1595 veniam
1145 1564 1277 1594 deorum
1287 1589 1295 1601 ‚

719 1612 986 1649 benevolentiam,
997 1623 1028 1642 τ’.
1042 1612 1145 1642 5o.—-
1158 1611 1211 1641 58.
1223 1613 1298 1640 Fru-

717 1657 832 1699 ngerae
861 1661 997 1689 Roman.
1028 1665 1059 1688 et
1084 1658 1137 1687 alii
1161 1659 1242 1687 Pier.
1263 1668 1298 1687 ac

720 1706 830 1735 Heius.
842 1715 916 1734 cum
927 1705 1037 1745 fragm.
1047 1705 1152 1734 Vatic.
1163 1713 1179 1732 a
1193 1713 1242 1744 pr.
1254 1714 1296 1734 m.

723 1758 754 1780 et
767 1758 877 1781 nostro
890 1751 989 1780 Goth.
1006 1757 1077 1780 tert.
1089 1750 1151 1781 Sed
1163 1750 1298 1780 alterum

720 1796 846 1826 doctius
850 1796 1065 1838 .--Legfiroe
1083 1796 1192 1826 Cereri
1199 1794 1299 1839 Δημη-

720 1854 768 1873 τει
795 1843 886 1886 6:035,
873 1853 926 1884 φο
952 1854 986 1873 ω.
1005 1844 1089 1872 Vitae
1116 1842 1207 1872 cultu
1231 1854 1297 1873 me-

719 1889 799 1919 liore
818 1891 948 1919 invento
970 1891 1042 1927 jura
1065 1899 1101 1918 ac
1122 1889 1208 1930 leges
1222 1897 1299 1920 sunt

719 1943 820 1973 natae,
842 1936 1046 1977 legitimaque
1061 1946 1136 1966 cum
1151 1935 1201 1965 his
1222 1946 1298 1966 con-

719 1982 828 2013 nubia.
847 1984 990 2013 Servavit
1005 1983 1132 2013 Servius
1151 1981 1191 2011 ad
1203 1993 1235 2013 v.
1252 1983 1293 2013 58

719 2039 828 2058 versus
852 2029 963 2060 Calvi:
983 2031 1028 2059 Ec
1051 2029 1136 2071 leges
1163 2037 1296 2060 sanctas

719 2075 845 2111 docuit,
868 2083 900 2105 et
914 2086 992 2106 cara
1004 2074 1134 2118 jugavit
1153 2075 1295 2116 Corpora

720 2121 885 2152 connubiis
917 2129 950 2152 ec
981 2133 1119 2164 magnas
1151 2123 1298 2153 condidit

720 2168 820 2200 urbes.
856 2169 921 2200 Cur
949 2168 1067 2199 Phoebo
1097 2175 1128 2199 et
1167 2169 1294 2200 Baccho

718 2226 807 2246 nunc
834 2225 917 2247 sacra
940 2214 1039 2255 fiant,
1063 2222 1188 2248 tautum
1216 2226 1294 2247 con-
