1402 2460
582 82 703 112 LIBER
727 80 786 110 111.

1221 89 1285 119 209

85 135 192 181 Visa,
212 137 359 186 aperire
378 137 511 187 procul
531 139 688 183 montis,
708 150 751 174 ac
769 135 924 173 volvere
945 137 1100 174 sumum.

85 195 176 231 Vela
195 196 351 243 cadunt3
373 197 484 233 remis
505 197 751 247 insurgimus;
772 195 874 232 haud
895 209 1018 244 mora,
1039 204 1161 233 nautae

84 252 229 290 Aduixi
249 263 427 304 torquent
446 268 614 304 spumas,
635 264 672 291 et
691 249 829 292 caerula
849 265 1017 293 verrunt.

137 315 337 351 Servatum
356 328 401 351 ex
421 315 531 352 undis
552 315 811 365 Strophadum
832 328 891 352 me
911 316 1023 353 litora
1041 316 1206 366 primum

82 373 289 423 Adcipiunt
308 388 316 410 :
339 374 573 424 Strophades
593 376 710 412 Graio
730 384 828 412 stant
850 377 1002 414 nomine
1021 377 1151 424 dictae,
1235 393 1282 410 210

81 433 218 470 Insulae
239 433 349 469 Ionio
369 433 408 469 in
428 446 582 483 magno,
603 447 695 483 quas
716 435 797 470 dira
818 435 986 480 Celaeno,

81 493 335 542 Harpyiaeque
355 493 484 531 colunt
504 494 602 539 aliae,
623 493 779 530 Phineia
798 504 999 544 postquam

82 552 218 589 Clausa
237 552 389 599 domus,
409 566 632 603 mensasque
652 562 756 590 metu
775 554 920 602 liquere
941 554 1098 603 priores.

81 612 241 649 Tristius
262 612 363 649 haud
383 613 454 650 illis
475 621 703 658 monstrum,
722 626 792 649 nec
811 614 947 649 saevior
967 614 1042 649 ulla

80 673 215 719 Pestis,
236 682 271 710 et
291 673 347 709 ira
367 673 478 709 deum
500 673 639 722 Stygiis
659 685 739 711 sese
759 672 893 709 extulit
912 673 1034 710 undis.
1235 685 1282 708 ης

80 731 250 781 Virginei
267 733 466 769 volucrum
484 732 628 779 voltus,
648 732 851 769 foedissima
867 732 1008 769 ventris

80 903 202 934 movet,
231 907 271 927 ex
297 907 362 938 quo
390 898 456 938 ipsa
485 897 551 928 visa
582 905 650 937 est;

80 943 207 973 volvere
222 942 352 984 fiamum
383 945 520 974 incensis
537 947 652 985 passim

79 989 205 1031 ignibus
229 991 264 1019 in
284 990 461 1020 litoralibus
485 991 652 1022 habitatio-

79 1036 192 1073 nibus;
209 1043 245 1065 ut
259 1035 330 1066 fieri
345 1037 434 1067 solet.
451 1038 531 1067 Nam
547 1038 585 1068 de
601 1048 652 1067 ne-

78 1082 162 1112 bulis
189 1092 221 1112 se
257 1082 474 1112 attollentibus
510 1085 653 1124 accipere

77 1128 174 1166 velle,
209 1136 289 1158 esset
316 1128 459 1169 physici,
492 1141 559 1160 nou
586 1130 653 1168 ejus

77 1177 135 1216 qui
164 1181 289 1216 poetam
326 1176 582 1216 interpretatur:
611 1175 651 1206 cf.

79 1221 195 1262 Odyss.
229 1231 266 1258 κ,
297 1232 340 1261 99
360 1228 391 1250 et
424 1221 462 1251 al.
491 1223 572 1252 Vela
598 1232 652 1251 ca-

78 1269 176 1303 dunt,
195 1267 408 1297 demittuntur
418 1290 426 1304 ‚
437 1274 488 1304 ut,
503 1275 652 1309 tanquam

76 1316 113 1344 in
127 1314 206 1344 locis
218 1313 342 1344 vadosis
353 1337 360 1351 ‚
375 1315 468 1344 remis
481 1313 520 1343 ad
537 1322 651 1345 terram

78 1367 188 1401 agatur
200 1362 308 1390 navis:
328 1361 423 1390 remis
442 1360 649 1402 insurgimus,

77 1408 154 1438 dum
169 1406 310 1436 elevatur
323 1417 438 1447 corpus
450 1417 599 1448 magnum
612 1408 651 1438 ad

78 1456 181 1485 nisum
199 1462 206 1482 ε
225 1454 413 1493 exquisitius
429 1465 524 1494 quam
539 1455 650 1484 inniti—

77 1511 168 1536 mur,
187 1500 411 1530 incumbimus.
420 1500 469 1530 cf.
486 1500 544 1530 inf.
566 1501 649 1537 560;

77 1549 119 1584 V,
156 1545 230 1585 189.
259 1547 378 1576 Graecis
407 1543 539 1589 e'yssotw‘
514 1558 553 1576 ειν
580 1547 648 1582 ταῖς

76 1592 198 1626 κώπαις
219 1602 263 1622 sc.
285 1590 340 1628 τὰς
357 1592 406 1632 χεῖ
398 1603 473 1635 ,ρας
499 1603 647 1632 spumas,

77 1638 211 1674 οων-αἶα,
240 1648 300 1678 pro
337 1640 425 1669 mari.
456 1639 648 1669 Adumbrati

76 1694 183 1715 versus
198 1694 239 1713 ex
256 1686 351 1714 Ennii
373 1685 489 1715 Annal.
508 1686 598 1716 xlv.
615 1696 646 1715 V.

76 1732 165 1771 Frag.
184 1731 266 1761 Enn.
282 1742 313 1771 p.
338 1733 414 1767 103,
438 1736 513 1766 104.

123 1789 140 1807 2
150 1785 258 1806 10—2
267 1788 279 1806 1
288 1778 318 1807 5.
340 1776 534 1817 Strophades
557 1776 647 1805 insu-

74 1826 114 1855 lae
128 1824 200 1853 duae
208 1824 242 1852 in
262 1825 339 1852 mari
359 1825 468 1859 Ionio,
483 1832 523 1851 ex
539 1821 647 1850 adver-

78 1881 112 1901 so
130 1865 340 1909 Peloponnesi
362 1875 432 1898 ante
446 1866 646 1907 Zacynthum

74 1918 162 1953 sitae3
197 1916 273 1946 olim
307 1915 406 1944 Plotoe
434 1913 536 1943 dictae.
563 1912 642 1947 Sed,

75 1964 232 2004 propulsis
249 1972 289 1990 ex
304 1960 415 1990 Phinei
433 1960 528 1990 domo
543 1958 583 1988 ad
596 1969 646 1988 eas

76 2013 176 2049 nsque
202 2007 320 2038 insulas
349 2007 516 2047 Harpyiis,
538 2006 646 2035 Boreae

77 2054 136 2084 filii
156 2053 343 2095 ὑπέστρεφον
361 2050 405 2093 ἂψ
422 2050 473 2083 ἐπὶ
492 2053 570 2088 νῆα,
584 2062 645 2081 un-

79 2099 118 2129 de
145 2096 320 2143 Στροφάδες
353 2099 418 2129 djci
450 2104 644 2139 coeperunt:

78 2145 142 2176 vid.
160 2147 310 2188 Apollon.
327 2147 378 2184 ΙΙ,
407 2146 472 2176 285
484 2169 492 2184 ‚
515 2146 580 2186 296
598 2154 644 2184 sq.

79 2192 227 2233 Apollod.
253 2195 283 2232 Ι,
299 2203 339 2233 9,
359 2202 399 2222 21
428 2199 459 2223 et
488 2193 585 2224 Notas
612 2201 645 2231 p.

710 909 773 939 190
789 909 857 940 sqq.
873 900 955 931 Mox
969 900 1003 929 in
1019 910 1138 941 magno
1153 909 1220 929 non
1236 909 1280 930 ar-

705 946 905 987 gutandum:
929 946 1051 976 dictum
1079 953 1115 975 ut
1148 947 1280 976 omnino

706 1002 795 1021 mare
825 1003 978 1034 magnum
989 1015 998 1030 ,
1031 1000 1115 1022 terra
1143 1002 1279 1033 magna.

705 1056 752 1062 -—
771 1049 848 1069 211.
868 1041 895 1069 1.
914 1039 946 1068 in
970 1049 1090 1080 magno
1111 1038 1204 1067 Ionio
1228 1049 1278 1079 pr.

707 1085 822 1115 Hamb.
839 1086 879 1114 In
895 1085 981 1115 deest
1002 1084 1124 1115 Zulich.
1141 1094 1157 1113 a
1171 1095 1213 1114 m.
1229 1095 1280 1124 pr.

707 1142 765 1161 nec
781 1131 875 1162 alibi:
891 1131 979 1172 quod
992 1132 1109 1168 mir0r3
1126 1140 1198 1159 nam
1214 1141 1280 1160 me-

705 1177 767 1206 lius
777 1177 883 1207 abesse
894 1178 925 1207 ιή
936 1177 1063 1207 videtur
1073 1188 1081 1214 ς
1098 1178 1155 1206 etsi
1168 1187 1281 1206 verum

706 1230 769 1260 est,
789 1230 915 1264 poetam
941 1234 1028 1264 aeque
1050 1223 1132 1252 bene
1159 1223 1280 1252 Insula.-

707 1269 739 1298 in
760 1269 853 1299 Ionio
879 1270 1018 1300 scribere
1045 1270 1196 1310 potuisse.
1215 1271 1278 1298 Ve-

704 1326 794 1353 rum,
811 1317 900 1356 quod
924 1317 1033 1357 negari
1059 1317 1190 1355 nequit,
1203 1315 1278 1344 Vi1-

704 1361 798 1402 gilius
831 1364 1028 1403 giaecismum
1063 1368 1095 1391 et
1127 1361 1280 1390 doctrinae

704 1410 924 1439 auctoritatem
952 1410 1045 1438 etiam
1071 1409 1106 1436 in
1125 1399 1174 1436 his
1189 1407 1280 1436 hiati-

704 1454 764 1484 bus
782 1455 947 1485 affectavit.
961 1454 1048 1484 Idem
1061 1452 1202 1482 studium
1216 1452 1279 1482 elu-

704 1509 754 1531 cet
776 1503 811 1531 in
823 1501 943 1542 syllaba
961 1508 1038 1530 tono
1053 1498 1276 1540 producenda,

703 1549 795 1577 etiam
825 1546 883 1576 ubi
914 1547 971 1576 alia
1001 1547 1076 1576 satis
1109 1544 1277 1575 commoda

702 1595 803 1624 oratio
819 1599 850 1621 et
857 1593 1031 1622 verborum
1041 1592 1193 1630 junctura
1205 1602 1276 1631 sup-

700 1639 852 1679 petebat:
876 1649 948 1668 eum
976 1644 1130 1678 spectasse
1154 1637 1275 1666 scilicet

701 1686 838 1715 arbitror
864 1686 980 1723 partim
1008 1684 1090 1720 hoc,
1111 1690 1146 1713 ut
1173 1683 1275 1712 oratio

699 1731 881 1771 gravitatem
896 1730 1038 1766 haberet,
1055 1730 1149 1758 etiam
1164 1728 1274 1758 durio-

699 1786 733 1804 re
749 1776 914 1813 junctura3
933 1777 1049 1816 partim
1072 1781 1110 1804 ut
1134 1775 1273 1814 exquisi-

699 1822 813 1851 tiorem
835 1823 989 1852 rationem
1013 1821 1144 1850 inferret
1168 1831 1273 1850 exem—

699 1867 754 1907 plo
789 1868 909 1897 Graecae
939 1868 1103 1898 orationis.
1122 1885 1167 1890 —
1194 1867 1270 1896 213.

703 1914 821 1943 Clausa
849 1914 961 1943 domus
991 1913 1023 1944 h.
1053 1924 1080 1944 e.
1114 1923 1153 1943 ex
1175 1913 1272 1943 domo

699 1959 811 1990 Phinei
826 1960 966 2000 expquae
980 1970 996 1989 a
1017 1959 1116 1989 Zetho
1131 1965 1163 1988 et
1175 1959 1271 1990 Calai.

699 2023 745 2028 —
756 2007 833 2037 215.
848 2008 904 2035 Ira
917 2006 1010 2036 deum
1023 2005 1055 2037 h.
1073 2006 1096 2036 l.
1115 2016 1182 2043 res,
1198 2015 1270 2045 quae

700 2052 739 2082 ab
768 2052 814 2082 ira
840 2052 935 2082 deum
948 2053 1054 2091 venit,
1071 2062 1089 2082 a
1108 2051 1168 2082 diis
1183 2052 1270 2082 iratis

698 2099 890 2130 immittitur.

748 2146 833 2184 216,
852 2155 934 2184 217,
953 2145 1030 2176 218.
1048 2144 1176 2175 Ventris
1191 2154 1268 2184 pro-

700 2190 796 2222 luvies
823 2191 867 2222 sic
891 2193 962 2222 satis
978 2191 1111 2223 honeste
1128 2201 1188 2231 pro
1203 2200 1271 2220 sor-

1045 2255 1109 2292 18*
