1433 2460
170 78 230 107 31³.

675 71 868 103 AENFJDOS

168 135 208 168 Et
232 131 347 167 >olem
368 128 578 178 geminum,
595 136 631 165 ct
649 129 809 179 duplicis
827 142 865 164 sc
885 127 1085 165 ostendere
1107 128 1275 175 Theba33
1319 140 1368 170 470

169 197 242 228 Ant
262 189 578 239 Agamemnonius
598 189 717 226 scenis
734 189 894 239 agitatus
916 191 1070 227 Orestes
1086 218 1097 237 ,

171 257 361 288 Armatam
379 248 523 287 facibus
542 258 700 287 matrem
720 260 757 287 ct
776 249 1016 299 serpentibus
1037 251 1128 288 atris

166 383 272 422 ι-»νζβας
285 405 292 419 ,
317 380 372 412 καὶ
391 381 517 424 πόλισμ’
534 379 741 425 ἑπτάστομον.

166 432 292 461 Servius
320 428 411 458 adh.
436 439 467 458 v.
497 427 657 458 Pentheus
685 439 744 458 au-

166 487 226 506 tem
239 501 246 511 ,
269 474 441 505 secundum
466 474 659 516 tragoediam
679 477 743 504 Pa-

165 523 247 553 cuvii
265 523 362 552 etiam
384 521 450 562 ipse
462 520 560 562 fiirit.
590 522 629 550 Et
653 523 744 551 Pom-

165 581 241 610 μου.
254 569 324 599 Sal).
337 567 427 608 apud
435 567 607 597 Pacuuium
623 567 744 597 induci-

165 626 216 646 tur
242 614 401 646 Pentheus
416 613 550 655 furens,
573 613 631 653 qui
652 613 746 643 videt

166 664 245 692 duos
270 662 352 691 soles
373 669 405 690 et
420 660 501 690 duas
527 659 660 690 Thebas.
685 662 742 690 Pa-

166 710 251 739 cuvii
280 707 409 749 quidem
438 706 543 736 sabula
570 706 623 736 tali
653 715 745 747 argn-

166 762 274 785 mento
297 765 332 784 ac
351 754 481 783 nomine
497 753 570 782 alias
585 760 659 782 nota
679 763 746 782 non

166 810 212 831 est
224 825 231 839 ,
243 801 297 831 sed
310 803 345 830 L.
364 799 450 830 Accii
465 798 610 828 Bacchas
624 809 744 828 memo-

167 855 247 877 ratas
281 847 387 877 videas
401 869 409 883 ‚
442 856 482 875 ex
513 846 627 875 Graeco
660 843 745 874 haud

165 894 264 924 dubie
288 893 356 923 illas
379 902 556 922 conversas,
573 891 745 931 Virgilium

165 940 333 980 exscripsit
345 941 461 969 Seneca
472 941 583 978 Agam.
597 938 660 975 728
675 948 744 977 sqq.

166 985 314 1027 Agmina
341 986 437 1015 Eum.
465 984 548 1013 dixit
571 990 607 1013 ut
630 991 743 1024 poeta,

167 1042 278 1074 agmen
295 1030 519 1062 Eumenidum.

216 1086 255 1117 47
267 1089 293 1108 1.
332 1075 611 1119 Agamemnoneis
650 1075 745 1107 Wall.

168 1125 268 1156 Furiis
287 1124 427 1166 agitatus
442 1123 564 1163 aliquot
583 1121 677 1152 codd.
695 1133 745 1163 ap.

169 1174 270 1209 Dicin,
298 1170 387 1211 quod
416 1181 456 1200 ex
485 1169 747 1209 interpretatione

168 1219 347 1259 profectum
374 1223 405 1247 et
430 1227 471 1246 ex
494 1216 552 1246 lib.
583 1217 650 1252 ΙΙΙ,
680 1215 743 1245 331

168 1266 340 1305 repetitum
356 1263 446 1293 facile
460 1262 629 1302 intelligas.
650 1261 748 1293 Nobi-

168 1312 285 1340 lissima
312 1310 346 1339 in
377 1309 409 1339 h.
441 1309 463 1338 l.
496 1315 542 1338 est
569 1306 747 1338 emendatio

169 1355 355 1387 Marklandi
377 1355 416 1384 ad
430 1355 564 1385 Statium
581 1360 612 1383 et
629 1354 662 1382 in
688 1355 746 1394 Ep.

170 1404 247 1435 Crit.
263 1413 296 1442 p.
316 1412 377 1439 127
397 1400 558 1442 proposita
575 1405 606 1429 et
619 1406 745 1430 ornata:

171 1449 281 1479 Poenis
293 1447 434 1489 agitatus
444 1470 452 1485 ‚
469 1446 503 1476 id
519 1453 583 1483 est,
601 1455 618 1474 a
633 1446 746 1476 Furiis.

171 1496 356 1536 Amplectar
377 1505 463 1531 eam,
491 1499 575 1522 certe
597 1499 748 1532 tanquam

170 1542 396 1582 elegantiorem
411 1540 583 1569 lectionem
594 1562 602 1575 ‚
620 1545 650 1568 et
664 1540 746 1578 ipse,

170 1590 197 1619 si
226 1588 420 1617 declaratum
448 1585 578 1622 videro,
603 1586 749 1615 omnium

170 1635 327 1665 librorum
355 1634 524 1663 lectionem
549 1631 668 1661 habere
693 1631 749 1660 ali-

170 1680 267 1722 quid,
281 1679 367 1721 quod
385 1686 479 1720 poeta
499 1677 668 1719 iudignum
684 1678 724 1706 sit
738 1686 745 1707 :

171 1729 241 1757 Aut
263 1726 370 1756 ‘veluti
393 1725 513 1763 scenis,
540 1735 600 1765 pro
628 1733 722 1754 scena
738 1745 746 1760 ‚

173 1775 205 1803 itz
229 1784 327 1803 scena
356 1773 480 1802 Orestes
493 1770 579 1813 ficrit
600 1781 621 1800 a
647 1769 750 1800 Fun'is

172 1820 359 1860 exagitatus
371 1830 381 1848 .·
395 1829 466 1849 cum
479 1825 538 1848 etc.
553 1818 634 1848 Nam
648 1816 749 1846 scenis

172 1866 314 1907 agitatus
323 1867 457 1907 jungere
467 1887 476 1903 ‚
490 1871 521 1894 et
534 1863 676 1893 omnibus
688 1870 751 1893 tra-

171 1911 287 1953 goediis
308 1919 400 1941 notus
423 1912 565 1951 accipere
583 1909 663 1951 quid
685 1916 750 1939 tan-

175 1959 245 1988 dem
264 1959 348 1999 cogit
360 1958 373 1987 {²
391 1960 477 1988 Vera
488 1958 569 1987 ratio
582 1962 646 1987 est:
659 1955 752 1986 velue

176 2006 209 2034 in
228 2015 326 2034 scena
348 2005 472 2034 Orestes
488 2003 566 2033 furit
583 2003 595 2043 (
605 2001 693 2043 quod
710 2012 750 2031 ex

176 2050 373 2081 antecedent.
401 2049 634 2090 eliciendum),
654 2049 748 2089 quum

167 2097 258 2138 fltgit
287 2096 427 2137 agitatus
459 2108 502 2127 m.
533 2097 662 2127 Novum
690 2094 750 2124 hoc

177 2144 293 2179 fateor,
322 2142 410 2182 quod
434 2142 474 2172 ad
498 2141 636 2172 fabulam
659 2141 752 2181 tragi-

179 2190 287 2220 camin
297 2199 390 2220 scena
399 2189 579 2220 exhibitum
588 2193 750 2230 provocat.

796 382 892 423 Quod
917 382 1076 423 displicet,
1104 383 1184 414 forte
1211 383 1274 414 hoc
1301 390 1370 421 est,

796 429 884 470 qnod
916 430 950 458 in
980 430 1160 460 narratione
1192 441 1232 460 ex
1266 431 1372 471 prisco

797 486 866 505 aevo
888 476 1104 515 interponitur
1128 476 1249 517 aliquid
1276 477 1374 506 moris

797 523 923 551 serioris
934 544 941 558 ‚
957 521 1110 563 quodque
1129 522 1208 552 adeo
1230 532 1319 552 mens
1334 522 1374 552 ab

798 568 851 597 illa
864 567 1023 602 illecebra,
1038 578 1099 608 qua
1111 568 1288 606 tenebatur,
1300 578 1375 598 cum

798 616 905 644 AEneae
921 621 952 644 et
967 613 1102 643 Didonis
1117 614 1186 644 fatis
1200 616 1267 656 ipsa
1285 615 1376 655 quasi

798 671 935 701 praesens
973 662 1136 691 interesset
1154 683 1163 697 ,
1208 667 1377 691 revocatur

798 718 886 737 nunc
920 707 1029 737 subito
1045 728 1054 745 ‚
1095 714 1131 737 ut
1163 706 1304 737 delusam
1344 717 1376 736 se

799 755 924 784 sentiat.
942 755 1009 785 Nec
1036 760 1140 783 tamen
1163 753 1232 783 haec
1257 754 1291 783 iu
1309 753 1375 793 ipsa

799 801 980 830 narratione
994 822 1003 837 ,
1045 799 1100 829 sed
1140 800 1173 829 in
1208 809 1376 839 compara-

799 846 887 876 tione
920 847 1107 886 interposita
1138 852 1223 876 sunt.
1253 844 1376 886 Quidni

800 900 905 923 autem
927 899 1021 932 poeta
1043 892 1105 922 hoc
1127 892 1177 922 vel
1197 891 1235 922 ad
1253 892 1377 921 varian-

799 939 872 969 dam
887 949 992 968 rerum
1007 938 1117 968 faciem
1139 940 1234 976 ausit,
1251 939 1307 978 qui
1328 945 1376 968 to·
1408 966 1412 970 .

799 987 858 1016 ties
881 985 1132 1025 comparationes
1154 985 1189 1014 in
1207 985 1295 1014 huuc
1311 995 1377 1014 mo-

800 1032 877 1062 dum
905 1032 1064 1068 instituit,
1084 1038 1120 1060 ut
1144 1042 1184 1061 ex
1206 1032 1270 1061 vita
1294 1041 1378 1061 com-

799 1078 890 1107 muni
920 1084 950 1107 et
978 1087 1039 1106 usu
1063 1077 1233 1107 hominum
1258 1076 1377 1118 aliquid

800 1130 921 1164 repetat
945 1130 976 1153 et
999 1123 1058 1153 hac
1083 1123 1218 1153 formula
1242 1130 1377 1155 utatur:

801 1178 836 1200 ut
857 1180 941 1210 soepe
964 1168 1113 1199 videmus
1135 1177 1195 1200 etc.
1223 1171 1290 1201 Nec
1314 1169 1377 1200 hoc

801 1217 880 1247 adeo
898 1216 983 1246 idem
1006 1216 1099 1256 plane
1118 1227 1191 1246 cum
1216 1226 1273 1254 eo,
1290 1216 1379 1257 quod

801 1264 893 1293 toties
910 1269 1049 1293 oratores
1061 1262 1180 1293 habent
1199 1272 1206 1293 :
1227 1263 1380 1304 quemad-

802 1309 929 1339 modum
945 1308 1000 1339 ille
1022 1308 1055 1338 in
1080 1319 1193 1345 scena,
1219 1308 1379 1351 infabula

801 1362 860 1385 etc.
880 1356 946 1386 Cic.
965 1365 1024 1395 pro
1043 1357 1138 1386 Rosc.
1150 1356 1258 1386 Amet.
1273 1366 1300 1386 c.
1322 1356 1376 1394 67.

801 1401 912 1431 Nolite
925 1401 1011 1430 enim
1023 1409 1156 1441 putare,
1176 1402 1378 1442 quemadmo-

802 1447 881 1477 dum
901 1447 1071 1476 in2fabulis
1093 1458 1313 1488 saepenumero
1331 1450 1378 1479 vi-

802 1493 900 1531 detis,
933 1504 1008 1530 eos,
1037 1493 1093 1534 qui
1125 1493 1256 1534 aliquid
1282 1494 1380 1536 impie

801 1540 1018 1580 scelerateque
1043 1539 1277 1578 commiserint,
1308 1542 1380 1584 agi-

803 1586 867 1616 tari
880 1594 911 1616 et
921 1586 1094 1626 perterreri
1106 1586 1272 1618 Furiarum
1286 1588 1379 1619 eaedis

802 1632 995 1663 ardentibus.
1028 1632 1067 1663 cf.
1098 1632 1239 1665 AEschin.
1266 1635 1302 1664 in
1326 1636 1378 1665 Ti-

802 1678 922 1709 march.
940 1679 1001 1709 sub
1023 1678 1058 1716 f.,
1083 1678 1170 1709 unde
1189 1681 1259 1711 haec
1273 1680 1379 1711 adum-

802 1725 901 1755 brata.
921 1725 1013 1756 Adde
1028 1726 1094 1756 Cic.
1108 1725 1147 1756 de
1161 1729 1253 1769 Legg.
1269 1729 1285 1757 1
1295 1750 1304 1765 ,
1325 1734 1377 1764 14.

802 1772 930 1803 Scilicet
953 1779 1061 1802 orator
1086 1774 1205 1803 excitat
1229 1774 1337 1804 locum
1362 1785 1379 1805 e

803 1818 972 1859 tragoedia3
994 1825 1026 1848 at
1049 1825 1143 1858 poeta
1173 1820 1300 1850 scenico
1324 1831 1378 1861 ap-

802 1871 915 1905 paratu
935 1875 970 1894 ac
986 1865 1129 1895 theatrali
1143 1866 1323 1907 spectaculo
1339 1867 1379 1897 ad

804 1913 1074 1951 comparationem
1092 1912 1296 1950 mitum—47
1306 1923 1318 1942 1
1331 1930 1380 1936 —

805 1964 844 1995 47
853 1959 882 1988 3.
899 1959 1023 1988 Orestes
1033 1958 1280 1998 Agamemnonis
1288 1957 1375 1990 filius

804 2003 1053 2044 Clytaemnestrae
1070 2004 1176 2033 matris
1194 2005 1297 2035 Furiis
1315 2005 1388 2047 agi-‘

804 2056 904 2086 tatus,
930 2048 1008 2078 dum
1025 2055 1155 2079 matrem
1172 2049 1256 2080 faces
1270 2051 1332 2081 sibi
1347 2058 1379 2082 et

805 2102 963 2135 serpentes
1002 2095 1210 2125 intentantem
1251 2097 1378 2137 fugiens

804 2147 889 2171 tecto
915 2140 1060 2181 prosilit,
1089 2141 1123 2177 in
1149 2141 1272 2173 foribus
1304 2145 1379 2174 tecti

804 2188 913 2223 Furias
926 2187 987 2217 sibi
1000 2197 1178 2227 occurrere,
1191 2199 1287 2230 seque
1300 2189 1376 2223 adeo
