1423 2517
49 187 67 209 t‘·
552 178 746 209 AENEIDOS

46 241 192 283 Limum
217 238 376 274 multum
396 235 456 273 ille
473 244 510 272 ct
527 235 637 273 terris
654 235 837 286 jactatus,
855 242 891 270 ct
911 233 1005 277 alio,

44 301 90 336 vi
109 310 308 348 superum,
325 309 433 334 saevae
455 309 663 334 memorem
685 294 844 334 Junonis
861 293 911 330 ob
932 293 1042 336 iram;

48 360 169 399 Multa
190 370 342 407 quoque
365 366 401 394 et
418 355 519 394 bello
541 369 691 407 passus,
713 354 802 392 dum
819 353 999 391 conderet
1017 349 1170 396 urbem,
1242 359 1255 381 5

50 554 100 583 ,scd
120 553 293 593 pauciore&
318 549 568 581 Commendabat
589 548 626 578 il-

51 599 105 630 lud
123 599 232 629 lleins.
250 599 369 638 recepit
382 599 557 627 Burmann.
575 595 627 625 Sic

52 655 155 675 uum-n
163 645 227 683 jam
243 644 364 673 editum
375 643 525 673 e‹1.Junt.
542 652 553 671 1
563 641 628 672 520

50 703 108 733 per
124 692 194 722 Nic.
210 690 394 731 Angelium,
406 688 491 718 uude
508 689 541 717 in
556 688 631 717 alias

53 737 125 767 edd.
144 737 242 766 veuit.
261 736 340 766 Aliae
366 736 524 764 retinuere
543 733 632 763 Lavi-

55 793 170 824 naque).
180 781 296 812 Eadem
307 783 439 811 varietas
450 779 535 821 apud
547 780 629 810 Gell.

54 832 102 866 X,
129 829 185 865 16,
201 835 231 857 et
247 828 286 858 al.
304 828 412 857 Euiuu
422 838 475 857 ero
496 826 633 856 Lavinia.

55 885 131 904 arva
146 874 204 905 inf.
224 874 279 904 lib.
296 875 354 911 lv,
369 874 434 904 236
448 895 456 911 ,
474 880 505 903 ct
519 874 564 903 sic
581 873 633 902 alii

56 927 168 962 poetae.

107 968 142 1004 3,
163 972 193 1001 4.
218 964 315 994 Venit
325 964 470 1006 jactatus
482 986 490 1002 ,
512 972 544 995 et
559 975 636 1005 pas-

57 1023 127 1048 sus,
152 1012 371 1052 interponitur
390 1022 431 1041 ex
450 1021 538 1041 more
556 1011 611 1041 ille
625 1022 635 1040 :

57 1065 227 1099 postquam
248 1068 378 1098 magnos
400 1057 525 1087 labores
544 1059 636 1087 inari-

58 1105 143 1134 1imis
157 1103 331 1141 erroribus,
341 1111 371 1134 et
389 1109 506 1133 tentata
520 1104 637 1133 frustra

59 1151 153 1180 variis
167 1152 203 1179 in
216 1150 297 1180 locis
311 1160 395 1179 nova
413 1149 485 1179 sede
497 1173 505 1187 ‚
523 1150 637 1181 tolera-

57 1202 156 1226 xerat.
174 1193 282 1226 Πολλὰ
302 1192 331 1226 δ’
349 1194 398 1240 ὅγ’
417 1195 445 1226 ἐν
460 1194 564 1239 πόντῳ
578 1194 640 1226 ποί-

59 1243 106 1271 sse-a
125 1240 230 1284 ἄλγεα
248 1240 278 1271 ἓν
302 1240 387 1272 κατὰ
404 1240 510 1284 θυμόν,
529 1242 591 1273 Od.
607 1252 639 1280 α,

62 1294 93 1323 4.
112 1287 152 1316 Vi
161 1298 318 1328 superum,
333 1289 466 1318 numine
482 1299 516 1318 ac
530 1289 642 1319 volun-

60 1340 123 1364 tate
148 1333 282 1363 deorum
303 1344 310 1364 :
332 1333 366 1364 ἐκ
382 1334 471 1371 θεοῦς
492 1334 525 1365 ἐκ
553 1335 640 1365 Θεῶν.

60 1381 237 1409 ΛΙειηονειη
252 1380 389 1409 szom's
405 1381 443 1410 ob
457 1380 555 1418 iram3
570 1392 642 1421 pro-

62 1427 131 1466 prie
147 1426 285 1455 Iunonis
300 1427 458 1462 memoris,
477 1427 569 1465 cujus
585 1428 642 1463 ira,

63 1471 94 1501 h.
113 1482 140 1501 e.
161 1471 310 1501 vindictae
327 1472 494 1512 cupiditas,
511 1484 582 1502 cum
598 1483 644 1501 ac-

65 1523 164 1557 ceptae
182 1518 308 1555 injuriae
324 1519 479 1557 pertinaci
494 1519 644 1548 memoria

66 1569 132 1592 erat
160 1564 333 1601 conjuncta
344 1586 352 1601 ‚
373 1563 515 1604 adeoque
531 1571 563 1593 et
579 1565 646 1605 ipsa

66 1611 113 1638 ira
131 1619 262 1640 memor.
283 1610 334 1640 Sic
348 1617 378 1639 ct
398 1611 513 1641 Graeci.
530 1612 646 1640 Exem-

68 1655 121 1695 pla
142 1655 320 1685 cumulavit
337 1656 484 1686 Guellius
507 1656 556 1687 ad.
573 1657 605 1688 h.
623 1658 644 1688 l.

68 1699 195 1730 Sufficit
210 1712 323 1738 unum,
337 1700 464 1745 μνγζμων
480 1704 565 1745 μῆνις
582 1706 649 1733 AEs-

70 1746 157 1787 chyl.
182 1748 370 1787 Agamemn.
402 1750 476 1779 161.
500 1749 553 1779 Ad
580 1761 646 1779 rem

72 1792 156 1822 conf.
187 1794 312 1825 AEneid.
337 1795 395 1825 lib.
421 1797 463 1833 V,
494 1796 556 1834 781
577 1807 645 1837 sqq.

70 1840 253 1869 Revocatur
276 1848 379 1871 autem
401 1840 464 1870 hoe
487 1852 582 1871 versu
599 1853 648 1872 re—

71 1894 143 1913 rum
168 1893 366 1916 narratarum
389 1887 469 1917 ordo
491 1887 531 1917 ad
551 1889 648 1918 inter-

73 1937 203 1960 sentum
235 1934 374 1963 Junonis
407 1940 438 1963 et
469 1941 648 1965 ceterorum

73 1974 217 2007 deorum.

122 2022 194 2050 5—
207 2034 236 2060 7.
252 2025 356 2054 Multa
371 2037 500 2067 quoque
510 2038 643 2068 passus,

73 2066 167 2096 etiam
191 2068 283 2099 bello.
307 2073 508 2113 Quamquam
523 2085 648 2115 quoque

73 2119 105 2141 ec
116 2123 175 2153 pro
190 2115 326 2155 simplici
344 2130 468 2159 qnoque
483 2121 576 2150 etiam
593 2120 647 2149 ali-

74 2158 265 2191 bioccurrit.
276 2163 359 2192 Dum
370 2166 644 2203 conderecurbem,

73 2203 175 2235 donec
189 2208 353 2238 Lavinium
371 2212 514 2243 condidit
525 2213 645 2243 sedem-

72 2260 134 2290 que
160 2252 206 2282 ibi
232 2254 357 2294 imperii
376 2256 466 2296 fixit3
487 2260 578 2299 cujus
599 2260 643 2289 rei

68 2298 195 2338 signum
209 2302 426 2343 certissimum,
443 2306 469 2336 si
481 2308 583 2349 patria
597 2317 644 2338 re-

678 548 754 589 ligio
770 547 914 576 instituta
931 551 995 583 est,
1019 545 1105 575 unde
1121 555 1128 576 ε
1155 544 1260 587 lustr·

680 601 790 634 rccque
808 592 884 622 deos
900 591 1005 622 Latio.
1021 592 1061 621 cs.
1084 593 1166 628 ΧΠ,
1183 598 1257 632 194.

683 642 756 680 Quo
782 639 874 669 etiam
897 637 1095 679 splendidior
1120 638 1198 667 facta
1216 645 1263 667 est

683 687 787 716 oratio
800 708 808 723 ‚
839 695 934 725 quani
958 685 984 714 si
1017 683 1050 713 ιίι
1080 684 1174 713 Latio
1191 695 1261 714 eum

685 731 866 763 consedisse
896 730 1013 761 audias.
1046 730 1196 761 Ceterum
1228 731 1263 760 iu

685 779 747 810 hoc
775 785 806 808 et
832 789 896 818 seq.
927 787 1020 806 versu
1044 784 1137 816 poeta
1163 776 1266 816 operis

686 825 903 857 characterem
939 834 981 853 επ
1004 822 1079 865 fine
1101 823 1265 863 proposito

687 872 761 902 satis
775 871 946 901 declaravit
963 879 971 900 :
988 869 1092 899 sedem
1103 880 1218 899 umam
1233 871 1267 899 iu

689 918 788 955 Italia,
799 923 872 958 post
888 916 1036 946 toleratos
1052 917 1086 945 iu
1102 916 1266 945 erroribus

690 972 721 995 et
736 965 769 993 in
787 965 856 1004 ipso
873 973 1000 992 accessu
1014 962 1138 992 labores
1157 969 1188 992 et
1205 962 1267 991 dis-

689 1011 832 1041 crimina.
849 1011 1074 1049 Importuuum
1088 1009 1194 1049 itaque
1210 1014 1267 1045 est,

690 1057 824 1087 Achillis
844 1056 917 1084 irati
934 1049 1153 1085 vehementem
1173 1055 1267 1085 affec-

690 1111 760 1133 tum
772 1104 806 1132 in
823 1101 952 1132 AEneide
971 1101 1156 1139 desiderare,
1173 1112 1270 1142 quem

691 1156 784 1190 poeta
794 1148 946 1178 exhibere
956 1147 1061 1178 uoluit
1073 1158 1132 1178 nec
1146 1148 1270 1178 debuit.

693 1199 737 1226 At
760 1195 841 1225 illud
866 1194 1018 1235 praeclaro
1047 1204 1121 1223 cum
1147 1194 1271 1234 judicio

692 1244 726 1272 in
738 1243 841 1282 prima
859 1242 964 1270 statim
981 1241 1085 1271 fronte
1100 1241 1174 1281 egit,
1182 1239 1271 1282 quod

694 1299 801 1318 rerum
812 1287 1044 1317 narrandarum
1056 1297 1212 1316 summam
1227 1287 1274 1316 ad

696 1336 912 1366 Romanorum
923 1332 1079 1373 originem
1090 1334 1222 1363 retraxit
1235 1343 1270 1363 ac

696 1380 830 1411 deduxit
844 1403 852 1417 ‚
887 1379 1028 1419 adeoque
1068 1380 1272 1419 popularium

696 1437 831 1456 suorum
850 1426 994 1456 studium
1017 1425 1167 1455 audiendi
1186 1427 1273 1456 exci-

698 1473 787 1502 tavit.
826 1472 1028 1512 Inserretque
1062 1472 1138 1501 deos
1165 1472 1270 1508 Latio,

698 1518 829 1547 inferret
843 1519 878 1547 iu
893 1518 1017 1548 Latium
1034 1520 1164 1548 Penates
1179 1519 1274 1556 Troja

700 1564 858 1594 advectos.
874 1565 904 1593 A
919 1575 967 1601 rc,
989 1574 1060 1604 quoe
1086 1564 1272 1605 religionem

701 1618 733 1640 et
742 1611 978 1640 venerationem
994 1610 1099 1647 habet,
1115 1621 1274 1640 accessum

700 1659 807 1687 AEneae
830 1656 980 1696 praeclare
1001 1655 1151 1696 designat.
1171 1656 1274 1694 Unde,

700 1703 752 1732 alii
767 1703 808 1732 ad
826 1703 954 1732 Latium
971 1709 1002 1732 et
1018 1702 1056 1731 ad
1070 1702 1175 1732 urbem
1189 1709 1275 1733 retu-

699 1749 775 1787 lere,
786 1749 839 1779 alii
851 1748 889 1778 ad
897 1750 1050 1780 AEneam.
1064 1749 1199 1779 Melius:
1211 1759 1277 1790 qua

701 1806 743 1824 ea:
759 1807 809 1833 re,
827 1795 1023 1837 quofczclum
1040 1802 1104 1832 esc,
1119 1802 1155 1825 ut
1171 1795 1275 1826 abori-

701 1843 789 1882 gines
814 1852 886 1871 cum
903 1843 1034 1880 Trojaui
1058 1843 1173 1882 aequati
1194 1851 1278 1872 com-

701 1889 791 1918 muni
797 1889 983 1918 Latinorum
990 1889 1119 1918 nomine
1125 1889 1188 1918 sint
1195 1897 1279 1918 com-

701 1935 850 1975 prehensi
886 1934 898 1975 (
917 1935 956 1964 ef.
983 1937 1055 1965 AEn-
1085 1935 1150 1963 XII
1165 1957 1174 1970 ,
1210 1935 1275 1965 823

701 1991 748 2021 sq.
759 1980 787 2021 ),
803 1987 840 2010 ut
852 1981 890 2010 ab
900 1981 1037 2010 Ascanio
1053 1979 1136 2009 Alba
1148 1981 1189 2010 sit
1202 1991 1278 2011 con-

702 2027 778 2064 dita,
789 2034 820 2056 et
835 2037 875 2056 ex
891 2027 958 2064 ejus
972 2027 1105 2066 posteris
1120 2027 1203 2056 urbis
1219 2029 1276 2057 Ro-

700 2084 762 2102 mae
779 2072 957 2102 conditores
972 2079 1079 2102 ortum
1093 2072 1274 2104 habuerint.

699 2119 819 2149 Albam
843 2126 947 2148 autem
974 2119 1056 2149 bene
1080 2119 1119 2149 ab
1138 2120 1278 2150 Albanis

691 2165 839 2205 patribus
863 2165 1020 2206 designat,
1038 2165 1070 2196 h.
1097 2177 1124 2196 e.
1149 2173 1272 2204 senatu,

698 2218 848 2252 tanquam
861 2223 877 2242 a
894 2212 1053 2242 nobiliore
1072 2213 1185 2253 populi
1202 2223 1273 2253 par-

698 2265 737 2289 te.
767 2259 808 2290 cf.
832 2261 888 2297 IV,
906 2259 990 2296 6823
1010 2261 1090 2296 VII,
1108 2269 1185 2297 727.
1212 2261 1273 2289 Ro-

696 2316 783 2336 mam
799 2313 902 2337 autem
918 2316 976 2347 per
985 2306 1062 2337 αἴτεε
1080 2304 1200 2336 moem‘a
1213 2307 1272 2339 Ro-
