1402 2460
519 125 580 154 AD
603 124 767 155 LIBRUM
790 125 833 154 11.
1211 124 1276 164 359

123 181 184 213 Sed
197 182 324 223 gravior
341 181 520 212 observatio
536 183 617 213 forte
635 190 681 213 est
698 184 751 213 illa
762 206 770 221 ,
791 193 854 225 qua
870 189 936 213 arte
953 190 1046 224 poeta
1064 182 1202 213 fabulam
1214 194 1275 224 per

75 245 108 264 se
126 236 281 276 puerilem
304 243 335 265 et
353 236 471 266 nullam
496 235 687 270 πιθανότητα.
706 238 875 268 habentem
892 239 934 267 ita
951 238 1152 274 tractaverit,
1175 244 1211 267 ut
1228 239 1275 267 ni-

74 288 120 318 hil
135 300 194 320 nos
211 291 245 320 in
265 301 299 320 ea
314 290 476 329 offendat,
496 292 595 322 multa
614 291 782 323 delectent.
800 292 952 333 Fabulam
976 292 1045 322 dixi
1068 292 1223 333 puerilem
1245 297 1278 322 et

73 354 130 384 per
141 354 173 374 se
187 355 301 385 pamm
315 345 528 386 probabilem;
545 348 602 376 etsi
619 348 881 388 interpretatione
892 358 948 378 sua
964 358 1033 377 cam
1044 348 1154 386 juvare
1168 348 1273 377 conati

73 399 137 428 sint
149 398 241 428 multi
257 400 351 429 etiam
372 401 454 430 iuter
473 408 603 431 veteres.
624 401 708 431 Vide
723 401 773 431 vel
791 404 878 433 Serv,
898 407 928 431 et
946 400 1079 431 Cerdam
1096 399 1134 430 ad
1149 400 1182 431 h.
1199 401 1221 430 l.
1244 407 1276 429 et

73 452 164 492 plura
177 454 250 483 satis
263 455 369 494 inepte
387 456 564 495 excogitata
581 466 629 496 ap.
647 456 790 486 Licetum
817 455 959 485 Gemmis
976 455 1140 485 Annular.
1157 465 1190 495 p.
1208 455 1275 485 310

72 517 141 547 sqq.
155 506 344 538 Abhorreus
357 516 403 539 est
419 519 436 538 a
454 509 527 539 rudi
541 516 572 538 et
586 509 714 540 indocta
728 517 884 540 vetustate
896 533 904 548 ,
922 511 1058 551 cogitare
1081 509 1119 539 de
1132 509 1278 539 machina

73 560 187 591 bellica
205 563 239 592 in
261 564 334 603 equi
352 574 473 594 morem
494 564 638 595 formata.
658 565 719 596 Sed
738 565 823 595 haud
840 565 938 595 dubie
955 567 989 595 in
1009 566 1126 595 veteris
1147 564 1278 594 Graeciae

71 617 179 657 prisco
193 627 358 655 sermone,
375 618 508 648 audaces
523 626 553 649 et
564 620 735 650 insolentes
746 618 863 660 figuras
873 626 1021 657 sectante,
1035 619 1170 649 obscura
1182 619 1279 657 hujus

72 672 147 711 equi
159 671 251 712 origo
266 671 352 702 latet.
372 672 467 712 Quod
484 680 587 702 tamen
605 684 654 702 me
670 675 703 703 in
723 673 781 702 hac
797 673 903 703 fabula
931 673 1031 703 multo
1052 675 1151 714 magis
1170 680 1277 710 tenet,

73 731 119 754 est
138 725 200 755 hoc
211 747 220 762 ‚
234 725 322 766 quod
335 726 388 756 ille
404 738 505 767 equus
519 727 638 757 Palladi
653 728 719 757 voti
733 738 840 758 caussa
857 728 1002 758 offertur.
1020 729 1101 758 Nam
1117 728 1142 757 si
1159 729 1279 768 Neptu-

72 789 135 817 no,
156 781 309 820 equestris
325 782 371 810 rei
391 783 534 818 auctori,
554 773 657 824 Ϊππὶῳ
669 805 677 819 ,
703 789 926 812 consecratum
952 781 1093 812 viderem
1105 805 1113 819 ‚
1140 793 1207 812 non
1223 783 1280 811 mi-

72 844 168 863 rarer.
190 833 288 873 Quod
308 835 407 865 Pallas
430 835 551 865 artibus
574 842 706 876 praeest,
735 835 768 864 id
793 842 919 864 tantum
944 834 983 864 ad
1007 833 1178 864 artificium
1205 836 1280 875 equi

70 888 158 929 ligno
174 886 245 916 facti
262 890 419 928 pertinere
432 895 546 929 potest.
568 890 620 919 An
637 899 740 929 equus
750 911 759 926 ,
777 889 866 918 navis
881 887 1066 929 symbolum
1082 888 1178 929 (nam
1192 888 1280 917 navi-

69 945 229 984 gat-ionem
243 944 436 984 antiquiores
466 954 523 984 per
545 944 775 983 equitationem
791 942 1041 981 adumbrabant3
1068 950 1105 972 ut
1120 942 1202 972 forte
1217 942 1280 973 hoc

69 999 140 1038 ipso
163 1006 272 1029 ortum
294 997 459 1035 videatur,
482 997 570 1038 quod
588 999 758 1038 Neptunus
780 1008 899 1038 equum
922 998 1114 1038 produxisse
1133 997 1281 1039 proditus

71 1051 158 1092 est),
177 1063 237 1093 pro
258 1053 458 1094 navigatione
481 1051 564 1081 felici
589 1051 752 1081 dedicatus
768 1051 853 1081 fuit?
870 1051 989 1082 Palladi
1011 1058 1136 1087 autem,
1155 1052 1228 1091 quia
1244 1062 1280 1081 ea

71 1106 130 1136 dea
143 1114 274 1148 propter
286 1107 427 1137 ablatum
441 1106 618 1136 Palladium
633 1114 700 1137 erat
715 1106 893 1148 placanda?
910 1107 1048 1147 Navigio
1065 1108 1160 1137 etiam
1177 1114 1280 1137 actua-

70 1162 119 1191 rio
139 1172 259 1202 equum
276 1161 443 1191 adsimulat
455 1163 564 1202 Eurip.
579 1161 696 1191 Troad.
717 1162 780 1191 538
806 1163 840 1191 in
857 1161 948 1191 chori
971 1161 1094 1198 verbis,
1112 1172 1183 1202 quae
1199 1163 1278 1191 anti-

69 1225 169 1255 quum
187 1225 367 1246 sermonem
385 1215 449 1245 fere
465 1215 676 1253 aemulantum
698 1215 736 1245 ad
754 1217 843 1246 navis
859 1216 954 1246 etiam
978 1215 1112 1246 modum
1131 1222 1162 1245 et
1182 1217 1278 1245 ratio-

69 1278 142 1298 nem
160 1278 176 1298 a
192 1270 374 1299 vectoribus
395 1270 520 1299 infessae
543 1268 687 1299 effictum
706 1280 780 1299 eum
803 1269 935 1299 exhibet
956 1268 1135 1310 Tryphiod.
1158 1280 1189 1299 v.
1213 1269 1255 1298 62
1270 1292 1278 1305 ‚

73 1321 148 1352 181.
168 1322 264 1362 Quod
287 1333 362 1352 vero
377 1323 412 1352 in
426 1323 562 1363 Virgilio
585 1323 689 1352 fabula
708 1334 765 1363 per
780 1334 812 1353 se
830 1324 940 1363 inepta
958 1323 1086 1363 placere
1100 1328 1206 1363 potest
1217 1345 1225 1360 ,
1244 1322 1278 1352 id

70 1373 210 1406 efficitur
227 1377 368 1417 primum
391 1377 457 1414 ejus
479 1377 688 1416 antiquitate;
704 1377 828 1406 namin
850 1376 960 1406 multis
981 1375 1102 1416 mythis
1120 1375 1182 1406 hoc
1203 1386 1278 1405 suus

68 1439 228 1470 quemque
240 1440 352 1460 sensus
366 1429 479 1460 docere
494 1437 600 1470 potest
610 1452 618 1467 ‚
638 1441 704 1470 quo
719 1431 887 1471 propiores
902 1429 950 1459 illi
968 1440 1078 1459 rerum
1091 1429 1277 1460 hominum-

71 1494 134 1524 que
155 1485 333 1525 originibus
356 1486 531 1525 priscaeque
553 1484 627 1514 vitae
653 1485 815 1524 asperitati
838 1491 894 1514 aut
919 1483 1117 1525 simplicitati
1140 1485 1222 1522 sint,
1240 1494 1277 1514 eo

72 1538 194 1568 facilius
215 1539 250 1567 in
267 1539 305 1567 iis
320 1537 397 1567 ferri
415 1548 464 1567 res
484 1548 598 1577 parum
611 1537 797 1577 probabiles
812 1537 920 1578 (conf.
936 1537 994 1568 inf.
1011 1537 1049 1567 ad
1069 1539 1118 1568 III
1128 1561 1136 1575 ,
1165 1548 1230 1578 209
1248 1545 1279 1568 et

74 1592 182 1632 25o);
209 1599 277 1622 tum
303 1592 489 1621 tractatione
507 1593 665 1632 sapienter
689 1598 719 1621 et
747 1602 864 1632 magno
890 1602 965 1622 cum
985 1592 1108 1630 judicio
1133 1593 1279 1622 instituta

72 1654 166 1688 poeta
184 1647 290 1677 omnia
309 1646 349 1676 ab
368 1645 470 1676 oculis
484 1647 620 1675 removit
632 1668 640 1683 ‚
659 1656 731 1685 quae
747 1652 908 1675 attenuare
927 1657 995 1675 rem
1013 1654 1045 1676 et
1061 1645 1189 1676 officere
1209 1647 1278 1686 dig-

74 1703 168 1732 nitati
187 1702 283 1742 epicae
304 1707 471 1741 poterant3
491 1706 599 1729 contra
614 1699 715 1729 multa
736 1700 885 1740 apposnit
898 1722 906 1737 ‚
926 1711 998 1740 quae
1017 1700 1056 1729 ad
1070 1701 1278 1740 probabilita-

76 1762 140 1785 tem
159 1755 290 1792 faciunt;
312 1765 448 1794 cumque
466 1754 612 1794 inprimis
632 1754 689 1783 vix
707 1754 741 1782 in
763 1753 984 1783 stolidissimos
1000 1753 1146 1783 homines
1168 1754 1280 1784 cadere

76 1809 239 1846 videatur,
256 1816 292 1839 ut
307 1810 468 1849 patiantur
482 1807 543 1837 sibi
559 1814 621 1837 tam
632 1814 757 1847 turpem
767 1806 910 1836 fraudem
922 1805 992 1836 fieri
1003 1829 1012 1844 ‚
1028 1814 1079 1844 ut,
1097 1809 1279 1848 suspicione

80 1863 119 1893 de
136 1864 213 1893 xit-is
227 1864 262 1892 in
282 1873 365 1902 equo
389 1861 524 1892 conditis
539 1861 636 1891 semel
650 1867 718 1891 orta
729 1883 738 1898 ,
756 1868 859 1891 tamen
875 1871 948 1890 eum
964 1862 1048 1890 intra
1068 1863 1184 1892 moem'a
1198 1864 1279 1892 reci-

79 1919 186 1958 piant,
206 1916 316 1947 callide
334 1924 425 1957 poeta
439 1916 531 1957 plura
543 1938 552 1952 ‚
566 1925 664 1956 eaque
683 1925 754 1955 quae
771 1915 811 1944 ad
829 1916 1016 1956 religionem
1031 1922 1192 1956 spectant,
1211 1927 1278 1946 rem

81 1971 119 2003 ad
141 1971 310 2002 hominum
326 1972 447 2001 animos
469 1972 719 2012 potentissimam
731 1993 739 2008 ‚
757 1971 862 2000 attulit
873 1992 881 2007 ‚
907 1980 978 2010 quae
1001 1971 1156 2009 Trojanos
1171 1981 1187 2000 a
1205 1982 1280 2012 pro-

83 2029 187 2068 posito
201 2033 387 2057 revocarent
399 2037 406 2057 ;
420 2027 560 2066 primum
576 2026 703 2056 Sinonis
721 2024 812 2055 dolos
823 2047 832 2061 ‚
849 2031 918 2054 tum
932 2026 1121 2055 Laocoontis
1135 2026 1279 2057 exitium.

82 2084 130 2112 De
147 2082 266 2122 quibus
284 2081 435 2112 omnibus
449 2083 608 2111 Homerus
620 2103 628 2117 ‚
650 2091 710 2121 pro
733 2079 842 2110 saeculi
860 2080 909 2109 sui
924 2080 1123 2120 simplicitate
1135 2103 1143 2118 ,
1166 2091 1280 2120 parum

81 2136 257 2173 laboravit,
281 2136 388 2165 sabula
411 2135 496 2165 nude
519 2135 674 2175 exposita,
690 2134 805 2175 Odyss.
831 2129 852 2163 ὃ
862 2157 870 2171 ,
901 2144 966 2172 ²72
991 2144 1059 2174 sqq.
1085 2135 1130 2164 At
1153 2134 1281 2175 Virgilii

79 2191 236 2231 judicium
250 2191 350 2230 multo
366 2192 463 2232 magis
478 2189 635 2230 intelligas
647 2212 655 2226 ,
672 2190 698 2218 si
713 2190 870 2229 Quintum
886 2188 1057 2219 Calabrum
1071 2195 1103 2218 et
1117 2188 1279 2229 Tryphio-

79 2246 197 2277 dorum
212 2256 384 2287 compares.
399 2246 443 2276 Ut
459 2255 561 2275 unum
576 2254 860 2275 commemoremus
871 2266 879 2282 ‚
898 2250 1006 2275 noster
1021 2254 1053 2276 v.
1071 2243 1136 2275 260
1150 2261 1196 2268 ——
1212 2244 1277 2279 264
