1433 2460
169 125 210 158 74
680 118 874 150 AEmzmos

171 174 408 213 Penthesilea
431 173 578 221 furens,
595 175 806 227 mediisque
828 178 864 214 in
882 176 1047 215 millibus
1064 177 1171 215 ardet

173 241 300 274 Aurea
316 234 542 272 subnectens
559 246 717 274 exsertae
734 238 882 288 cingula
903 251 1074 276 manunae

171 295 370 341 Bellatrix,
397 295 588 345 audetque
604 297 695 333 viris
716 309 944 336 concurrere
964 299 1084 349 virgo.

225 358 316 392 llaec
335 354 424 391 dum
442 355 637 393 Dardanio
660 359 788 395 AEneae
804 359 975 396 miranda
999 359 1196 403 videntur,

169 420 270 454 Dum
287 425 434 466 stupet,
449 416 666 466 obtutuque
683 417 800 456 haerct
820 419 964 456 ‹lt-fixus
981 420 1017 456 in
1035 432 1111 457 uno
1134 434 1141 455 z

1332 428 1380 459 495

170 476 315 526 Regina
330 476 377 513 ad
396 477 575 527 templum
587 505 596 523 ,
613 477 733 514 forma
751 478 1026 527 pulcherrima,
1041 481 1141 517 Dido

172 538 350 583 Incessit,
365 550 499 587 magna
511 538 697 588 juvenum
711 538 874 588 stipante
889 548 1050 576 caterva.

171 597 303 643 Qualis
322 597 357 633 in
376 599 529 634 Eurotae
547 598 657 648 ripis,
675 606 737 635 aut
758 599 931 649 perjuga
951 599 1108 648 Cynthi,

171 660 332 695 Exercet
351 658 473 695 Diana
491 658 646 705 choros-3
665 672 779 709 quam
795 659 896 696 mille
916 669 1054 697 secutae

173 859 252 896 mis,
277 857 468 898 exquisitius
498 867 592 898 quam
618 858 751 888 subnec-

172 913 242 935 tens
256 928 264 942 ,
291 905 468 933 subnexam
492 904 613 933 habens
626 927 634 941 ,
653 916 754 934 mam—

175 962 262 981 mam
292 951 438 990 cingulo,
465 962 490 980 s.
517 950 636 988 balteo,
660 962 753 991 quem

172 999 208 1028 in
224 998 441 1028 monumentis
465 996 572 1026 *idere
596 998 629 1026 iu
651 1008 756 1038 prom-

174 1051 211 1074 tu
240 1051 314 1074 est:
345 1043 455 1072 dextra
490 1043 608 1073 scilicet
639 1044 754 1084 papilla

173 1097 239 1121 erat
266 1089 396 1120 nudata.
427 1090 509 1120 Nota
534 1091 651 1120 omnia.
672 1093 754 1120 Loca

174 1137 301 1167 classica
323 1147 371 1177 ap.
393 1136 580 1166 Strabonem
604 1144 677 1166 suut
697 1137 753 1168 lib.

173 1185 221 1214 xl
237 1190 269 1213 et
284 1184 360 1213 XII.
380 1182 447 1212 vid.
464 1184 601 1213 Petitum
622 1185 754 1214 omnino

174 1230 214 1260 de
228 1228 462 1260 Amazonibus.
489 1231 530 1260 cf.
554 1230 611 1260 inf.
629 1230 667 1259 ad
686 1233 733 1260 xl
746 1254 753 1268 ‚

174 1277 255 1316 649.
275 1277 396 1312 Ardet,
420 1276 516 1313 furit,
534 1276 657 1306 fortiter
674 1287 755 1318 pug-

175 1330 248 1360 nat;
268 1322 382 1352 mediis
404 1322 436 1351 in
460 1322 612 1359 millibus,
631 1323 756 1353 doctius

174 1380 271 1410 quam
297 1370 332 1398 in
358 1369 451 1398 turba
472 1369 523 1399 vel
543 1370 618 1400 acie.
636 1371 758 1400 Audet-

173 1427 236 1457 que
259 1426 341 1445 ‘mr-ts
363 1426 547 1462 concurrere
576 1427 691 1457 vzrgo,
716 1428 757 1447 ex

173 1463 350 1494 Homerico
365 1480 409 1486 ·--
424 1460 586 1504 Αμαζόνας
606 1461 757 1494 ἀντιανεί-

175 1519 230 1552 ρας
242 1508 330 1538 Iliad.
344 1507 377 1545 ζ,
394 1509 507 1553 186;γ
519 1532 527 1546 ,
548 1510 610 1550 189
622 1533 630 1547 ‚
646 1517 756 1540 natum

174 1555 299 1592 videri,
316 1561 471 1584 notarunt
491 1557 555 1594 jam
572 1556 636 1586 alii.
654 1558 756 1586 Totus

174 1601 228 1632 hic
241 1601 280 1630 de
291 1600 512 1631 Amazonibus
525 1601 616 1632 locus
630 1608 675 1632 est
688 1603 756 1643 pul-

175 1648 364 1679 cherrimus.

221 1701 299 1735 494.
321 1695 400 1725 Haec
417 1705 487 1724 cum
502 1695 639 1726 Dorrill.
662 1702 692 1725 et
713 1696 756 1725 ita

172 1741 284 1773 Rufin.
307 1740 395 1781 apud
419 1743 650 1772 Burmannnm.
667 1742 755 1771 Idem

176 1789 293 1819 AEneae
323 1799 384 1829 pro
411 1788 451 1817 ab
481 1790 588 1819 AEnea
614 1790 755 1828 positum

175 1846 240 1865 esse
262 1835 366 1865 docet.
400 1836 516 1872 Recte,
546 1836 573 1865 si
599 1834 678 1875 quid
708 1837 754 1865 vi-

175 1881 246 1912 deo.
272 1883 372 1919 Nam,
398 1882 423 1910 si
450 1892 590 1922 exponas
616 1891 624 1912 ε
650 1881 681 1911 ei
705 1882 756 1912 vi-

174 1929 291 1958 dentur
309 1939 376 1958 esse
392 1927 560 1965 miranda,
577 1927 753 1969 pedestrem

175 1974 290 2004 habeas
327 1975 519 2013 orationem,
553 1986 621 2006 non
655 1984 755 2016 poeu-

177 2031 256 2051 eam.

227 2073 292 2107 494
319 2078 386 2108 sqq.
417 2069 560 2106 Interea,
591 2067 668 2098 dum
695 2069 753 2097 mi-

177 2114 276 2142 randa
303 2113 371 2143 haec
397 2125 492 2155 opera
521 2114 754 2154 contemplatur

177 2161 308 2195 fimens.
342 2160 417 2190 dum
449 2161 488 2190 ab
516 2172 554 2191 eo
583 2161 752 2198 videntur,

174 2207 410 2246 inspiciuntur,
437 2215 468 2237 et
490 2207 566 2238 dum
589 2209 684 2237 unice
703 2208 751 2237 in-

175 2259 283 2283 tentus
306 2254 400 2283 estin
426 2265 461 2284 ea
484 2265 554 2296 quae
580 2256 751 2285 intuetur:

809 858 893 888 Dido
922 858 1060 888 advenit.
1097 859 1178 889 Cum
1209 857 1267 887 hac
1300 868 1383 888 ceco-

808 906 913 934 nomia
947 916 1051 934 rerum
1083 906 1193 934 confer
1219 904 1384 934 laudatum

808 951 914 980 locum
934 951 1002 992 od}
1011 963 1049 982 ss.
1070 962 1106 988 ·t.,
1125 962 1205 980 vers,
1228 952 1289 981 133
1314 961 1382 990 sqq.

811 998 1012 1038 Comparatio
1031 1005 1075 1027 est
1094 997 1260 1038 splendida
1284 996 1385 1027 Dido-

810 1045 860 1074 nis
887 1055 960 1074 cum
987 1046 1105 1081 Diana,
1128 1054 1222 1084 quam
1240 1045 1385 1073 tractavit

809 1097 901 1130 poeta
916 1098 986 1131 post
1002 1093 1177 1121 Homerum
1192 1089 1254 1121 Od.
1269 1088 1302 1126 ζ,
1322 1100 1380 1119 101
1430 1101 1433 1112 1

809 1148 855 1177 sq.
871 1137 1062 1177 etApollon.
1078 1137 1139 1168 Rh.
1152 1138 1217 1174 111,
1236 1137 1302 1175 875
1316 1146 1385 1177 sqq.
1428 1114 1433 1161 -Ι

810 1185 859 1220 II,
885 1185 964 1223 938.
994 1183 1128 1224 Qualis,
1150 1194 1210 1224 pro
1230 1183 1384 1223 qualiter,
1431 1182 1433 1193 ¹

810 1241 875 1270 quo
889 1230 1001 1260 habitu
1014 1242 1022 1268 ;
1041 1241 1100 1271 pro
1116 1230 1216 1270 qualis
1231 1237 1293 1266 est,
1310 1239 1384 1259 cum

811 1285 939 1306 exercet
954 1276 1082 1313 choros,
1108 1277 1215 1314 ducit,
1235 1276 1384 1306 instituit.

811 1325 1067 1363 Frequentantur
1089 1330 1194 1353 autem
1224 1333 1241 1352 a
1271 1323 1384 1363 poetis,

810 1370 1033 1411 anpharum
1049 1370 1138 1400 chori
1149 1392 1157 1406 ‚
1173 1369 1309 1399 ducente
1332 1379 1385 1398 eos

810 1418 921 1447 Diana.
953 1417 1125 1447 Colebatur
1149 1416 1202 1446 illa
1221 1416 1386 1456 praecipuo
1410 1442 1413 1445 .

811 1464 900 1493 cultu
916 1463 1139 1494 Lacedaemone
1152 1470 1182 1493 et
1195 1464 1228 1493 in
1243 1462 1324 1492 Delo
1337 1462 1385 1491 in-

810 1510 889 1540 sula.
905 1511 970 1540 Illa
983 1510 1171 1551 pharetram
1188 1511 1264 1539 Fert
1280 1507 1388 1538 hume-

810 1567 856 1591 ro,
876 1556 1009 1587 debebat
1017 1558 1165 1595 junctum
1180 1566 1245 1585 esse
1257 1554 1387 1596 :serens

805 1603 1023 1644 gradiensque
1034 1615 1046 1639 ;
1062 1603 1181 1641 adjecta
1196 1608 1300 1632 autem
1316 1600 1385 1631 haec

810 1650 967 1689 sapienter
984 1673 992 1687 ,
1033 1649 1219 1679 obversatur
1265 1648 1385 1688 quippe
1416 1663 1421 1669 ³

810 1696 913 1725 oculis
929 1697 1045 1727 nostris
1063 1703 1188 1726 exstans
1209 1695 1293 1725 inter
1303 1701 1386 1724 cete-
1414 1714 1433 1724 -.

809 1752 858 1771 ras
872 1742 929 1772 dea
942 1743 1083 1772 humeris
1099 1749 1201 1772 tenus.
1212 1742 1317 1771 Decus
1333 1751 1387 1770 au-

809 1795 873 1818 tem
889 1790 956 1828 ejus
971 1796 1119 1831 potenter
1131 1789 1303 1818 declaravit
1314 1797 1388 1828 poe-

810 1842 840 1864 ta
864 1847 922 1877 per
953 1837 1080 1866 tacitam
1111 1835 1251 1865 laetitiam
1277 1835 1385 1864 matris

809 1883 954 1913 Latonae:
968 1883 1101 1913 tacitum
1109 1888 1296 1923 pertentant
1304 1891 1385 1921 gau-

809 1929 865 1958 dia
871 1937 1002 1970 pectus,
1030 1929 1062 1959 h.
1089 1940 1116 1959 e.
1140 1927 1254 1969 gaudia
1279 1927 1382 1956 tacita.

808 1977 859 2005 Sic
870 1978 926 2012 IV,
940 1977 1005 2012 364
1019 1981 1329 2015 totumquepererrat
1337 1973 1385 2003 Iu·
1404 2015 1407 2017 q

810 2021 946 2051 minibus
961 2021 1077 2052 tacitis.
1088 2022 1189 2051 Etiam
1193 2026 1387 2061 pertentant
1400 2037 1409 2060 ς
1420 2026 1433 2064 ij

1407 2066 1433 2093 ,γι

808 2068 941 2097 feliciter
956 2091 964 2105 ,
999 2079 1060 2108 pro
1096 2067 1235 2097 subeunt
1250 2077 1258 2104 3
1295 2066 1382 2096 cons.

807 2114 863 2168 m}
885 2116 926 2152 V,
954 2115 1039 2153 8283
1057 2115 1205 2155 Georgic.
1230 2113 1288 2143 lib.
1314 2113 1381 2149 III,
1407 2086 1433 2183 ᾖ

809 2171 932 2248 20297.
957 2207 1135 2238 comitante
1154 2213 1228 2248 post
1244 2207 1380 2238 Roman.
1409 2183 1417 2201 i

806 2255 932 2296 Menag.
944 2265 992 2295 pr.
1004 2254 1180 2295 Hamhurg.
1191 2255 1382 2295 pr.J1wenes
1432 2257 1433 2264 ¹
