1433 2460
207 74 269 101 30¹).

708 67 900 98 AENmDos

205 127 359 166 Detulit.
378 130 462 175 Ipse
480 125 592 161 deum
613 124 809 161 manifesto
831 125 866 161 in
885 124 1024 161 lumine
1043 124 1119 161 vidi

206 193 409 225 luti-antem
428 197 574 231 muros,
591 196 800 234 vocemque
817 185 875 223 liis
893 185 1050 223 auribus
1068 186 1190 223 hausi.

204 248 343 284 Desine
362 258 496 294 meque
515 244 588 281 tuis
605 244 806 282 incendere
828 255 939 296 teque
959 246 1141 296 querelis3

208 308 351 345 ltaliam
369 319 444 341 non
465 312 599 355 sponte
617 317 768 354 sequor.
786 321 801 337 »

1355 255 1404 280 360

258 366 362 402 Talia
381 364 566 401 dicentem
581 364 805 414 jamdudum
823 376 953 402 aversa
974 374 1123 412 tuetur,

206 431 290 465 Huc
307 427 395 463 illuc
412 426 566 463 volvens
587 425 733 471 oculos,
759 434 956 473 totumque
975 435 1146 474 pererrat

209 487 432 526 Luminibus
453 487 595 531 tacitis,
614 495 650 522 et
668 487 721 523 sic
740 486 900 522 adcensa
920 486 1094 534 profatur
1111 500 1119 522 :

261 567 274 580 ιι
293 550 372 584 Nec
392 546 459 582 tibi
481 546 569 582 diva
587 557 741 594 parens,
762 544 909 594 generis
929 557 997 580 nec
1015 544 1214 583 Dardanus
1233 555 1384 594 auctor,

207 607 371 652 Porum-3
387 605 452 642 sed
472 605 578 642 duris
595 605 725 655 genuit
744 613 779 641 tc
796 604 970 641 cautibus
992 603 1151 641 horrens

1362 613 1412 638 366

207 672 415 711 Caucasus,
436 668 699 714 Hyrcanaeque
721 664 924 701 admorunt
946 662 1065 701 ubera
1087 665 1211 713 tigres.

206 806 272 844 ipsa
285 803 358 832 satis
372 808 417 831 est
432 807 518 836 nota,
530 811 588 830 nec
598 800 637 830 de
651 811 685 830 ea
698 806 781 841 quat·-

207 851 297 879 ritur.
311 850 402 884 Mox,
419 847 511 876 mani
526 855 591 876 esto
606 847 638 876 in
649 847 781 884 lumine,

207 902 244 924 ut
263 895 366 924 solent
390 893 435 923 dii
459 893 646 923 mortalibus
670 904 782 923 occur-

208 951 295 976 rere,
324 939 440 982 ἐναργῆ
453 962 461 975 ,
487 940 656 968 Homerica
682 948 782 968 voce:

208 993 244 1015 ut
260 985 349 1015 Iliad.
365 995 399 1020 υ,
425 986 487 1014 130
500 995 508 1021 3
523 984 637 1024 Odyss.
651 995 688 1021 π,
709 986 783 1014 161.

258 1033 334 1062 360.
367 1032 452 1060 Dum
482 1030 552 1059 sine
584 1030 682 1060 Goth.
714 1037 785 1060 tert.

209 1079 325 1118 Meque
343 1085 435 1117 teque
453 1076 521 1107 vid.
540 1077 648 1106 Burm.
670 1075 709 1105 ad
725 1078 786 1106 Lu-

209 1135 277 1154 can.
320 1125 363 1153 lx
384 1146 392 1158 ,
426 1123 504 1163 985.
540 1123 701 1152 lacessere
735 1133 784 1162 pr.

208 1170 324 1200 Hamb.
352 1180 412 1209 pro
432 1179 496 1199 var.
524 1168 597 1199 lect.
631 1168 788 1209 Querellt's

209 1217 397 1246 vetustiores
422 1215 497 1245 libri
521 1215 602 1245 Pier.
623 1221 654 1244 et
676 1216 786 1245 Heius.

207 1281 253 1285 —-
269 1261 358 1292 Iliad.
381 1273 408 1297 ι,
432 1262 497 1291 612
523 1258 576 1293 Μή
600 1271 652 1302 μοι
677 1260 786 1305 σύγχει

209 1307 282 1338 Suu).
286 1320 300 1337 a
332 1303 515 1349 ὀδυρόμενος
549 1304 602 1336 καὶ
639 1304 761 1346 ἀχεύων
776 1330 785 1344 ‚

211 1339 369 1396 l'xrpeirss‘r'
357 1352 437 1395 mimi
449 1363 485 1394 φε
480 1350 661 1395 ’ρωνχοίριν.
678 1355 787 1382 Incen-

209 1401 301 1435 ‹let-‚e
318 1410 413 1440 quam
427 1406 610 1439 opportune
625 1400 783 1439 positum!

210 1456 427 1483 commovere,
444 1446 534 1475 luctu
546 1468 553 1482 ‚
570 1444 680 1474 dolore
694 1451 723 1474 et
739 1446 785 1474 ira

210 1502 404 1532 exasperare.
428 1492 528 1523 Cei-da
551 1490 656 1520 laudat
671 1490 787 1521 Catulli

210 1540 345 1568 Nostros
375 1543 410 1565 ut
445 1537 546 1566 luctus
562 1559 571 1572 ‚
609 1544 786 1576 nostraeque

210 1583 365 1614 incendia
397 1583 513 1612 mentis
540 1583 550 1623 (
565 1584 652 1619 LXI,
681 1583 747 1612 226
761 1582 785 1624 ).

210 1632 311 1661 Etiam
331 1640 380 1669 ap.
398 1629 506 1659 Valer.
529 1628 575 1658 Fl.
598 1630 677 1666 VII,
700 1629 763 1664 243
777 1651 785 1664 ,

210 1678 249 1707 de
273 1676 386 1707 Medea
402 1685 410 1706 ε
427 1675 593 1715 Perpetz'or
607 1674 696 1704 duroe
703 1674 788 1716 jam-

209 1723 328 1753 dudum
344 1721 497 1752 incendt'a
513 1720 637 1752 mentis.

258 1770 337 1800 362.
351 1768 450 1799 Multi
459 1767 595 1797 adversa
607 1789 615 1805 ,
632 1768 785 1808 pessime3

210 1818 267 1846 etsi
283 1818 392 1846 Burm.
410 1825 475 1844 non
491 1814 664 1855 displiceat.
687 1815 786 1843 Versa

210 1862 346 1892 Dorvill.
360 1879 406 1885 ›—
423 1862 486 1891 362
501 1878 548 1883 —
565 1861 642 1896 364.
656 1861 787 1901 Egregia

212 1910 309 1938 animi
331 1907 446 1937 tumidi
469 1908 716 1948 repraesentatio.
741 1908 789 1936 A·

212 1965 319 1991 versa,
340 1953 480 1994 adeoque
506 1953 637 1993 oblique
658 1963 665 1983 :
686 1959 785 1982 torve.

214 2002 254 2029 cf.
270 2000 379 2030 Cerda.
391 1999 574 2029 Luminibus
587 1998 743 2036 tacitt's‚h.
759 2009 787 2029 e.

213 2046 279 2084 ipsa
308 2053 422 2076 tacens.
452 2047 502 2076 Sic
530 2048 594 2076 VII
605 2068 613 2083 ‚
647 2047 710 2081 343
743 2052 790 2075 est

215 2091 345 2122 tacitum
362 2093 460 2122 limen
484 2094 624 2123 Amaeae.
642 2094 716 2124 Non
735 2102 789 2121 au·

215 2136 350 2167 diendus
370 2140 541 2169 Burmann.
560 2138 680 2169 Eodem
695 2148 788 2168 sensu

222 2184 368 2224 Apollon.
396 2186 442 2221 11,
474 2192 515 2225 49
539 2184 614 2229 σῖγα
644 2185 672 2221 ἐς
697 2182 787 2215 αὐτὸν

837 800 883 840 ἔχ’
918 798 1059 842 ὄμματα..
1079 818 1125 823 -—
1149 800 1226 835 364.
1261 802 1415 830 Precatm·

836 847 885 877 ed.
919 846 1049 884 Cerdae3
1080 848 1172 876 necio
1188 857 1243 888 „au
1269 853 1299 876 et
1326 846 1413 883 aliae,

837 893 934 924 obvio
950 893 1051 932 lapsu.

888 939 952 968 365
981 949 1067 978 seqq.
1100 939 1262 968 Orationis
1293 938 1389 977 liujus
1403 960 1413 975 ‚

839 995 913 1014 cum
936 984 1219 1013 vehementissimis
1237 994 1271 1013 ac
1296 986 1413 1024 gravis-

839 1031 925 1059 simis
939 1030 1105 1059 affectibus
1123 1031 1282 1071 insurgat,
1297 1031 1361 1059 vim
1379 1040 1414 1060 ac

840 1077 994 1106 virtutem
1025 1086 1135 1105 omnes
1149 1098 1157 1113 ,
1186 1077 1244 1115 qui
1280 1076 1388 1117 legunt
1405 1099 1414 1113 ‚

840 1121 1116 1159 animadvertunt,
1136 1128 1168 1151 et
1196 1123 1416 1163 unusquisque

840 1168 930 1198 facile
951 1169 1114 1208 percipiat.
1133 1168 1245 1198 Primae
1266 1168 1358 1198 lineae
1383 1170 1417 1198 iu

841 1215 977 1245 Patrocli
987 1214 1025 1244 ad
1038 1213 1197 1244 Achillem
1211 1213 1315 1244 verbis
1325 1221 1417 1252 sunt;

841 1260 966 1296 Νηλεές.
983 1260 1037 1291 οὐκ.
1057 1257 1120 1303 ἄρα
1136 1258 1183 1290 σοί
1201 1270 1239 1304 γε
1253 1267 1312 1291 etc.
1325 1260 1417 1292 Iliad.

839 1318 880 1343 π,
901 1309 942 1337 33
957 1318 1025 1347 sqq.
1038 1330 1046 1343 ‚
1064 1306 1149 1336 unde
1165 1307 1236 1347 quis
1250 1314 1417 1347 poetarum

839 1354 925 1383 idem
938 1364 1005 1382 non
1020 1353 1173 1392 expressit
1184 1375 1192 1389 ,
1213 1353 1252 1382 cf.
1271 1352 1371 1384 Cerda
1387 1360 1417 1382 et

840 1410 911 1439 sup.
925 1399 992 1429 Ecl.
1006 1400 1071 1428 VII
1081 1421 1090 1435 ‚
1109 1399 1149 1434 43
1165 1409 1233 1438 sqq.
1259 1399 1418 1428 Caucasus

840 1452 871 1475 et
895 1446 927 1474 H
921 1455 1057 1484 ιγνεαηιι·
1081 1443 1176 1486 tigres
1193 1446 1325 1485 poeticae
1353 1453 1418 1475 tan-

841 1498 910 1520 tum
924 1490 1066 1527 Didoni,
1085 1501 1152 1520 non
1174 1501 1256 1520 verae
1267 1514 1276 1528 ,
1299 1502 1374 1521 coni
1384 1502 1416 1521 e-

841 1537 951 1573 niunt;
969 1546 1028 1566 nec
1044 1538 1202 1566 Homerus
1220 1536 1259 1566 ad
1276 1538 1348 1568 talia
1366 1537 1433 1569 (ἰε-1

841 1583 941 1612 flexit.
955 1582 1062 1612 Multo
1078 1589 1182 1612 tamen
1192 1584 1288 1624 magis
1298 1590 1419 1614 naturae
1432 1598 1433 1607 κ

841 1639 948 1658 rerum
982 1638 1017 1657 ac
1050 1630 1175 1658 veritati
1207 1637 1418 1661 consentanea
1432 1630 1433 1667 ξ

840 1681 934 1712 sunt,
952 1685 1048 1714 quam
1064 1674 1298 1706 Andromachae
1321 1676 1416 1707 verba
1431 1669 1433 1710 i

840 1720 926 1761 apud
959 1721 1102 1761 Euripid.
1136 1721 1252 1752 Troad.
1284 1733 1314 1753 ν.
1351 1723 1414 1761 761
1430 1736 1433 1755 ι

840 1778 908 1807 sqq.
931 1767 1064 1807 Caspias
1079 1767 1176 1808 tigres
1191 1769 1306 1798 Seneca
1321 1770 1417 1800 Herc.
1431 1778 1433 1786 ⁴

841 1816 914 1844 OEt.
947 1814 1008 1849 145
1021 1835 1030 1851 ‚
1055 1820 1086 1843 et
1118 1814 1295 1844 Caucasias
1323 1814 1433 1846 Sinus³

841 1861 900 1897 IV,
917 1859 980 1890 533
1002 1867 1167 1890 memorat.
1187 1861 1235 1890 De
1248 1861 1317 1890 aliis
1331 1861 1416 1901 Hyr·

841 1907 926 1936 canis
937 1928 945 1943 ‚
959 1917 1053 1946 quam
1068 1906 1107 1936 de
1121 1907 1250 1946 Caspiis,
1263 1907 1319 1936 vix
1332 1908 1418 1946 quis-

841 1963 936 1993 quam
954 1952 1006 1982 hic
1023 1953 1190 1993 cogitaret,
1213 1953 1275 1982 nisi
1290 1954 1417 1983 Servius

841 2000 1008 2040 Hyrcanos
1043 1998 1172 2028 Arabiae
1201 1997 1212 2038 (
1227 1997 1266 2028 de
1298 1999 1416 2039 quibus

841 2046 985 2075 Freretus
1012 2045 1095 2074 inter
1123 2044 1200 2074 alios
1227 2054 1276 2085 ap.
1305 2046 1415 2076 Burm.

841 2091 879 2121 ad
895 2090 926 2121 h.
949 2091 971 2120 l.
995 2097 1025 2120 et
1048 2091 1169 2132 Bryant
1187 2091 1319 2133 Analys.
1338 2098 1360 2122 t.
1382 2093 1416 2130 Ι,

841 2148 873 2178 p.
893 2147 957 2177 209
974 2136 1126 2178 videndi)
1140 2136 1205 2167 huc
1219 2137 1417 2175 advocasset;

842 2183 930 2224 quod
951 2184 977 2213 si
1000 2185 1186 2214 auctoritate
1203 2185 1414 2225 interpretum
