1402 2460
483 131 544 161 AD
569 131 732 162 LlBRL'M
758 132 799 161 11.
1210 132 1273 171 360

76 200 248 221 memorare
265 188 372 232 piget)
388 188 544 219 Anchises
569 192 673 219 AEneae
696 189 836 218 humeris
860 188 982 218 haerens
1009 195 1093 218 tenet
1118 189 1277 229 capsulam

78 245 128 274 vel
143 244 325 281 aediculam,
343 253 406 284 qua
425 245 555 274 Penates
582 243 698 272 inclusi
718 249 811 279 sunt;
835 244 868 271 in
891 243 956 272 aliis
980 249 1083 272 tamen
1102 241 1278 272 Palladium

78 307 163 330 tenet
176 311 184 336 ;
199 298 285 340 quod
308 309 541 339 nonnunquam
564 299 638 339 ipsis
652 300 758 328 AEueae
774 297 920 326 manibus
946 298 1080 335 insistit;
1097 307 1170 326 nam
1186 297 1277 326 invo-

77 355 162 385 lutos
179 356 308 385 Penates
329 360 438 383 tenens
453 355 564 383 AEneas
578 351 737 394 (πέπλους
752 350 907 395 περισχὼν
921 374 929 390 ,
941 358 976 381 ut
991 351 1151 393 Lycophr.
1170 351 1255 381 1266
1268 350 1279 390 )

78 409 157 438 mihi
174 408 319 439 nondum
333 409 367 437 in
382 408 494 447 priscis
508 409 724 438 monumentis
739 408 891 438 occurrit.

124 465 201 494 Haee
220 464 318 504 igitur
337 462 515 500 simulacra,
530 462 588 492 hos
602 464 748 499 Penates,
763 462 863 492 Italiae
883 462 1014 499 inferri,
1035 461 1128 492 fatale
1145 468 1221 492 erat.
1239 461 1279 492 cf.

79 519 143 555 111,
164 518 223 555 167
258 528 325 558 sqq.
348 519 456 557 Atque
479 516 593 546 habuit
616 518 726 557 utique
757 528 804 546 res
830 524 978 546 eventum
1004 527 1118 553 suum;
1136 517 1283 546 collocati

79 579 154 602 sunt
176 574 306 602 Penates
332 571 455 600 Lavinii
472 570 672 611 (secundum
689 571 849 611 Lycophr.
871 570 931 599 126
942 581 951 599 1
967 569 978 610 )
996 571 1029 599 iu
1048 569 1179 599 Palladis
1204 577 1284 600 tem-

79 625 153 665 plo;
181 624 266 654 unde
286 634 382 661 mox,
402 623 486 653 Alba
510 625 615 664 Longa
635 623 780 661 condita,
799 634 874 653 cum
899 625 933 653 in
959 634 1075 653 novam
1097 623 1212 653 urbem
1232 623 1284 653 de-

80 679 218 710 ducendi
245 685 366 716 essent,
385 678 496 709 cedere
516 679 589 709 loco
620 679 793 709 uoluerunt
806 702 813 716 ‚
835 690 864 709 v.
884 680 1021 719 Dionys.
1044 679 1146 710 Halic.
1167 680 1182 708 Ι
1195 702 1203 716 ,
1222 679 1281 716 673

78 736 167 775 Orig.
192 735 232 765 G.
255 736 349 765 Rom.
374 744 426 771 17,
447 741 478 764 et
502 733 588 764 alios.
605 736 739 764 Romam
758 740 863 763 tamen
882 733 1053 774 aliquando
1071 735 1204 775 migrare
1218 743 1285 764 nou

81 794 286 824 recusarunt,
303 787 460 827 siquidem
477 788 644 818 Penatium
671 787 754 816 aedes
778 789 888 817 Romae
915 786 976 815 fuit
1006 786 1066 816 sub
1093 787 1183 816 Velia
1193 809 1202 824 ‚
1218 797 1285 816 non

81 844 174 884 longe
190 843 230 872 ab
246 841 311 872 aede
324 845 427 872 Vestae
438 865 447 879 ‚
465 853 496 873 ν.
510 843 647 882 Diony-S.
664 841 743 870 ibid.
755 863 764 878 ,
780 839 928 870 incendio
939 840 1123 870 Neroniano
1136 841 1237 870 deleta
1254 852 1284 870 v.

82 898 182 927 Tacit.
199 898 286 926 Anu.
300 897 363 926 XV
373 917 382 933 ‚
403 902 456 931 41.
473 897 548 926 Non
562 896 647 924 enim
661 901 746 924 recte
762 894 816 924 alii
832 891 1032 923 tradiderunt
1045 895 1079 923 iu
1093 896 1198 924 Vestae
1211 901 1286 924 tem-

82 949 137 990 plo
153 952 283 980 Penates
298 956 448 981 servatos.
464 948 529 979 vid.
548 948 596 979 ad.
612 949 712 979 Tacit.
736 947 758 980 l.
782 948 868 979 conf.
888 948 1005 978 Donat.
1022 948 1069 977 111
1080 970 1088 985 ,
1106 949 1124 978 3
1142 948 1181 978 de
1197 948 1285 979 Urbe

82 1006 192 1036 Roma.

128 1059 230 1090 Etiam
245 1061 375 1089 Vestam
398 1069 472 1090 cnm
487 1059 558 1101 igni
579 1067 701 1090 oeterno
717 1061 830 1090 AEneas
847 1059 1012 1091 abstulisse
1026 1059 1121 1097 Troja
1136 1056 1286 1087 creditus.

83 1114 155 1143 AEn.
169 1114 220 1151 11,
239 1115 304 1154 296
321 1113 422 1143 victas
445 1115 638 1154 Vestamque
649 1121 817 1154 potentem
832 1115 1065 1155 AEternumque
1078 1110 1183 1151 adytis
1197 1109 1287 1140 effert

77 1167 296 1208 penetralibus
311 1168 419 1210 ignem
432 1168 464 1198 h.
483 1179 510 1198 e.
527 1168 644 1208 templo
662 1170 785 1206 Vestae3
801 1168 863 1198 hoc
881 1175 987 1199 tamen
1000 1179 1068 1199 non
1083 1169 1196 1197 AEneas
1207 1188 1216 1203 ,
1233 1164 1287 1195 sed

83 1231 140 1261 per
157 1222 298 1262 quietem
310 1223 376 1252 visa
392 1221 520 1260 efferre,
536 1223 569 1251 in
585 1221 692 1252 foculo
709 1228 785 1262 puta
796 1244 804 1259 ,
822 1223 969 1253 Hectoris
985 1221 1109 1252 umbra.
1124 1221 1206 1250 Nam
1216 1219 1281 1259 ipsa

82 1277 196 1306 AEneas
208 1277 314 1317 ignem
330 1286 456 1306 sacrum
470 1286 579 1306 secum
591 1277 687 1315 Troja
701 1276 815 1306 efferre
831 1276 886 1306 vix
903 1277 1019 1318 potuit.
1037 1275 1148 1306 Statim
1161 1280 1267 1303 autem
1278 1296 1286 1313 3

82 1330 208 1369 quoties
224 1329 292 1359 aliis
307 1331 341 1359 in
357 1330 436 1359 locis
455 1330 663 1361 consederant
676 1331 806 1369 Trojani
816 1352 825 1367 ,
845 1330 946 1360 aedem
959 1328 1130 1360 Penatibus
1144 1335 1175 1358 et
1184 1329 1290 1358 Vestae

82 1394 158 1413 cum
171 1394 223 1414 ara
237 1391 268 1414 et
277 1385 343 1425 igni
354 1394 443 1414 sacro
456 1395 576 1425 ponere
585 1391 719 1425 potuere
730 1407 739 1423 ,
752 1384 836 1415 unde
845 1385 879 1414 in
889 1385 994 1416 Sicilia
1008 1389 1150 1414 moratus
1159 1385 1284 1418 AEneas,

83 1438 188 1468 oblata
202 1449 259 1480 per
273 1449 423 1469 somnum
436 1438 586 1468 Anchisae
601 1440 706 1479 specie
717 1462 726 1476 ‚
741 1439 895 1478 evigilans
908 1441 939 1468 V
949 1461 958 1476 ,
979 1445 1043 1477 744
1055 1461 1064 1476 ‚
1088 1438 1152 1477 745
1169 1439 1291 1478 Perga-

83 1502 250 1533 meumque
265 1494 382 1521 Larem
397 1498 430 1521 ee
447 1502 540 1522 canoe
549 1490 738 1532 penetralia
754 1493 786 1519 V
783 1499 858 1521 estae
871 1494 971 1522 Farre
979 1492 1038 1532 pio
1063 1499 1096 1521 et
1103 1491 1206 1531 plena
1219 1500 1291 1530 sup-

82 1547 165 1587 plex
178 1552 357 1576 veneratur
373 1556 485 1575 acerra
497 1568 508 1582 ‚
535 1544 569 1577 h.
595 1556 622 1576 e.
651 1546 810 1586 supplicat
829 1546 1003 1576 Penatibus
1018 1552 1050 1575 et
1064 1547 1181 1576 Vestae.
1197 1544 1292 1574 Adde

82 1600 178 1631 Ovid.
192 1601 274 1630 Fast.
289 1600 337 1628 111
347 1621 356 1636 ‚
368 1600 433 1635 423
451 1609 519 1639 sqq.
532 1621 541 1637 ,
554 1598 640 1628 unde
656 1601 768 1629 Romae
781 1609 911 1638 quoque
925 1600 960 1628 in
975 1600 1082 1628 Vestae
1096 1597 1162 1628 aede
1174 1607 1182 1628 ε
1196 1597 1294 1627 Iliaci

76 1652 148 1693 foci
159 1656 263 1683 Vestae
273 1675 283 1691 ,
301 1651 398 1683 Iliaci
404 1651 495 1693 ignes
515 1658 575 1683 etc.
589 1653 629 1682 In
642 1662 732 1682 sacro
746 1652 927 1682 Laviniensi
937 1662 954 1681 a
965 1662 1043 1682 coss.
1058 1650 1203 1681 faciendo
1218 1661 1292 1680 eum

81 1707 252 1739 Penatibus
275 1708 369 1738 etiam
388 1708 493 1737 Vestae
508 1704 718 1736 sacrificatum
729 1729 738 1744 ‚
754 1706 900 1736 Macrob.
920 1707 968 1735 111
985 1707 1048 1736 Sat.
1065 1711 1085 1740 4
1102 1712 1133 1734 et
1151 1707 1239 1735 Serv.
1254 1704 1293 1734 ad

81 1764 154 1793 AEn.
169 1765 201 1793 11
213 1784 221 1800 ,
238 1762 303 1803 296
319 1768 484 1792 notarunt.
498 1759 683 1792 Secundum
692 1760 761 1790 haec
774 1761 849 1790 licet
861 1770 990 1801 quoque
1003 1760 1175 1800 suspicari,
1188 1760 1294 1798 Trojae

82 1818 176 1846 etiam
190 1819 322 1847 Penates
337 1816 372 1845 in
387 1817 494 1845 Vestae
511 1814 576 1844 aede
591 1814 718 1844 habitos
741 1814 837 1844 fuisse
847 1837 855 1852 ,
871 1821 964 1854 atque
976 1813 1052 1843 inde
1068 1813 1107 1843 ab
1126 1815 1224 1844 AEnea
1239 1823 1292 1843 ex-

82 1877 224 1911 portatos
237 1881 322 1907 esse;
336 1876 373 1899 ut
389 1869 428 1899 ab
443 1869 556 1899 umbra
575 1869 722 1900 Hectoris
739 1869 804 1899 visa
821 1876 887 1899 erat
901 1868 1009 1899 efferri
1022 1870 1119 1898 Vesta
1135 1878 1210 1898 cum
1225 1868 1292 1909 igni

82 1933 172 1954 sacro
190 1933 197 1954 :
217 1925 267 1961 ΙΙ,
285 1924 479 1963 293—297.

81 1979 84 1984 '
128 1977 316 2008 Palladium
332 1977 469 2015 tandem,
478 1977 511 2008 h.
526 1988 553 2007 e.
564 1978 690 2019 signum
701 1976 845 2014 Palladis,
857 1978 986 2018 antiqua
997 1977 1152 2018 religione
1163 1977 1288 2008 cultum

84 2038 116 2062 et
128 2028 263 2067 διῐπετὲς
279 2031 426 2062 habitum
443 2031 497 2074 (v,
514 2031 667 2073 Apollod.
685 2033 754 2067 ΙΙΙ,
781 2042 819 2061 12
834 2054 843 2068 ‚
860 2031 876 2061 3
890 2054 898 2068 ‚
914 2039 945 2062 et
962 2033 1038 2062 Not.
1057 2043 1089 2072 p.
1107 2037 1172 2070 744
1191 2031 1290 2073 sqq.)‚

85 2095 159 2114 cum
173 2086 248 2126 ipsis
267 2085 438 2117 Penatibus
463 2087 595 2116 AEneam
620 2086 769 2116 extulisse
795 2092 925 2115 narrant
943 2085 1072 2126 quidem
1091 2085 1161 2124 alii,
1178 2093 1210 2115 et
1225 2086 1291 2126 ipse

84 2141 236 2170 Arctinus
251 2140 285 2170 id
301 2140 472 2171 tradiderat
488 2150 496 2171 :
513 2151 543 2170 V.
564 2141 700 2181 DionyS.
717 2141 748 2177 Ι,
767 2140 822 2180 69.
838 2141 933 2169 Poeta
952 2150 1028 2170 vero
1039 2163 1049 2178 ,
1065 2146 1103 2169 ut
1118 2150 1212 2181 supra
1229 2139 1293 2169 dic-

85 2200 171 2230 tum,
188 2203 255 2224 nou
273 2201 441 2233 memorat,
457 2195 576 2235 quippe
590 2194 647 2234 qui
660 2204 727 2224 eam
743 2194 956 2223 narrationem
970 2194 1113 2234 sequitur
1123 2216 1132 2231 ‚
1146 2203 1217 2234 quae
1231 2204 1292 2234 pro

86 2248 263 2289 antiquiore
275 2247 422 2279 habenda
440 2256 504 2287 est,
519 2248 631 2279 furtim
644 2248 726 2278 illud
740 2247 779 2278 ab
797 2247 912 2288 [lysse
927 2254 957 2278 et
973 2247 1128 2278 Diomede
1142 2248 1207 2288 jam
1220 2254 1290 2277 ante
