1402 2460
30 717 179 752 tanquam
226 716 381 755 exquisite
417 720 580 758 poeticum
598 731 607 757 ;

29 757 80 788 hic
94 781 103 794 ,
140 762 290 799 quoniam
326 763 419 792 taciti
455 765 607 796 volebant

29 803 200 836 discedere.
229 810 273 837 At
299 819 428 839 ‘verrere
447 811 487 840 de
511 814 606 842 remis

28 851 92 880 vim
120 851 207 882 illam
225 861 330 884 motus
350 857 438 885 taciti
456 867 524 886 non
548 858 604 887 ha-

27 895 100 934 bet;
123 900 183 928 nisi
201 901 337 941 argutias
353 912 392 931 ex
411 903 604 945 etymologia

28 945 149 984 capias;
176 952 207 975 et
224 947 380 977 ‘vertimus
410 951 506 979 ceteri
538 961 604 981 om-

26 1001 81 1021 nes
92 1013 100 1027 ‚
123 993 216 1022 etiam
235 993 353 1025 Medic.
371 995 481 1038 fragm.
498 999 601 1030 Vatic.

25 1043 55 1067 ot
76 1039 193 1069 Donat.
207 1062 214 1076 ,
240 1040 329 1080 quod
347 1052 421 1072 saue
444 1050 475 1073 et
496 1044 603 1084 ipsum

24 1093 89 1114 esse
101 1087 265 1125 poeticum
279 1089 349 1127 quis
365 1097 459 1129 neget
469 1112 477 1127 ,
499 1091 602 1130 quod—

23 1140 85 1171 que
100 1139 130 1161 et
140 1132 215 1162 alibi
228 1133 315 1174 apud
323 1142 432 1174 poetas
447 1139 597 1174 occurrit,

23 1183 55 1207 et
65 1178 123 1208 inf.
138 1180 180 1215 V,
200 1185 239 1215 14
250 1191 260 1209 ι
271 1179 360 1220 fieta
374 1193 486 1219 versem
503 1194 600 1224 quare

23 1224 168 1254 codicum
202 1228 422 1258 auctoritatem
445 1230 523 1270 quid
549 1232 598 1261 in-

23 1269 137 1312 fringat
150 1295 158 1310 ,
184 1283 252 1303 non
266 1274 371 1304 video.
393 1277 504 1316 Neque
520 1278 599 1308 mihi

22 1316 149 1348 videtur
168 1320 294 1366 gravior
317 1323 468 1362 strepitus
490 1325 595 1362 exire,

22 1363 49 1394 si
68 1374 153 1395 mare
176 1374 311 1397 vertant
328 1370 426 1406 remi,
449 1380 547 1410 quam
569 1373 595 1401 si

22 1420 214 1443 verrant.-—
224 1413 302 1454 669.
319 1415 463 1445 Sonimm
478 1418 570 1448 'vocis
583 1430 593 1447 .·

21 1466 91 1487 νοτ
110 1469 197 1489 novo
213 1461 360 1501 exemplo
377 1472 437 1502 pro
458 1465 593 1505 strepitu

21 1504 71 1534 vel
97 1515 279 1544 remorum,
307 1507 359 1537 vel
374 1508 470 1538 undae
498 1513 592 1541 remis

20 1551 180 1590 impulsae,
206 1559 243 1582 ut
263 1564 333 1594 sup.
363 1555 449 1592 556,
469 1555 592 1597 fractae

81 1608 114 1626 es
128 1599 241 1639 pelagi.
259 1601 369 1639 Quum
385 1609 478 1641 poeta
499 1604 591 1644 plura

36 1642 165 1679 udaeius
182 1645 349 1684 extulerit,
366 1647 458 1678 facile
480 1656 511 1678 et
528 1650 591 1680 hoc

103 1738 212 1768 Burm.
226 1749 342 1768 vocem
358 1739 397 1770 de
411 1739 590 1772 hortamine

59 1783 246 1816 celeusmate
268 1786 413 1826 accipies.
430 1787 588 1818 Discesse-

73 1836 86 1860 t
110 1830 240 1871 quidem
262 1831 370 1870 taciti,
388 1832 442 1862 sed
464 1842 589 1865 certan-

87 1887 190 1908 remos
220 1877 261 1908 ad
291 1878 457 1910 hortamen
469 1903 477 1918 ‚
505 1889 589 1912 certe

71 1928 156 1962 tum,
178 1924 289 1954 referri
304 1935 396 1966 posse
410 1926 464 1956 ille
479 1927 587 1958 obser-

37 1974 77 1999 at.
93 1970 234 2013 Vestigia
246 1981 306 2012 pro
320 1973 397 2012 ipsis
413 1965 587 2014 gregibus,

38 2017 137 2046 otuin.

60 2061 140 2100 670.
155 2064 315 2094 Dextram
328 2063 487 2107 affectare
505 2068 586 2098 mul-

81 2202 158 2232 vitio
168 2201 249 2233 forte
257 2205 422 2246 scriptum,
435 2217 496 2247 pro
505 2207 585 2237 dex-

63 2257 110 2284 m,
133 2258 206 2278 nam
221 2250 266 2280 sic
291 2261 308 2281 a
324 2262 367 2282 m.
391 2262 440 2293 pr.
457 2253 585 2294 praefert
600 2284 603 2285 ⁷

539 117 659 149 LIBER
685 118 742 149 ΙῙῙ.

40 170 183 216 Sensit,
203 177 240 206 et
261 169 307 206 ad
323 171 488 209 sonitum
509 175 614 212 vocis
629 177 787 228 vestigia
810 181 938 228 torsit;

39 231 180 266 Verum
197 229 263 267 ubi
280 231 382 270 nulla
398 233 511 272 datur
529 235 663 274 dextra
683 238 873 278 adfectare
896 252 1079 291 potestas,
1195 256 1244 289 ¹⁵50

36 291 116 326 Nec
133 292 233 340 potis
249 293 376 330 Ionios
398 293 534 333 fluctus
555 309 707 347 aequare
726 302 938 350 sequendo,

35 348 247 388 Clamorem
268 353 491 392 immensum
511 357 607 394 tollit
623 386 635 405 ‚
655 372 732 409 quo
752 370 892 410 pontus
919 373 955 401 et
972 377 1102 402 omnes

36 412 274 451 Intremuere
293 416 423 462 undae,
443 419 671 470 penitusque
691 423 872 460 exterrita
893 425 1001 462 tellus

34 472 171 519 Italiae,
192 476 396 526 curvisque
414 478 602 530 immugiit
622 483 734 520 AEtna
753 486 936 523 cavernis.

87 536 136 570 At
155 547 272 583 genus
288 549 309 573 e
328 537 430 576 silvis
450 540 658 592 Cyclopum
678 552 714 580 et
734 545 928 583 montibus
945 546 1028 584 altis
1190 557 1239 590 '23⁵

1183 136 1199 154 72

1232 138 1245 144 Ι

660 722 844 762 Foggim'us.
869 724 971 754 Etiam
995 726 1101 756 Burm.
1129 738 1145 756 e
1171 729 1239 758 solo

659 769 786 810 Menag.
812 769 939 808 laudat,
963 771 1113 802 dextram
1139 774 1239 816 affec-

659 820 730 843 care
743 838 752 851 ,
786 826 853 845 nou
882 823 986 847 tamen
1016 819 1213 860 adscriptum
1228 846 1235 857 ‚

659 860 738 900 quid
748 862 782 890 in
797 864 909 893 ceteris
920 865 988 902 ejus
1000 865 1090 895 libris
1103 867 1236 908 legatur.

658 908 704 936 At
731 907 827 938 habet
859 910 941 940 illud
969 911 1079 953 fragm.
1107 915 1210 945 Vatic.
1227 939 1234 951 ‚

659 954 750 991 cujus
760 962 806 984 est
820 957 1039 996 antiquissima
1054 961 1235 992 auctoritas.

658 999 746 1040 Quid
765 1001 805 1030 sit
819 1001 969 1033 dez-tram
991 1004 1150 1046 affectare
1171 1009 1238 1038 Ser-

656 1047 727 1076 vius
752 1047 891 1088 explicat
915 1061 980 1080 esse
997 1061 1005 1081 :
1026 1051 1169 1083 dextram
1186 1056 1236 1084 in-

656 1092 785 1124 tendere
813 1102 844 1124 et
874 1096 1022 1135 injicere,
1052 1099 1172 1130 scilicet
1200 1109 1237 1130 ut

654 1135 754 1179 possit
783 1151 898 1172 navem
928 1151 1036 1174 tenere
1065 1155 1073 1175 .·
1106 1148 1235 1178 Terent.

655 1187 770 1217 Heaut.
787 1189 854 1225 111,
874 1190 891 1219 3
904 1213 912 1226 ‚
933 1191 976 1221 60
995 1191 1053 1220 Ad
1065 1192 1234 1224 dominam

653 1233 711 1272 qul
723 1233 887 1274 ctffectant
897 1237 1008 1273 viam,
1027 1238 1060 1267 id
1075 1247 1121 1268 est
1130 1241 1232 1271 inten-

652 1278 752 1316 dunt,
770 1280 901 1312 faciunt.
924 1283 1062 1323 Subjicit
1079 1287 1207 1318 Servius
1223 1300 1231 1320 :

652 1339 667 1350 α
694 1327 792 1364 Nam,
814 1329 840 1357 si
867 1328 985 1360 dextra
1007 1331 1139 1373 legeris,
1165 1335 1209 1364 ait
1223 1359 1248 1372 ‚t

649 1379 686 1402 ut
701 1374 758 1410 sit,
785 1374 902 1405 dextra
927 1376 1106 1419 affectare,
1131 1380 1165 1409 id
1184 1389 1232 1411 est

649 1421 852 1461 contingere,
871 1431 956 1453 caret
975 1426 1136 1466 exemplo.
1153 1442 1168 1453 υ
1185 1430 1231 1458 At

647 1466 750 1496 multo
773 1469 871 1510 magis
890 1477 974 1500 caret
991 1473 1139 1513 exemplo
1161 1485 1230 1505 non

646 1513 744 1543 modo
753 1537 761 1550 ‚
778 1515 834 1545 sed
845 1522 877 1545 et
890 1517 1032 1559 analogia
1044 1541 1052 1556 ‚
1070 1518 1229 1561 offic-tare

645 1558 796 1591 dextram
805 1585 814 1598 ,
834 1573 909 1592 uam
922 1571 1036 1604 quarto
1048 1576 1123 1595 casu
1139 1567 1231 1597 effer-

645 1612 700 1634 tur
717 1607 768 1643 id,
785 1608 874 1648 quod
896 1612 1075 1650 appetitur,
1091 1614 1144 1642 cui
1160 1624 1226 1643 ma-

645 1661 706 1680 nus
733 1654 888 1691 injicitur.
930 1657 980 1686 Sic
1012 1658 1128 1700 Georg.
1166 1661 1224 1690 lv.

646 1697 713 1726 562
730 1699 887 1740 ‘viamque
902 1702 1047 1743 adfectat
1073 1705 1222 1745 Olympo.

644 1744 695 1773 Sic
716 1755 869 1786 regnum,
891 1747 1042 1789 famam,
1067 1751 1220 1790 plausum

643 1788 811 1830 (ffictare.
828 1794 940 1834 Itaque
954 1805 970 1824 e
987 1799 1151 1827 communi
1162 1809 1222 1828 usu

643 1835 800 1878 affictare
813 1839 964 1870 dextram
979 1849 1059 1872 esset
1074 1850 1221 1883 appetere

642 1893 773 1914 manum
798 1885 942 1924 alterius,
966 1887 998 1918 h.
1016 1889 1038 1919 l.
1065 1890 1221 1928 Trojano—

642 1939 731 1967 rum3
750 1931 839 1971 quod
852 1932 906 1962 hic
924 1944 1053 1964 sensum
1076 1945 1143 1966 non
1164 1936 1220 1966 ha-

642 1974 708 2006 bet.
727 1979 870 2015 ‚Prorsus
891 1990 978 2010 novo
998 1982 1106 2022 itaque
1129 1993 1219 2014 more

641 2029 736 2062 poeta
745 2023 862 2055 dixisse
878 2025 1032 2057 dicendus
1042 2038 1051 2058 :
1062 2027 1219 2070 affectare

640 2068 790 2100 dextram
802 2093 811 2108 ,
827 2081 888 2112 pro
903 2072 1083 2105 admovere.
1098 2075 1219 2106 Contra

639 2114 757 2146 dextra
767 2116 928 2158 afficcare
937 2130 981 2151 sc.
993 2131 1068 2159 110⁵,
1083 2131 1197 2153 navem
1207 2147 1216 2161 ,

639 2162 789 2204 analogiae
828 2173 1076 2198 consentaneum
1108 2176 1189 2199 esset
1205 2192 1215 2207 ‚

637 2207 699 2238 hoc
723 2219 817 2240 sensu
837 2221 845 2243 :
864 2214 904 2255 τῇ
933 2209 1021 2251 δεξιᾶ
1050 2212 1213 2258 ὀρέξασθαι

637 2265 690 2290 τῖς
706 2266 785 2292 νηῦς.

1015 2323 1083 2360 22*
