1402 2460
554 107 677 138 LIBER
702 106 760 136 lv.
1196 105 1257 142 315

63 166 158 210 Quae
178 163 309 208 dabat,
328 171 364 200 et
382 175 508 199 sacros
528 162 703 200 servabat
718 162 757 199 in
775 161 913 199 arbore
932 174 1078 207 ramos,
1215 171 1263 199 485

63 226 251 274 Spargens
267 222 425 260 humida
440 213 550 260 rne'lla
568 222 899 274 soporiferumque
919 236 1097 272 papaver.

61 372 93 407 1,
114 379 188 399 τοι.
211 368 421 410 Hesperidum
445 375 549 398 autem
564 367 635 399 hor-

61 424 109 446 tos
123 417 286 445 communi
300 422 467 456 poetarum
483 416 635 456 opinione

61 463 144 492 intra
165 462 348 502 Cyrenaicae
369 460 448 491 fines
466 463 586 502 positos
600 463 635 492 in

60 509 291 539 Mauretaniam
307 508 344 538 ad
364 508 500 538 Atlantis
517 510 634 538 montis

60 554 179 585 radices
197 556 349 590 removit,
375 554 634 595 quandoquidem

60 600 255 641 antiquiores
287 601 418 631 diversae
452 601 490 631 de
523 612 635 631 eorum

59 648 122 677 situ
151 646 354 678 tradiderant.
389 647 546 677 Hesiodus
569 648 636 688 qui-

61 693 131 724 dem
157 692 252 735 πέρ-ην
275 695 388 723 κλυτιῦ
409 693 556 724 ozza-acto
582 704 636 724 eos

61 739 269 770 collocaverat
302 740 419 780 Theog.
459 740 535 770 215.
569 739 636 769 Alii

60 786 168 816 aliter:
184 796 215 816 τ.
232 796 281 827 ap.
295 786 447 822 Plin.VI‚
469 787 522 822 31,
536 796 560 816 s.
578 786 632 822 36,

58 834 116 873 qui
137 832 197 862 alio
213 832 285 862 loco
302 832 359 862 lib.
377 834 404 860 V
419 842 468 872 pr.
484 838 515 861 et
533 833 631 867 XIX,

60 885 79 915 4
89 901 97 915 ,
113 889 137 909 s.
154 888 195 908 22
206 902 214 916 ‚
231 877 317 920 apud
332 879 448 908 Lixum
458 901 466 914 ,
479 879 634 907 Maureta-

57 926 120 955 niae
147 935 182 954 ea
211 926 246 954 in
275 924 429 954 Atlantici
456 925 551 953 maris
577 933 632 953 ora

56 971 135 1001 urbs
165 977 211 1000 est
226 993 235 1008 ,
272 969 485 1011 Hesperidum
522 970 632 1000 hortos

57 1017 212 1054 collocat3
237 1016 276 1046 ad
299 1024 440 1046 montem
461 1017 632 1046 Atlantem

57 1064 149 1093 etiam
169 1064 288 1116 ngin.
305 1063 326 1093 f.
345 1065 442 1093 XXX
461 1062 502 1099 s.,
525 1062 582 1092 ubi
600 1073 631 1092 v.

57 1111 165 1150 Intpp.
188 1110 334 1160 inprimis
352 1109 479 1139 Salmas.
493 1125 540 1132 -—
553 1108 631 1144 485.

58 1157 172 1185 Sacros
203 1165 235 1184 ιιι
263 1155 375 1184 arbore
406 1166 531 1191 ramos,
564 1154 631 1185 scil.

57 1212 131 1231 cum
155 1202 258 1242 pomis
283 1202 384 1230 aureis
410 1211 532 1238 ramos,
552 1211 632 1241 quos

56 1248 175 1277 Veneri
193 1257 298 1277 sacros
314 1247 409 1276 fuisse
422 1248 550 1277 Servius
564 1257 632 1276 nar-

56 1300 120 1330 rat3
141 1293 193 1323 alii
211 1295 316 1323 Terrae
332 1303 448 1322 munus
467 1303 562 1333 poma
579 1303 632 1322 au-

56 1350 108 1370 rea
124 1338 329 1377 tradiderant3
343 1350 373 1369 V.
388 1340 463 1369 Not.
479 1339 519 1368 ad
534 1338 631 1379 Apol-

54 1386 121 1416 lod.
143 1397 176 1427 p.
202 1392 280 1422 410,
305 1391 381 1422 411.
408 1385 500 1415 Certe
518 1385 631 1415 violari

55 1443 109 1463 eos
141 1431 227 1462 nefas
264 1438 339 1462 erat.
378 1433 489 1461 Narrat
526 1439 630 1461 autem

55 1486 165 1520 poeta,
191 1479 218 1508 si
245 1489 313 1508 non
337 1478 419 1518 ipsas
442 1478 630 1518 Hesperidas

55 1525 146 1562 deas,
165 1525 275 1556 hortos
294 1531 398 1554 tamen
416 1535 534 1562 earum,
549 1535 630 1565 quos

56 1569 208 1612 tempstcm
232 1571 384 1612 appellat,
409 1578 559 1611 tanquam
581 1571 629 1601 lo-

55 1628 128 1648 cum
143 1619 182 1648 iis
196 1628 319 1648 sacrum
331 1640 339 1655 ,
361 1617 417 1647 illo
438 1616 541 1646 adhuc
554 1623 631 1647 tem-

58 1675 135 1705 pore
147 1664 354 1704 superfuisse,
374 1664 475 1704 iisque
489 1663 631 1704 praefuis-

55 1722 87 1741 se
103 1710 297 1741 sacerdotem
313 1709 472 1740 feminam.

104 1757 180 1793 486.
195 1755 342 1787 Waddel.
357 1756 421 1794 jam
433 1757 541 1785 Burm.
561 1755 630 1785 lau·

55 1803 147 1834 datus
165 1803 249 1842 conj.
260 1812 382 1832 arcens.
396 1802 463 1831 Aut
477 1812 630 1843 spargens

56 1850 230 1891 accipiebat
242 1858 390 1878 amovens
403 1858 444 1878 ex
457 1848 552 1878 horto
562 1871 570 1885 ,
588 1858 628 1877 ne

57 1896 152 1927 draco
166 1901 305 1938 gustaret
320 1901 351 1925 et
365 1895 400 1924 in
418 1904 566 1935 soporem
579 1895 629 1924 in-

57 1943 186 1974 cideret.
206 1943 256 1972 Ita
276 1941 328 1971 ille
343 1951 417 1970 cum
438 1941 505 1970 aliis
525 1940 563 1970 de
579 1941 627 1970 in·

58 1990 281 2030 terpretatione
307 1987 489 2024 laborabat,
507 1993 539 2016 et
562 1987 629 2027 ipse

57 2037 268 2066 Burmannus
279 2051 325 2057 —
334 2035 384 2064 Sic
397 2033 454 2064 inf.
467 2034 515 2062 VI
524 2055 533 2070 ‚
550 2039 628 2069 420.

57 2081 180 2123 Sibylla
189 2080 328 2112 Cerbero
340 2080 440 2110 Melle
448 2087 629 2120 soporatam

60 2136 92 2158 et
107 2127 270 2158 medicatis
278 2126 430 2169 frugibus
448 2125 552 2168 offam
569 2125 631 2156 ob-

54 2173 129 2214 jicit
141 2184 152 2203 .-
170 2183 282 2204 verum
298 2173 345 2203 ibi
357 2172 396 2203 ad
413 2183 560 2214 soporem
574 2173 632 2202 im-

60 2219 260 2252 mittendum.
289 2220 385 2251 Nunc
423 2226 544 2251 tantum
572 2229 632 2261 pro

690 368 753 401 offa
768 379 804 399 ac
820 369 893 399 cibo
915 368 1051 399 offertur
1075 367 1180 412 μάζα,
1201 371 1266 411 pla-

689 422 779 446 centa
814 416 931 446 mellita
943 439 951 453 ,
983 423 1053 453 aut,
1082 417 1107 446 si
1136 419 1279 458 proprie⁴

688 462 771 493 dicta
793 464 981 503 accipimus,
1010 463 1072 492 mel
1104 463 1264 503 liquidum

689 520 763 540 cum
776 519 941 550 papavere.
956 508 1053 538 Mella
1068 516 1123 538 aut
1137 509 1263 549 placen-

688 563 734 586 tas
746 556 880 586 mellitas
892 555 1092 595 serpentibus
1104 557 1199 585 sacris
1215 566 1265 596 ap-

688 603 783 644 poni,
802 602 889 632 haud
917 603 1052 635 mirum;
1069 612 1143 631 nam
1174 603 1198 630 si
1231 603 1265 631 in

689 649 813 689 templis
831 659 954 678 servare
978 654 1137 688 serpentes
1161 658 1266 678 sacros

688 695 868 736 placuerat,
885 704 1011 724 necesse
1026 700 1093 723 erat
1104 695 1142 722 iis
1157 694 1266 724 cibum

689 741 841 781 praebere.
867 741 979 779 Neque
1003 741 1175 779 quicquam
1200 751 1263 769 am-

687 787 770 827 plius
786 787 820 815 in
845 796 884 815 eo
899 786 963 814 ritu
984 795 1123 824 quaeram
1134 809 1142 822 ,
1160 797 1265 826 neque

687 839 772 869 tum,
787 833 814 861 si
829 832 895 872 ipsa
910 833 977 860 Dea
987 831 1076 861 Salus
1091 831 1187 861 simili
1200 843 1264 862 mo-

686 889 720 908 re
734 885 913 918 serpentem
927 888 943 907 e
960 884 1067 918 patera
1081 879 1181 917 pascit
1197 887 1205 908 :
1222 885 1264 908 et-

686 925 712 954 si
727 925 826 954 multa
849 924 950 953 serius
975 934 1130 953 accessere
1146 925 1262 964 partim

685 971 875 1012 religionum
894 971 1010 1010 partim
1043 972 1262 1010 grammatico-

685 1028 759 1047 rum
775 1017 962 1047 commenu's
978 1016 1017 1045 de
1034 1016 1152 1055 quibus
1172 1027 1263 1057 egere

685 1064 836 1105 Boettiger
854 1070 884 1092 et
900 1061 1052 1103 Sprengel
1072 1063 1105 1092 in
1125 1062 1259 1093 Beitrae-

682 1121 748 1151 gen
772 1121 784 1139 1
798 1132 807 1147 ,
827 1120 857 1140 2.
874 1110 1100 1150 «Incongrue,
1115 1109 1178 1146 jam
1194 1111 1262 1140 Ser-

685 1157 757 1185 vius
773 1156 914 1192 monuit,
934 1155 1071 1184 -videtur
1091 1154 1232 1194 positum
1248 1178 1258 1191 ,

686 1209 721 1231 ut
737 1201 911 1242 soporifera
935 1201 1054 1242 species
1081 1201 1261 1241 (papaver)

678 1247 832 1289 pervigili
844 1248 938 1276 detur
954 1247 1112 1276 Draconi.
1122 1261 1138 1272 υ
1155 1247 1261 1277 Multa

685 1293 725 1323 ad
751 1292 985 1323 defendendum
1012 1299 1137 1333 poetam
1162 1300 1193 1322 et
1217 1293 1264 1323 ihi

684 1346 715 1369 et
732 1341 848 1380 passim
870 1339 947 1368 alibi
966 1338 1103 1368 afferunt
1124 1340 1209 1379 Intp.
1229 1350 1260 1370 v,

685 1385 797 1417 cerda.
819 1384 982 1416 Excidisse
1003 1383 1065 1414 hoc
1087 1392 1209 1425 poetae,
1224 1392 1262 1415 ut

684 1432 811 1462 credam
832 1431 921 1461 facile
954 1430 1116 1468 abducor3
1141 1433 1261 1473 quippe

683 1480 740 1520 qui
765 1488 833 1508 non
868 1478 1062 1508 meminisset
1085 1477 1164 1507 offas
1204 1489 1259 1518 pa-

682 1535 797 1566 pavere
815 1524 922 1554 aliisve
947 1523 1130 1564 soporiferis
1156 1525 1260 1554 succis

684 1572 828 1601 conditas
850 1570 1044 1601 draconibus
1070 1569 1154 1610 apud
1176 1577 1260 1601 vete-

683 1628 732 1647 res
749 1617 848 1655 objici
871 1624 939 1646 tum
951 1639 960 1653 ‚
976 1627 1050 1645 cum
1075 1626 1188 1646 somno
1211 1617 1259 1646 illi

683 1662 886 1704 opprimendi
903 1669 988 1692 sunt.
1002 1663 1069 1692 Nec
1082 1669 1187 1692 tamen
1206 1662 1259 1692 ad-

682 1720 721 1739 eo
738 1708 911 1739 absurdum
929 1718 1002 1738 cum
1017 1708 1110 1737 melle
1125 1708 1259 1749 antiqni-

682 1762 728 1785 tas
745 1757 779 1785 in
794 1754 982 1796 quotidiano
992 1755 1081 1783 victu
1096 1760 1254 1791 uteretur,

683 1808 714 1832 et
727 1812 865 1843 papaver
885 1807 968 1830 certe
991 1801 1148 1840 posterior
1170 1801 1257 1830 Grae-

682 1849 729 1878 cia
754 1849 788 1878 in
818 1847 938 1877 deliciis
969 1846 1116 1883 haberet,
1148 1846 1258 1876 cibum

682 1895 838 1935 serpenti,
854 1893 1023 1923 lautiorem
1030 1900 1061 1922 et
1068 1892 1256 1930 dulciorem,

681 1941 757 1971 inde
772 1946 918 1981 paratum
949 1939 1032 1976 dici,
1047 1945 1086 1968 ut
1110 1945 1257 1979 pascatur

681 1987 734 2017 ille
751 1985 823 2017 offis
844 1985 972 2016 mellitis
991 1995 1147 2026 papavere
1172 1986 1256 2015 mix-

683 2034 740 2070 tis;
767 2039 805 2062 ut
825 2030 1032 2073 soporifhmm
1059 2037 1183 2061 tantum
1201 2041 1255 2061 or·

682 2086 748 2110 net.
772 2080 951 2121 Spargens,
974 2079 1129 2115 miscens,
1150 2079 1251 2115 Serv.;

683 2126 716 2157 h.
735 2136 762 2156 e.
782 2125 954 2164 objiciens,
979 2124 1145 2164 praebens»,
1159 2133 1255 2165 appo-

684 2183 772 2203 nens,
792 2171 881 2202 Nihil
905 2170 1059 2212 amplius,
1080 2171 1145 2200 nisi
1167 2168 1254 2211 quod

685 2226 722 2249 ut
736 2224 829 2260 poeta
837 2217 930 2249 docte
943 2217 1034 2260 loqui
1047 2216 1170 2248 maluit.

1057 2266 1125 2314 27*
