1433 2460
568 145 692 175 LIBER
716 144 757 173 11.
1202 142 1262 169 1:2¹3

69 224 82 240 α
100 210 194 252 Vos,
212 203 340 242 aeterni
358 204 481 254 ignm,
502 211 538 240 et
557 214 633 238 non
652 199 828 238 violabile
847 208 1013 236 vestrum

67 269 200 304 Testor
216 279 372 311 numen,
393 264 462 311 ait3
480 276 547 300 vos
569 275 660 308 arae,
681 257 863 309 ensesque
881 259 1052 304 nefandi,
1215 267 1260 289 ⁷¹³·

67 329 172 373 Quos
194 325 290 375 fugi,
310 325 490 374 vittaeque
510 322 641 368 deum,
661 334 756 371 quas
771 320 895 357 hostia
916 319 1011 369 gessi
1030 333 1037 354 :

65 388 136 422 Fas
152 385 245 422 mihi
266 384 470 421 Graiorum
485 389 631 419 sacrata
648 380 838 417 resolvere
852 380 938 429 jura
950 406 960 424 ,

66 448 135 483 Fas
152 446 275 483 odisse
290 444 412 489 viros,
433 451 545 493 atque
561 442 689 480 omnia
709 441 807 478 ferre
827 439 898 477 sub
919 451 1052 484 auras,

66 638 149 667 dolis
172 636 338 667 instructus
356 636 562 689 Homericum
581 646 636 666 κα,-

68 694 102 713 κ’.
107 680 244 714 ῖσιδίὶς·
239 695 277 713 .σ.
300 694 438 713 7.=7.7.w:
434 682 471 711 '12
476 693 575 725 ;,7.:·
563 679 636 712 207.-

68 734 100 760 >:
105 741 159 774 ,φρ
147 742 203 761 ..ωι
224 730 312 760 Iliad.
333 726 373 766 ὃ,
393 731 468 769 339.

118 791 192 825 1554
217 790 359 818 Vestrum
386 788 638 827 12.Speciosissi-

67 846 115 865 ma
130 843 175 866 est
191 833 391 865 Mar‹-klaudi
408 833 585 863 emendatio
599 832 638 862 ad

67 885 142 912 Stat.
166 893 197 922 p.
224 891 239 918 7
264 882 367 910 Veseae
388 891 438 915 ιι..
464 881 520 920 qui
545 881 637 909 etiam

67 928 215 969 praeclare
225 927 358 957 advocat
369 937 476 956 rersus
490 926 545 956 inf.
560 926 636 965 296,

69 986 146 1015 297-
164 976 280 1005 Firmat
294 984 362 1003 eam
383 972 484 1003 codex
506 973 564 1002 Ge.
584 974 638 1002 Fa-

68 1022 160 1051 bricii
170 1043 179 1058 ,
194 1020 274 1051 sorte
290 1027 321 1049 et
331 1020 408 1056 hoe,
420 1018 506 1059 qnod
523 1020 620 1048 Sinon
629 1041 638 1052 ,

67 1069 124 1108 qui
137 1069 200 1105 jam
215 1068 371 1105 Trojanus
381 1067 458 1095 civis
471 1065 572 1094 videri
588 1076 641 1094 vo-

68 1114 171 1151 lebat,
205 1124 327 1143 numen
361 1113 465 1150 Trojae
508 1110 640 1141 tutelam-e

67 1161 205 1190 invocat.
216 1160 329 1191 Obstat
345 1165 448 1188 tamen
458 1181 466 1195 ‚
483 1157 639 1198 quodjam

68 1218 84 1236 a
101 1208 176 1236 siris
191 1206 295 1236 doctis
320 1206 493 1240 monitum,
513 1214 580 1233 non
596 1203 643 1233 ad

68 1253 173 1283 urbem
199 1261 232 1282 ec
254 1263 380 1288 arcem,
397 1253 432 1281 in
451 1261 510 1291 qua
535 1260 639 1280 serva-

68 1299 160 1329 batur
191 1309 276 1329 sacer
301 1299 400 1340 ignis,
438 1307 637 1333 conversum,

67 1345 122 1376 sed
149 1345 294 1376 manibus
314 1344 361 1374 ad
382 1344 488 1373 sidera
507 1343 640 1373 sublatis

68 1392 135 1422 haec
157 1393 261 1423 dicere
286 1393 447 1422 Sinonem.
463 1408 510 1412 -
536 1391 640 1420 [Ἐκτ-

70 1439 106 1468 ηἱ
129 1440 219 1482 ignes
245 1439 302 1468 vix
329 1438 382 1468 alii
407 1448 471 1467 esse
486 1443 640 1477 possunt,

68 1496 163 1526 quam
179 1486 246 1523 sol,
260 1485 337 1515 luna
351 1492 381 1514 et
393 1483 494 1513 sidera
504 1506 513 1519 ‚
525 1482 564 1512 de
573 1484 641 1522 qui-

68 1533 129 1564 bus
142 1540 174 1564 et
188 1535 274 1564 Serv.
295 1542 330 1560 ac
343 1533 489 1561 Donatus
511 1539 640 1569 accepe-

69 1587 154 1610 runt.
171 1581 251 1610 Nam
268 1577 375 1619 paullo
398 1582 469 1605 ante
489 1585 496 1606 :
517 1574 642 1604 sustulit

70 1626 116 1655 ad
126 1625 231 1656 sidera
247 1624 389 1664 palmas.
418 1623 460 1652 Iis
483 1623 640 1651 aeternita-

70 1679 153 1709 tem,
169 1680 306 1707 numen,
323 1676 354 1699 et
377 1669 486 1699 locum
509 1669 542 1697 in
557 1668 641 1705 jure·

68 1717 205 1756 jurando
218 1716 318 1746 tribui
328 1738 337 1752 ,
345 1716 409 1754 jam
423 1715 496 1744 satis
509 1721 639 1750 notum,

70 1771 101 1793 et
110 1763 221 1794 docuit
231 1763 404 1792 Burmann.
414 1760 451 1789 ad
463 1760 496 1790 h.
506 1760 528 1790 l.
539 1760 641 1789 Etiam

71 1821 137 1840 non
163 1807 320 1840 violabile
342 1807 423 1837 bene
445 1806 483 1835 ad
511 1806 644 1845 perjurii

71 1857 226 1887 ultionem
239 1853 367 1890 retulit3
382 1864 438 1893 per
451 1862 531 1893 quos
549 1861 644 1881 nemo

69 1905 203 1944 impune
238 1901 357 1943 pejerat
371 1910 380 1937 ;
413 1900 520 1929 minus
562 1896 644 1927 bene

70 1950 198 1980 Servius
221 1946 378 1989 ἄφθαρτον
415 1945 551 1985 exprimi
585 1954 644 1984 pn-

71 1996 166 2031 tabat.
186 1997 234 2026 De
256 1993 426 2025 Penatibus
462 1998 515 2021 aut
539 1992 644 2019 Vestae

71 2044 162 2084 igne,
179 2052 274 2084 quem
291 2041 384 2069 etiam
398 2037 592 2078 Pomponius
605 2036 645 2066 ad

72 2088 106 2120 h.
131 2089 155 2119 l.
179 2088 326 2123 vocavit,
353 2087 409 2126 qui
430 2085 644 2122 Troianorum

74 2145 140 2166 esse
165 2133 312 2171 deberet,
339 2134 397 2162 xix
428 2131 529 2161 Sinon
553 2130 645 2170 loqui

74 2183 142 2212 sine
165 2181 270 2221 aliqua
293 2179 492 2210 affectatione
513 2177 638 2217 potuit,

73 2228 220 2268 inprimis
225 2237 299 2257 cum
306 2236 373 2256 arce
382 2234 535 2265 ensesque
543 2246 552 2258 ‚
565 2233 644 2263 quos

65 2273 175 2318 figit,
199 2279 387 2313 sequantur,
405 2272 462 2312 qui
479 2280 554 2300 cum
576 2269 643 2299 istis

690 636 771 666 nihil
785 645 954 665 commune
961 633 1130 663 habebant.
1143 634 1259 662 Enses.

691 681 836 724 μάχαιρα.
848 704 856 718 ,
871 678 1005 723 σφαγὶς,
1032 679 1186 708 invidiose
1207 690 1265 718 pro

690 728 864 768 singulari.

743 800 754 818 1
764 790 816 826 57.
834 789 961 818 Secreta
974 786 1060 817 Leid.
1076 785 1190 816 Hamb.
1202 796 1264 815 sec.

692 842 722 865 et
734 846 793 876 pro
804 846 868 865 var.
970 834 1058 863 alter.
1067 832 1167 869 Leid.‚
1179 832 1267 872 qnod

693 892 708 911 a
723 882 874 912 Conterio
894 880 974 910 male
998 879 1162 909 defensum
1181 885 1266 907 recte

692 929 802 967 rejecit
844 929 1055 957 Burmannus.
1100 924 1266 955 Revolvere

693 975 808 1005 Hamb.
827 985 877 1015 pr.
904 980 935 1003 et
961 974 1088 1012 Menag.
1114 971 1202 1000 alter.
1219 989 1264 993 ——-

695 1023 831 1050 Sacrata
873 1019 1041 1048 Graiorum
1065 1018 1143 1059 jura
1170 1025 1244 1047 sunt
1256 1040 1264 1048 .

694 1074 804 1097 nostro
844 1065 964 1104 judicio
979 1089 987 1101 ‚
1029 1065 1164 1094 civitatis
1194 1064 1262 1101 jus,

694 1114 802 1143 saltem
840 1113 892 1150 jus
927 1121 1097 1141 commune
1128 1109 1266 1150 popula-

694 1162 794 1196 rium,
811 1157 898 1200 quod
927 1158 1079 1188 resolvere
1107 1168 1138 1186 se
1167 1156 1264 1193 dicit,

693 1213 729 1236 ut
743 1207 852 1247 patriis
876 1205 1001 1246 legibus
1022 1204 1146 1234 solutus
1169 1204 1204 1232 in
1224 1203 1267 1232 ci-

693 1254 822 1282 vitatem
840 1252 1010 1289 Trojanam
1025 1256 1181 1285 transeat,
1200 1259 1266 1278 am-

692 1299 777 1339 plius
798 1300 862 1337 jam
881 1299 1012 1327 Graecus
1034 1307 1102 1326 non
1126 1296 1185 1332 sit,
1213 1295 1268 1324 sed

694 1356 778 1375 unus
795 1356 810 1374 e
826 1345 981 1382 Trojanis.
994 1344 1104 1383 Itaque
1115 1341 1242 1380 subjicit
1256 1352 1264 1370 :

688 1391 807 1432 patriae
829 1398 942 1421 teneor
964 1400 1024 1419 nec
1041 1388 1162 1430 legt'bus
1180 1387 1265 1417 ullis.

694 1440 732 1468 In
747 1438 834 1468 hunc
862 1438 926 1468 fere
953 1447 1081 1467 sensum
1093 1459 1100 1472 ‚
1120 1442 1157 1465 ut
1175 1445 1191 1464 a
1210 1445 1267 1464 sua

693 1487 783 1525 quasi
801 1486 902 1526 patria
926 1492 1076 1524 tanquam
1098 1481 1215 1511 familia
1236 1491 1268 1510 se

694 1531 839 1568 abdicet,
873 1531 989 1571 accipit
1029 1531 1185 1559 Donatus.
1225 1530 1269 1557 At

694 1579 781 1607 Serv.
813 1584 844 1606 et
871 1578 1067 1616 Pomponius
1099 1574 1137 1604 ad
1168 1584 1269 1604 sacra-

695 1630 839 1653 mentum
858 1623 992 1653 militare
1014 1621 1174 1659 referunt,
1191 1631 1268 1661 qua-

694 1669 724 1699 le
746 1670 867 1699 scilicet
887 1671 971 1699 inter
997 1670 1159 1699 Romanos
1185 1674 1268 1701 erat,

696 1726 760 1755 qno
778 1715 816 1745 ad
831 1715 954 1745 bellum
969 1715 1077 1744 exiens
1093 1714 1183 1743 miles
1202 1712 1270 1741 adj-

697 1761 840 1802 gebatur.
850 1763 1052 1791 Burmannus
1061 1759 1164 1789 multo
1178 1759 1271 1788 etiam

697 1808 840 1847 argutius
867 1807 906 1836 de
940 1807 1122 1846 conscripto
1153 1812 1272 1834 sacrata

695 1853 764 1893 lege
788 1854 948 1889 exercitu,
972 1862 1034 1892 qua
1060 1851 1212 1890 jurabant
1239 1862 1271 1880 se

697 1909 764 1929 non
777 1898 935 1929 redituros
948 1898 1159 1935 domum,m‘si
1168 1899 1272 1928 victo-

697 1956 756 1975 res.
771 1945 832 1976 Sed
848 1953 976 1975 sacrata
993 1944 1066 1983 sura
1087 1943 1190 1985 simpl.
1209 1955 1271 1985 pro

693 1991 746 2033 jus
760 2002 884 2021 sacrum
894 2004 907 2028 ,·
918 1989 1045 2022 resolvit
1049 1991 1112 2028 jus,
1126 1991 1227 2030 quieo
1237 2001 1271 2020 se

698 2037 828 2076 liberat3
849 2038 942 2078 quale
959 2037 1040 2067 illud
1054 2037 1113 2074 sit,
1132 2036 1272 2066 declarat

697 2095 728 2114 v.
755 2086 829 2124 159.
853 2086 936 2114 Mox
968 2085 1029 2114 158
1057 2082 1194 2113 debebat
1223 2094 1271 2112 se-

698 2132 771 2171 qui:
791 2133 849 2162 Fas
869 2130 947 2161 mihi
970 2132 1011 2161 sit
1033 2141 1074 2160 ex
1086 2130 1173 2168 justo
1195 2129 1271 2160 odio

697 2179 732 2207 in
751 2188 804 2208 eos
820 2179 925 2208 omnia
945 2187 1057 2208 arcana
1075 2176 1163 2218 (haec
1179 2183 1269 2211 sunt,

697 2223 727 2253 si
751 2235 816 2265 qua
843 2223 974 2266 tegunt)
986 2223 1143 2266 proferre.
1167 2224 1207 2252 In
1224 2224 1271 2251 in-

698 2272 843 2301 versione
882 2281 1031 2312 agnosces
1068 2276 1207 2310 poetam.
1226 2285 1272 2292 --

1056 2333 1120 2372 11*
