1433 2460
570 146 692 178 LIBER.
716 148 758 178 11.

1203 153 1263 189 137

63 202 202 240 Reddit
219 215 355 252 equus3
371 202 522 252 laetique
541 215 635 240 cavo
652 217 690 240 se
712 203 850 241 robore
868 214 1047 255 promunt
1216 218 1263 242 260

61 262 339 310 Thessandrus,
358 263 636 313 Sthenelusque
653 263 786 311 duces,
806 254 843 301 et
860 266 965 303 dirus
982 267 1131 312 Ulixes,

59 323 274 360 Demissum
292 323 385 373 lapsi
405 337 474 373 per
493 324 640 371 funem,
658 328 912 375 Acamasque,
933 327 1154 378 Thoasque,

60 383 280 434 Pelidesque
296 385 586 434 Neoptolemus,
605 385 825 436 primusque
844 388 1052 436 Machaon,

59 447 105 482 Et
122 446 335 491 Menelaus,
352 455 389 482 et
407 446 488 496 ipse
506 445 583 482 doli
607 446 813 484 fabricator
831 451 965 498 Epeos.

58 506 247 543 Invadunt
262 505 397 543 urbem
415 520 547 543 somno
568 509 735 558 vinoque
753 510 958 558 sepultam;
1216 521 1263 546 265

60 566 267 604 Caeduntur
287 567 437 616 vigiles,
454 568 651 618 portisque
669 569 886 618 patentibus
904 571 1025 608 omnis

59 627 267 677 Adcipiunt
285 627 426 673 socios,
446 636 558 677 atque
577 629 725 678 agmina
742 630 891 666 conseia
904 630 1078 679 jungunt.

111 690 275 738 Tempus
292 697 390 734 erat,
408 702 483 737 quo
503 689 624 738 prima
640 690 746 738 quies
764 689 989 727 mortalibus
1006 691 1114 740 aegris

59 749 215 799 Incipit,
232 757 269 785 et
289 748 390 784 douo
409 749 540 785 divum
560 749 772 799 gratissima
789 750 918 800 serpit.

59 896 102 920 to.
129 891 241 919 Laxat
256 889 395 918 claustra
414 887 524 919 Sinon.
553 889 632 919 Illos

50 937 252 976 p.—Epeos.
268 936 432 965 Invadunt
446 936 552 965 urbem
566 943 625 966 etc.

58 983 190 1024 Vulgata
215 983 376 1013 distinctio
404 993 517 1023 parum
542 993 630 1012 com-

57 1029 160 1060 moda.
177 1031 259 1060 Mox
275 1036 347 1070 post
365 1037 521 1069 promunt
538 1031 633 1059 inter-

56 1084 165 1117 punct.
184 1077 316 1106 mutavi.
328 1077 428 1105 Porro
447 1077 557 1105 Laxat
568 1087 633 1104 cas-

57 1130 106 1152 tra
125 1134 141 1152 e
164 1122 329 1153 nonnullis
354 1123 504 1152 Heinsius
528 1122 634 1151 laudat

57 1170 166 1200 Burm.
192 1169 231 1198 ad
259 1171 386 1199 Petron.
405 1169 467 1209 89,
494 1180 525 1199 ν.
544 1180 573 1207 7.
587 1186 634 1192 —

60 1216 187 1246 260——
203 1216 279 1251 264.
307 1217 346 1245 Se
364 1223 534 1256 promunt,
560 1226 633 1255 pro-

56 1262 157 1292 deunt
171 1273 179 1293 :
198 1260 324 1292 ἱππόθεν
343 1261 516 1304 ἐκχύμενοι,
530 1261 630 1292 mim-1

55 1306 146 1349 λόχον
168 1306 405 1351 ἐκπρολιπόντες
424 1308 484 1339 Od.
497 1309 529 1346 θ,
553 1309 630 1339 5ι5.

54 1358 134 1386 —T
131 1355 332 1392 hessandrus,
343 1366 399 1385 seu
414 1357 520 1385 verius
532 1355 632 1385 Ther-

56 1403 188 1440 sander,
219 1403 381 1444 Polynicis
403 1409 435 1432 et
458 1403 565 1443 Argiae
588 1402 631 1439 f.,

56 1449 235 1480 secundum
257 1451 345 1480 Serv,
370 1448 435 1489 (ex
451 1449 574 1479 AEcolia
591 1450 633 1479 ait

57 1498 215 1537 Pompou.
240 1495 278 1525 ad
299 1495 331 1526 h.
347 1496 369 1526 l.
387 1502 418 1525 et
436 1497 550 1537 Dictys
574 1495 631 1526 lib.

57 1544 90 1579 1,
115 1554 142 1574 c.
167 1549 219 1578 14.
243 1542 322 1572 adde
347 1553 374 1573 c.
400 1553 451 1581 17.
468 1543 490 1573 f.
512 1543 572 1584 leg.
591 1553 634 1572 ex

56 1589 184 1619 Boeotia
193 1588 217 1630 ).
236 1588 440 1620 Desideratur
455 1600 529 1619 sane
551 1590 634 1619 inter

59 1643 179 1666 ceteros
207 1635 320 1666 heroes
350 1646 470 1666 nomen
503 1636 633 1676 aliquod

60 1683 200 1719 clarum;
228 1692 340 1711 verum
355 1681 556 1712 Thersander
578 1684 634 1712 Po-

58 1728 175 1769 lynicis
190 1728 211 1757 f.
226 1727 334 1757 locum
350 1729 406 1756 vix
419 1729 502 1757 tueri
517 1735 632 1768 potest,

59 1785 161 1815 quum
191 1774 311 1814 ubique
342 1773 395 1802 ille
426 1773 568 1802 tradatur
598 1775 634 1804 in

59 1831 166 1862 pugna
182 1831 257 1850 cum
272 1819 413 1859 Telepho
425 1821 461 1849 in
474 1820 634 1860 principio

61 1867 137 1897 belh·
147 1867 279 1904 Trojani
303 1866 463 1896 cecidisse.
490 1877 521 1896 v,
542 1868 633 1897 Paus.

61 1915 129 1951 lx,
151 1914 183 1951 5;
201 1914 316 1953 Dictys
335 1914 386 1949 Π,
413 1923 443 1942 2.
458 1914 497 1942 Et
513 1913 558 1941 sic
576 1913 636 1954 Cy-

61 1961 130 2002 pria
152 1960 290 1990 carmina
314 1959 526 1996 tradiderant,
560 1965 597 1988 ut
619 1970 635 1989 e

63 2006 176 2037 Proclo
203 2017 260 2036 ms.
297 2006 405 2036 didici.
441 2007 509 2035 Aut
529 2007 636 2046 itaque

63 2053 142 2084 alius
154 2053 208 2082 hic
227 2052 426 2083 Thersander
450 2051 634 2090 habendus,

64 2107 118 2130 aut
144 2099 318 2129 Tisandrus
343 2100 449 2129 verior
467 2106 513 2128 est
529 2099 635 2130 lectio.

64 2147 103 2175 Iu
119 2147 258 2176 Homero
277 2153 428 2176 neutrum
445 2156 561 2175 nomen
580 2155 634 2175 oc-

65 2193 175 2223 currit.
206 2194 254 2223 De
285 2183 470 2223 Acdmante
484 2215 494 2229 ,
536 2192 634 2223 altero

66 2238 179 2270 Thesei
194 2237 337 2269 filiorum
358 2246 390 2270 et
407 2239 628 2279 Demophoon-

64 2285 236 2324 n'sfratre,
263 2297 294 2318 v.
320 2288 423 2328 Intpr.
448 2285 488 2316 ad
513 2286 633 2328 Hygin.

685 889 708 920 f.
733 890 793 919 108
813 897 843 919 et
856 890 888 920 h.
906 890 926 920 l.
944 892 1074 928 Hein5.3
1097 891 1136 922 de
1152 894 1263 923 ceteris

686 937 796 966 saltem
818 938 974 968 Servium.
996 938 1175 968 Demissum
1197 940 1264 980 lap-

687 982 714 1012 si
727 994 788 1023 per
790 981 908 1024 sunem
920 1007 929 1020 ,
959 984 991 1014 h.
1009 996 1036 1014 e.
1054 984 1173 1026 delapsi
1189 986 1264 1016 fune

687 1029 834 1060 demisso.
851 1031 900 1060 Ex
913 1030 1044 1061 historia
1061 1032 1122 1062 hoe
1137 1043 1264 1073 accepe-

688 1083 754 1113 1·at;
774 1082 804 1105 at
820 1078 943 1117 egregie
958 1077 997 1107 ad
1011 1079 1263 1119 magnitudinem

687 1123 762 1162 equi
794 1121 1015 1154 declarandam
1045 1126 1262 1156 accommoda-

688 1170 745 1198 vit.
763 1171 874 1210 Itaque
889 1171 1051 1212 emphasin
1065 1173 1200 1212 Quintil.
1216 1183 1265 1214 ag-

687 1216 779 1245 novit
794 1216 872 1246 inst.
891 1218 989 1255 VIII,
1013 1220 1029 1248 3
1043 1242 1050 1254 ‚
1074 1219 1135 1255 84,
1156 1219 1213 1248 ubi
1231 1230 1261 1249 v.

688 1268 756 1291 not.
775 1269 805 1291 et
819 1264 926 1293 Ursin.
942 1264 1023 1294 adh.
1038 1265 1060 1295 1.
1073 1265 1262 1306 Primusque

686 1307 849 1338 Machaon
863 1320 872 1338 :
886 1311 1029 1352 intelligo
1038 1334 1046 1348 ,
1065 1312 1120 1352 qui
1129 1313 1262 1352 primus,

686 1355 769 1384 inter
791 1356 930 1395 primos,
957 1368 1098 1399 egressus
1119 1365 1175 1389 est.
1205 1361 1265 1388 Ar·

687 1408 841 1442 gutantur
854 1403 888 1432 in
904 1404 965 1434 hoc
978 1406 1041 1442 jam
1062 1412 1193 1436 veteres.
1210 1405 1264 1434 Vi-

688 1448 727 1477 de
739 1450 825 1479 Sext.
841 1450 952 1482 Aurel.
965 1453 1090 1482 Victor.
1111 1452 1151 1482 G.
1168 1454 1263 1483 Rom.

688 1505 716 1525 c.
741 1505 769 1525 1.
792 1495 955 1527 Machaon
978 1497 1062 1539 apud
1079 1498 1264 1528 Thessalum

686 1542 722 1571 in
739 1539 954 1587 πρεσὲευτικῷ
979 1545 1040 1574 sub
1061 1544 1083 1575 f.
1108 1556 1264 1576 memora-

687 1595 740 1618 tm·
753 1589 861 1628 paullo
874 1598 1042 1632 postquam
1052 1602 1136 1632 equo
1146 1593 1266 1622 exierat

688 1635 784 1663 vitam
808 1637 955 1669 amisisse.
975 1638 1054 1668 Dola·
1069 1638 1263 1678 fabricator.

687 1682 739 1710 Sic
763 1677 853 1712 ὃόλςν
878 1695 938 1724 pro
965 1695 1048 1724 equo
1071 1684 1111 1713 ad
1135 1684 1265 1714 insidias

687 1726 770 1756 facto
785 1729 919 1759 Homer.
944 1731 1059 1771 Odyss.
1080 1730 1107 1767 θ,
1120 1741 1165 1761 VS.
1185 1737 1263 1770 494.

687 1789 734 1797 -—
747 1774 826 1804 260.
847 1773 930 1804 Cavo
947 1787 979 1805 se
995 1787 1020 1806 r.
1032 1784 1186 1816 promunt
1201 1787 1264 1807 ma-

686 1819 738 1856 jor
764 1819 923 1850 librorum
950 1832 1042 1862 pars3
1068 1829 1099 1851 et
1120 1823 1165 1852 sie
1189 1834 1265 1864 pro-

689 1865 757 1904 prie
769 1865 828 1894 hac
844 1866 880 1896 in
893 1878 926 1897 re
943 1868 1072 1898 dicitur.
1093 1870 1264 1900 Enimvero

690 1912 832 1952 Longob.
854 1914 948 1943 Pierii
958 1937 967 1951 ‚
983 1925 1078 1954 quem
1093 1916 1188 1945 etiam
1205 1917 1263 1947 Ge.

690 1957 855 1988 Fabricius
874 1961 1028 2001 respicere
1041 1960 1180 2000 videtur,
1190 1973 1265 2003 pro-

690 2003 770 2034 dunt
789 2004 902 2045 habet,
929 2007 1018 2048 quod
1034 2017 1108 2038 sane
1129 2010 1265 2050 exquisi-

690 2052 770 2087 tius,
790 2062 822 2081 se
832 2053 980 2092 prodere.
1002 2055 1113 2095 Itaque
1131 2056 1264 2086 Heinsio

689 2097 771 2127 illud
792 2099 965 2138 probatum
981 2100 1019 2130 ad
1035 2101 1199 2133 Claudian.
1213 2104 1263 2133 IV

691 2144 785 2175 cons.
810 2146 933 2178 Honor.
953 2147 1038 2186 6433
1062 2155 1093 2178 et
1110 2149 1207 2180 Ovid.
1230 2150 1262 2178 V

687 2192 769 2222 Fast.
786 2192 863 2223 508.

736 2238 800 2267 268
816 2250 884 2280 sqq.
901 2241 1020 2279 Locus,
1042 2242 1095 2272 cui
1113 2241 1229 2272 similes
1245 2253 1262 2272 e

687 2284 833 2326 pluribus
850 2288 951 2328 poetis
971 2289 1104 2319 excitari
1118 2290 1240 2331 possint
1249 2311 1258 2327 ,

1068 2351 1132 2389 12*
