1402 2460
604 90 725 120 LIBER
751 89 792 118 H.

106 154 287 188 Exarsere
305 150 408 200 ignes
425 149 568 194 a11im03
589 147 691 184 subit
713 148 767 183 ira
783 145 977 182 cadentem

1238 82 1298 120 167

1251 147 1300 180 ⁵7⁵

105 210 243 247 Ulcisci
258 209 438 259 patriam,
455 218 491 245 et
508 208 706 244 sceleratas
726 219 874 244 sumere
892 217 1031 255 poenas.

105 287 119 302 «
132 270 282 307 Scilicet
301 269 382 306 haec
401 272 574 319 Spartam
591 267 788 304 incolumis
806 266 1022 315 patriasque
1038 265 1215 312 Mycenas

102 329 315 380 Adspiciet‚
336 338 521 379 partoque
543 328 613 365 ibit
634 327 764 378 regina
782 327 994 376 triumpho!

103 390 425 440 Conjugiumque,
443 389 691 438 domumque,
714 396 858 437 patres,
876 396 1059 435 natosque
1074 383 1238 429 videbit,

104 450 264 487 Iliadum
285 450 415 496 turba,
433 459 469 486 et
490 449 662 498 Phrygiis
680 448 859 484 comitata
875 445 1072 483 ministris!

1252 451 1300 476 580

105 510 298 548 Occiderit
316 511 416 547 ferro
435 510 622 546 Priamus!
645 509 759 557 Troja
779 507 912 544 arserit
930 507 1022 556 igni!

104 570 338 607 Dardanium
358 571 468 606 toties
486 568 632 605 sudarit
650 568 831 617 sanguine
850 567 957 603 litus!

105 634 190 668 Non
208 633 259 668 ita
276 646 283 666 :
303 645 482 680 namque,
499 630 568 666 etsi
587 629 730 665 nullum
747 626 992 664 memorabile
1008 638 1146 662 nomen

106 691 281 728 Feminea
298 691 335 727 in
354 703 463 740 poena
479 699 551 734 est,
566 701 635 725 nee
653 687 767 724 habet
783 686 943 723 victoria
963 685 1131 731 laudem3

106 752 336 790 Exstinxisse
353 752 456 787 nefas
477 760 620 792 tamen,
640 757 677 784 et
696 747 871 784 sumsisse
890 746 1068 783 merentis

1255 754 1303 779 585

107 811 310 848 Laudabor
326 823 470 860 poenas,
489 809 731 857 animumque
750 807 918 857 explesse
934 805 1085 857 juvabit

111 871 259 908 Ultricis
274 871 450 916 flammae,
471 878 507 906 et
528 869 672 906 cineres
688 868 841 905 satiasse
858 879 1064 904 meorum.»

156 932 260 969 Talia
272 931 481 982 jactabam,
498 940 535 968 et
551 930 688 966 furiata
707 938 832 966 mente
850 928 1017 973 ferebar,

108 1104 198 1134 rabat
224 1114 355 1133 vacuam
365 1125 373 1140 ‚
403 1110 441 1133 ut
471 1112 567 1143 supra
595 1112 676 1133 vers.

112 1151 187 1181 528.
203 1150 309 1180 Invisa
320 1173 328 1185 ,
349 1150 464 1179 abdita.
480 1150 530 1180 Sic
547 1148 658 1178 melius
670 1171 678 1186 ‚

108 1204 198 1237 pute.

158 1243 222 1280 :575
245 1253 312 1283 sqq.
339 1242 507 1282 Sequentia
529 1252 570 1272 ex
590 1242 681 1271 Euri-

107 1290 206 1330 pideis
220 1300 364 1329 expressa
376 1290 410 1318 in
425 1291 535 1319 Oreste
546 1299 578 1319 v.
593 1298 606 1317 1
617 1289 678 1318 132

107 1347 174 1376 sqq.
191 1337 351 1365 Eoeczrsere
366 1335 456 1377 ignes
477 1334 600 1371 animo,
621 1345 680 1376 pro

109 1383 232 1424 vulgari
246 1381 373 1411 animus
387 1381 435 1411 ira
447 1381 571 1411 exarsit
585 1392 596 1410 :
611 1382 679 1411 sub-

109 1429 133 1458 it
147 1428 206 1464 ira,
227 1429 261 1458 h.
277 1439 304 1459 e.
316 1451 324 1465 ‚
342 1429 478 1468 impetus
498 1439 538 1457 ex
565 1429 610 1457 ira
621 1450 629 1465 ,
644 1434 682 1457 ut

109 1475 277 1505 ulciscerer
293 1475 454 1504 excidium
478 1475 604 1514 patriae:
620 1484 681 1503 sce-

109 1522 227 1551 leratas
240 1532 376 1562 poenas,
398 1521 507 1562 paullo
541 1520 680 1550 insolen-

111 1570 172 1598 tius
183 1591 191 1606 ,
205 1579 265 1609 pro
276 1591 284 1605 ‚
304 1578 413 1609 poenas
435 1577 452 1597 a
474 1567 623 1597 scelerata
640 1566 681 1596 fe-

111 1615 194 1644 mina
207 1622 342 1645 sumtas:
356 1625 429 1644 nam
438 1637 447 1651 ‚
457 1621 494 1643 ut
506 1615 570 1643 sint
578 1623 682 1653 poenae

112 1671 167 1700 per
181 1660 283 1690 scelus
291 1668 424 1696 exactae,
435 1660 574 1689 alienum
583 1670 600 1688 a
608 1659 682 1689 loco

113 1714 169 1736 est.
187 1724 233 1729 —-
250 1707 326 1744 576.
352 1710 427 1736 Au:
445 1706 608 1735 sceleratae
636 1715 684 1733 sn-

115 1763 198 1782 mere
213 1763 328 1792 poemzs
351 1751 383 1781 h.
406 1761 432 1781 e.
453 1750 492 1780 de
514 1751 683 1781 scelerata?

115 1806 148 1829 ut
163 1799 280 1834 malim,
298 1797 353 1828 inf.
368 1797 432 1828 585
450 1796 684 1827 rna-remissum-

115 1846 187 1875 sisse
198 1855 324 1886 poenas.
335 1846 375 1874 Et
391 1844 436 1873 sic
447 1844 510 1881 jam
522 1843 683 1873 Valesium

114 1893 284 1930 conjecisse
323 1890 415 1921 docet
448 1889 608 1930 Cuningh.
636 1907 683 1914 -—

117 1939 193 1979 579.
210 1937 419 1979 Conjugz'um‚
441 1936 607 1977 conjugem
622 1937 687 1977 pri-

115 1987 233 2016 stinum
247 1994 255 2015 :
268 1991 396 2024 patres,
415 1989 571 2023 parente&
589 1981 687 2022 Phry-

112 2031 175 2074 giis
190 2030 357 2067 ministris,
380 2029 525 2067 Trojanis
554 2030 686 2069 captivis

115 2079 163 2108 illi
182 2079 218 2108 in
233 2078 397 2108 servitium
420 2075 562 2105 addictis.
582 2075 685 2105 Suda-

117 2124 159 2155 rie
177 2123 347 2166 sanguine,
372 2122 582 2153 madefactum
595 2144 604 2160 ,
625 2121 684 2152 hu-

118 2174 297 2202 mectatum.
323 2172 372 2201 Ex
397 2170 569 2200 Enniano:
588 2170 686 2198 Terra

114 2216 213 2256 ¹sudat
224 2216 382 2260 sanguine
394 2215 480 2258 apud
492 2217 576 2247 Non.
591 2215 627 2246 in
641 2226 686 2245 so-

734 1112 820 1132 nere.
831 1102 902 1133 AJia
912 1108 987 1131 sunt
997 1109 1143 1142 congesta
1152 1111 1201 1142 ap.
1211 1101 1303 1132 Cerd.

782 1149 976 1186 583—387.
994 1149 1080 1184 Non,
1097 1148 1141 1177 ita
1156 1146 1190 1177 οὑ
1209 1143 1303 1180 δῆτα.

734 1195 842 1236 Vulgo
866 1195 950 1225 absit
977 1194 1057 1224 hoc!
1078 1195 1304 1235 Nequaquam.

734 1259 780 1264 —
792 1241 925 1271 Nullum
942 1252 983 1272 m.
999 1251 1129 1277 nomen,
1139 1240 1227 1270 nulla
1242 1241 1307 1282 glo-

734 1290 779 1318 ria
794 1297 802 1318 :
820 1296 928 1318 tamen
954 1287 1128 1323 laudabor,
1147 1287 1235 1327 quod
1253 1297 1307 1316 ex-

734 1336 900 1381 stinxerim
917 1333 1026 1376 nefas,
1051 1333 1084 1364 h.
1111 1344 1137 1363 e.
1156 1333 1308 1362 nefariam

735 1382 883 1411 feminam
893 1381 1056 1412 Helenam.
1067 1398 1112 1403 --
1121 1380 1198 1410 585.
1212 1379 1312 1409 Tanti

735 1435 767 1457 et
781 1439 806 1458 s.
821 1428 870 1458 ed.
881 1430 963 1458 Ven.
977 1429 1136 1458 Illerentes
1148 1426 1226 1456 alter
1241 1427 1310 1456 Me>

733 1484 804 1516 nag.
825 1485 899 1504 cum
924 1485 981 1504 ms.
1001 1475 1036 1503 in
1060 1476 1147 1504 Serv.
1173 1474 1255 1507 Dan.
1278 1479 1310 1502 et

734 1522 778 1550 sic
806 1521 944 1561 explicat
970 1519 1120 1549 merentis
1146 1520 1308 1549 Heinsius.

734 1567 904 1597 Enimvero
921 1566 994 1596 vide
1013 1576 1120 1596 annon
1140 1566 1229 1595 malis
1239 1577 1309 1606 poe—

736 1624 796 1642 nas
811 1613 958 1643 sumsisse
972 1612 1120 1642 merentis
1138 1613 1307 1652 exquisite,

734 1670 794 1700 pro
808 1669 830 1688 a
844 1659 1127 1690 merente—586,
1141 1658 1310 1687 Animum-

736 1716 797 1745 que
805 1707 949 1746 explesse
948 1705 1075 1747 juvabit
1085 1704 1309 1747 Ultricisflam·

737 1762 809 1782 moe.
831 1753 963 1782 Dm'iter
984 1751 1107 1783 dictum
1125 1749 1252 1780 videtur
1268 1749 1309 1780 de

735 1797 912 1827 ulciscendi
939 1797 1051 1827 ardore
1061 1819 1070 1834 ,
1104 1797 1170 1826 sive
1197 1797 1309 1838 jungas

736 1842 877 1872 animum
910 1842 1028 1873 ulo-icis
1050 1843 1222 1886 flammae,
1249 1853 1309 1884 pro

736 1888 893 1919 flammam
917 1890 1033 1928 animi,
1052 1889 1228 1919 ulciscendi
1251 1899 1310 1918 en-

740 1935 921 1976 piditatem3
945 1937 1029 1971 sive,
1048 1935 1136 1976 quod
1160 1942 1305 1976 praestat,

740 1982 884 2012 animum
901 1983 1046 2023 explesse
1056 1981 1210 2025 flammae
1225 1981 1310 2012 ultri—

740 2028 800 2067 cis,
830 2028 863 2059 h.
892 2039 920 2059 e.
945 2028 1086 2064 flamma,
1116 2028 1237 2062 scilicet
1262 2029 1309 2058 im

739 2075 852 2105 ultrice
863 2098 871 2112 ,
898 2075 931 2106 h.
961 2085 989 2106 e.
1024 2075 1146 2106 ultione
1162 2084 1171 2106 :
1190 2085 1310 2116 poenae

740 2129 914 2158 merentes,
933 2128 972 2152 ut
989 2133 1020 2152 V.
1039 2121 1105 2160 576
1114 2132 1234 2163 poenas
1247 2131 1310 2151 sco-

739 2168 858 2198 leratas
868 2191 877 2206 ,
895 2178 912 2197 a
927 2175 1077 2199 merente.

759 2252 763 2259 ‚
789 2214 851 2245 588
862 2233 908 2238 —
920 2215 995 2256 593.
1011 2217 1116 2246 AEneae
1131 2217 1242 2245 Venus
1259 2224 1311 2257 ap-
