1402 2460
554 77 676 108 LIBER
701 77 759 106 IV.

1193 79 1258 109 325

60 138 223 175 Invisam
244 135 572 186 adcipiet?Nescis
590 135 683 181 heu,
700 133 868 184 perdita,
885 135 1046 173 necdum

59 197 347 234 Laomedonteae
364 197 478 234 sentis
497 196 665 247 perjuria
680 194 823 245 gentis?

58 257 161 302 Quid
182 257 286 294 tum?
302 257 381 294 sola
399 257 487 306 fuga
502 264 635 294 nautas
656 254 868 292 comitabor
886 256 1056 294 ovantis?

56 321 115 354 An
131 318 274 367 Tyriis,
293 317 472 367 omnique
488 330 603 355 manu
621 316 758 367 stipata
777 329 950 354 meorum

56 378 228 415 Inserar?
245 387 300 424 et,
320 391 416 427 quos
435 378 592 416 Sidonia
610 378 675 414 vix
693 376 788 414 urbe
807 378 955 424 revelli,

1210 387 1258 417 545

56 439 201 474 Rursus
219 451 326 488 agam
344 438 497 488 pelago,
518 446 555 474 et
574 438 696 475 ventis
716 437 806 474 dare
826 437 909 474 vela
919 436 1089 488 jubebo?

58 498 160 543 Quin
177 511 345 544 morere,
364 507 405 535 ut
421 499 556 535 merita
573 511 631 544 es,
648 499 827 547 ferroque
848 509 977 536 averte
998 499 1178 537 dolorem.

3 601 11 608 „
56 560 113 594 Tu
133 558 297 595 lacrimis
315 558 438 596 evicta
454 559 565 604 meis,
587 566 628 595 tu
646 558 769 608 prima
788 558 977 596 furentem

57 617 142 663 His,
161 630 359 668 germana,
376 618 481 656 malis
498 631 652 662 oneras,
671 628 785 668 atque
806 618 939 669 objicis
960 619 1071 657 hosti.

54 681 89 714 N
92 690 140 714 on
159 679 264 715 licuit
287 679 441 716 thalami
457 687 655 729 expertem
671 680 751 717 sine
768 680 925 716 crimine
941 680 1058 717 vitam
1208 690 1256 714 550

55 739 220 787 Degere,
239 751 345 776 more
363 740 470 784 serae,
488 739 571 776 talis
587 752 656 775 nec
673 748 827 788 tangere
846 743 973 776 curas!

53 800 139 834 Non
160 808 309 836 servata
329 800 437 845 fides,
455 800 574 836 cineri
590 799 783 850 promissa
805 799 985 847 Sychaeo!
1003 818 1017 829 ι»

53 1003 155 1025 terum
171 996 269 1036 magis
285 996 459 1036 poeticum.
476 1012 521 1018 -
538 993 629 1025 Sinec

52 1053 95 1072 sc.
109 1053 158 1071 me
177 1042 266 1082 sequi
287 1042 424 1072 classem.
441 1059 487 1064 —
501 1041 567 1077 540
580 1059 628 1065 —-
646 1079 656 1085 -

54 1089 71 1118 5
78 1094 93 1123 4
101 1089 131 1119 3.
147 1087 306 1118 Dilectum
325 1088 498 1118 verborum
506 1124 509 1128 Ι
518 1087 626 1118 obser-

51 1146 100 1165 va.
128 1135 282 1172 Trojanos
312 1135 401 1174 quasi
430 1133 563 1174 perfidia
596 1141 628 1165 et

50 1181 191 1221 perjurio
217 1179 346 1210 infames
370 1190 386 1209 a
413 1180 625 1211 Laomedonte

50 1227 236 1257 denominat
252 1248 260 1263 ,
297 1227 388 1265 cujus
419 1228 559 1267 perjuria
589 1228 624 1257 in

50 1276 237 1314 Neptunum
265 1279 296 1302 et
324 1273 524 1313 Apollinem,
546 1284 623 1304 mox

48 1322 83 1350 in
105 1318 295 1356 Herculem,
313 1326 389 1349 nota
411 1326 496 1350 sunt.
521 1321 622 1350 Locus

49 1366 136 1396 class.
154 1364 243 1396 Iliad.
262 1375 294 1406 φ,
313 1371 378 1401 442
398 1368 466 1405 sqq.
479 1383 527 1388 —-
544 1367 621 1402 541.

49 1411 188 1442 Invisam
207 1419 280 1452 post
294 1412 433 1442 Pieriam
453 1413 562 1443 Heius.
577 1423 622 1442 re-

47 1460 171 1489 vocavit
184 1469 200 1488 e
216 1458 400 1488 melioribus
414 1458 507 1489 codd.
529 1465 562 1488 et
575 1469 622 1488 ra-

13 1532 19 1535 .
50 1507 137 1535 tione
169 1504 294 1535 idonea.
325 1504 432 1544 Vulgo
467 1505 591 1534 irrisam
606 1527 617 1541 ,

47 1550 134 1592 quod
147 1557 347 1592 praecesserat
360 1562 390 1581 V.
404 1552 421 1581 5
427 1551 480 1587 34.
491 1553 620 1582 Utrum-

0 1626 1 1629 ,
47 1608 108 1638 que
131 1598 225 1628 etiam
246 1598 372 1628 Servius
400 1599 548 1638 agnoscit.
573 1615 619 1620 --

0 1670 1 1674 ,
50 1645 126 1680 543.
160 1645 314 1678 Ovances,
346 1644 506 1681 laetantes;
535 1645 618 1673 invi-

0 1724 1 1736 *
47 1690 133 1721 diose
151 1696 182 1720 et
198 1690 270 1720 hoc.
288 1689 436 1719 Vidimus
450 1700 519 1730 sup.
540 1695 618 1729 294,

0 1745 2 1756 >
48 1738 126 1777 295,
142 1736 297 1774 Trojanos
309 1736 399 1766 laetos
411 1737 545 1776 imperio
561 1735 621 1765 dis-

47 1793 170 1814 cessum
185 1792 318 1823 parasse.

96 1830 172 1865 545.
183 1827 311 1870 lnferar
317 1834 388 1869 post
399 1829 479 1859 Pier.
490 1839 506 1858 e
517 1827 618 1859 Codd.

47 1876 187 1917 praetulit
202 1876 312 1906 Heins.
324 1897 332 1912 ,
348 1881 431 1904 recte
443 1885 517 1904 sane
527 1897 536 1911 ‚
554 1881 620 1905 tan-

46 1933 142 1963 quam
167 1921 255 1962 quod
282 1922 470 1962 exquisitius
496 1921 620 1951 dictum

48 1975 136 1999 esset.
152 1968 237 1999 conf.
256 1967 313 1998 inf.
327 1969 377 2003 X,
403 1968 523 2006 576;1,
541 1968 618 2007 439.

47 2015 153 2056 Vulgo
174 2016 339 2055 Insequar.
355 2015 483 2045 Servius
495 2021 620 2043 utrum-

47 2072 110 2102 que
131 2060 248 2091 laudat.
258 2059 460 2102 —Infi’ram
485 2060 619 2101 sequar?

47 2118 127 2147 quos
140 2107 248 2148 paullo
262 2114 334 2137 ante
343 2118 359 2137 a
372 2109 460 2148 Tyro
473 2107 618 2144 excitavi,

46 2155 163 2184 iterum
181 2153 317 2184 navibus
334 2155 511 2184 conscensis
522 2176 530 2191 ,
552 2163 619 2183 ma-

48 2201 161 2230 ritimis
181 2199 327 2231 cursibus
349 2210 452 2231 errare
475 2200 586 2230 faciam
605 2201 618 2229 Ρ

210 2266 260 2300 ΙΙ.

680 995 748 1025 scil.
768 1001 804 1024 ut
833 1005 907 1024 cum
939 995 1084 1033 Trojanis
1110 994 1145 1024 in
1168 995 1258 1024 Italia

681 1040 857 1071 considant.
875 1058 922 1064 —
939 1041 1025 1078 548,
1059 1041 1136 1081 549.
1161 1041 1259 1082 Quod

679 1088 779 1128 ipsam
795 1098 937 1118 sororem
952 1088 1196 1117 amantissimam
1210 1099 1258 1118 ac-

680 1140 784 1171 cusat,
801 1144 962 1163 summnm
975 1133 1125 1164 affectum
1143 1136 1256 1175 arguit,

679 1190 744 1221 quo
766 1179 859 1210 etiam
884 1181 920 1210 in
947 1181 1123 1210 carissimos
1146 1181 1257 1219 injurii

678 1237 742 1256 esse
765 1227 926 1257 solemus:
946 1233 1000 1263 tu,
1023 1237 1043 1256 ο
1062 1237 1169 1264 soror,
1186 1237 1256 1267 per-

676 1279 763 1303 mota
788 1273 927 1302 lacrimis
955 1274 1031 1303 meis
1053 1273 1109 1313 (v,
1128 1283 1200 1313 sup.
1222 1285 1254 1304 v,

678 1320 720 1349 30
735 1318 767 1359 ),
785 1326 821 1348 tu
847 1320 949 1360 prima
966 1329 1016 1348 me
1030 1319 1066 1348 in
1087 1318 1155 1348 haec
1173 1320 1254 1349 mala

674 1365 830 1406 impulisti
841 1388 850 1403 ,
877 1372 908 1394 et
945 1367 1054 1395 AEneae
1083 1364 1230 1403 objecisti
1245 1390 1253 1404 ‚

674 1410 799 1441 homini
819 1413 854 1441 iu
876 1421 983 1441 meum
1002 1412 1137 1441 exitium
1157 1412 1252 1444 facto.

673 1457 807 1488 —551.
824 1459 903 1487 Fere
921 1458 957 1487 in
972 1457 1100 1495 multis;
1123 1469 1252 1488 sensnm

672 1503 873 1544 probabilem
897 1503 972 1533 inde
1007 1504 1120 1533 elicere
1147 1504 1253 1535 studet

672 1551 876 1580 Burmannus
890 1561 899 1587 ;
929 1550 1016 1580 idem
1044 1551 1129 1589 conj.
1164 1562 1252 1581 more

673 1607 754 1626 meo.
769 1596 918 1628 Waddel.
937 1596 1022 1637 apud
1046 1596 1143 1627 eund.
1165 1608 1252 1627 more

663 1641 741 1683 fero
750 1654 763 1678 ,·
779 1642 836 1672 sed
852 1644 958 1672 omnia
981 1642 1108 1673 frustra.
1123 1644 1252 1684 Agnos-

674 1690 718 1718 cit
729 1698 764 1717 ac
777 1695 886 1718 tuetur
902 1689 1074 1719 lectionem
1091 1688 1251 1719 librorum

675 1734 828 1775 Quinctil.
845 1737 910 1772 lx,
935 1746 973 1773 2,
999 1735 1054 1770 64.
1079 1736 1149 1765 Hoc
1167 1735 1250 1766 fflud

675 1787 738 1817 est,
771 1780 859 1821 quod
892 1782 985 1811 toties
1012 1782 1047 1810 in
1074 1792 1108 1810 re
1140 1783 1250 1812 critica

673 1826 771 1856 bilem
783 1833 902 1865 movet,
919 1838 993 1858 cum
1003 1837 1118 1869 magno
1133 1835 1251 1858 conatu

672 1873 771 1903 multa
787 1880 919 1904 movent
935 1874 996 1903 vin'
1009 1873 1115 1911 docti,
1135 1881 1173 1904 ut
1188 1874 1249 1904 sub

672 1918 771 1949 finem
782 1919 1019 1959 subjiciendum
1027 1921 1086 1951 sit:
1097 1920 1157 1950 sed
1165 1931 1250 1950 sana

672 1967 824 2007 vulgata,
851 1968 884 1998 Si
914 1974 971 1997 tuo
998 1968 1099 2008 ipsius
1123 1966 1248 2005 judicio

672 2023 746 2043 sana
762 2020 827 2042 erat
837 2037 845 2050 ‚
866 2023 924 2043 cur
937 2023 1070 2054 operose
1083 2013 1225 2043 tentabas
1234 2014 1249 2043 ?

672 2061 762 2090 Feroe
777 2060 958 2100 Aproniam*
984 2059 1156 2090 lectionem
1182 2070 1248 2090 esse

673 2106 819 2136 observat
839 2108 995 2147 Pompon.
1011 2105 1085 2137 Sab.
1102 2123 1148 2129 —
1168 2107 1187 2137 5
1192 2106 1211 2137 5
1215 2117 1247 2137 2.

673 2153 748 2183 Non
764 2152 867 2182 cineri
882 2152 1001 2196 s.fide5
1016 2154 1104 2184 Serv.
1121 2163 1191 2195 sup.
1207 2153 1247 2183 ad

672 2210 703 2230 v.
719 2200 774 2230 62.
792 2198 910 2230 Sichaei
928 2199 1047 2231 Medic.
1069 2197 1082 2240 (
1097 2199 1158 2230 hoc
1176 2207 1222 2230 est
1237 2222 1246 2238 ‚

1037 2263 1084 2298 28
