1423 2517
617 95 741 125 LIBER
765 94 791 124 Ι.
1266 106 1282 126 2
1293 102 1313 126 t'

106 157 180 192 Dat
198 155 312 201 latus;
330 154 542 204 insequitur
557 153 708 191 cumulo
725 162 940 203 praeruptus
959 166 1066 203 aquae
1082 166 1200 192 mons.
1260 166 1307 188 ποῦ

105 216 155 253 Hi
170 228 316 253 summo
332 215 371 252 in
392 215 509 253 fluctu
527 215 710 266 pendent3
730 214 787 252 his
810 214 910 257 unda
931 214 1127 254 dehiscens

103 278 258 312 Terram
276 275 376 313 inter
392 276 528 314 fluctus
546 276 685 327 aperit3
703 274 794 312 furit
811 283 922 312 aestus
941 277 1075 314 arenis.

102 335 186 373 Tris
203 338 324 373 Notus
341 336 516 387 abreptas
533 337 572 374 in
587 349 677 374 saxa
693 335 848 373 latentia
867 344 1019 386 torquet
1037 351 1044 372 :

103 395 221 434 *Saxa
236 406 375 435 vocant
391 398 497 444 Itali,
515 397 648 435 mediis
667 410 751 447 quae
768 398 806 434 in
826 397 1026 443 fluctibus,
1044 401 1140 436 Aras
1159 413 1166 434 :
1185 399 1201 413 *

103 458 269 495 Dorsum
289 458 452 495 immane
468 458 565 495 mari
580 470 740 496 summo.
757 458 842 495 Tris
859 460 983 495 Eurus
1001 458 1047 495 ab
1068 459 1144 495 alto
1260 478 1306 492 no

99 651 196 682 nullis
211 651 288 680 aliis.
307 653 439 680 Prot-am
456 651 556 680 'vertit
568 652 673 691 Sprot.

98 698 153 729 sed
181 697 264 728 cedit
290 697 383 727 codd.
407 698 576 726 auctoritas
601 707 676 736 poe-

100 746 169 775 ticae
185 745 319 780 rationi,
343 753 403 784 qua
427 750 584 778 avertere,
613 754 673 783 pro

98 803 130 821 se
148 802 196 821 av.
207 813 217 826 ,
237 789 381 819 absolute
397 789 461 818 dici
475 789 565 820 solet.
586 790 671 820 conf.

97 839 207 869 Heius.
227 844 258 867 et
279 837 388 866 Burm.
410 838 543 866 Proram
565 837 675 866 adver·

96 885 136 915 tic
148 890 287 925 quatuor
302 893 352 924 ap.
374 884 483 913 Burm.
500 894 601 923 prora
618 883 674 912 ad-

96 931 184 962 ver-tic
201 930 287 961 Leid.
303 940 320 959 a
337 941 378 960 m.
390 941 439 970 pr.
459 948 506 953 —
524 932 599 962 105.
623 931 673 959 In-

94 977 237 1020 sequitur
257 987 349 1007 mons
375 988 470 1017 aquae
493 984 672 1018 proeruptus

94 1025 222 1054 cumulo
233 1047 242 1062 ,
257 1024 291 1054 h.
310 1035 337 1054 e.
358 1031 557 1065 praeruptus,
574 1035 671 1066 prop-

94 1078 142 1101 ter
161 1070 360 1101 altitudinem
379 1072 548 1102 cumulatae
569 1081 670 1112 aquae.

95 1118 248 1159 Intelligit
257 1124 362 1147 autem
372 1117 585 1148 decumanum
587 1118 673 1161 fluc-

95 1171 159 1195 tum
187 1164 318 1205 (Graeci
344 1162 506 1207 τρικυμίπν
538 1165 669 1202 dicunt,

94 1212 175 1242 forte
188 1222 248 1252 pro
262 1213 355 1241 maris
371 1212 495 1242 diversa
512 1213 649 1254 natura)
661 1238 669 1253 ‚

93 1265 131 1288 ut
149 1259 214 1296 jam
235 1259 372 1300 ScalQer
391 1258 490 1295 vidit,
519 1260 577 1299 qui
603 1260 672 1291 aliis

93 1304 272 1334 minoribus
293 1305 360 1345 ipse
390 1306 490 1343 major
513 1306 668 1338 succedit.

93 1352 138 1381 Eo
152 1357 258 1380 autem
270 1352 456 1391 insequente
471 1351 605 1381 alterum
616 1364 670 1383 na-

93 1397 140 1426 vis
166 1397 266 1434 latus,
292 1404 347 1426 aut
371 1398 468 1427 altera
490 1408 581 1438 parS,
608 1399 669 1430 alte

92 1443 300 1484 deprimitur,
319 1443 414 1474 altera
429 1451 540 1475 exstat.
558 1447 668 1486 Itaque

91 1490 154 1527 Hi,
170 1490 277 1520 aliiex
293 1490 351 1527 iis,
367 1491 558 1531 quiinnavi
573 1499 666 1530 sunt,

91 1547 122 1567 v.
145 1547 173 1567 c.
199 1537 234 1566 in
253 1547 349 1578 prora
361 1560 369 1574 ‚
395 1544 450 1566 aut
469 1537 504 1566 in
522 1540 666 1569 transtris

91 1581 228 1620 dextris,
240 1583 388 1623 pendent
403 1594 428 1613 s.
449 1583 483 1613 in
500 1584 562 1626 fl.;
590 1585 642 1615 alii
655 1608 665 1623 ‚

91 1630 148 1669 qui
161 1630 295 1659 sinistris
305 1653 314 1667 ,
332 1637 387 1660 aut
405 1631 440 1659 in
454 1632 558 1671 puppi
570 1638 646 1661 sunt
655 1655 664 1669 ,

90 1682 279 1716 merguntur
300 1677 391 1706 mari.
416 1677 485 1707 Nisi
508 1677 612 1717 placet
632 1689 665 1709 v,

95 1722 158 1751 106
173 1722 336 1763 sejungere
351 1732 367 1751 a
382 1724 620 1762 superioribus,
634 1731 666 1754 et

90 1767 129 1797 de
143 1767 212 1797 aliis
229 1767 364 1797 navibus
377 1769 531 1808 accipere.

141 1815 270 1844 108—1
283 1824 333 1844 12.
358 1816 444 1843 Aras
457 1816 586 1855 proprie
599 1814 664 1846 dic-

89 1867 134 1890 tas
161 1871 215 1890 seu
240 1860 402 1901 AEgimuri
416 1860 539 1890 insulas
562 1861 664 1903 desig-

88 1914 160 1943 nat,
191 1918 231 1936 ex
250 1907 382 1937 adverso
408 1907 605 1949 Carthaginis
629 1911 664 1939 in

87 1954 166 1983 mari
181 1954 253 1983 sitas
264 1977 273 1991 ,
289 1955 324 1983 in
341 1955 456 1983 nostris
472 1965 600 1995 quoque
616 1963 661 1985 ta-

87 1999 172 2030 bulis
190 1999 407 2042 geographicis
428 2000 548 2032 obvias.
569 2003 662 2032 Saxa

86 2046 242 2083 latentia,
263 2045 384 2090 ἔρματα.
402 2045 528 2089 ὕφαλα,
551 2055 587 2078 ut
604 2059 661 2079 sae-

85 2103 127 2134 pe
140 2111 188 2117 —
210 2093 336 2123 dorsum
365 2094 438 2124 alias
465 2095 582 2125 toenias
609 2106 662 2137 ap-

86 2139 216 2180 pellant.
238 2140 327 2170 Mari
345 2151 487 2179 summo,
513 2142 574 2171 sub
598 2153 663 2172 ma·

87 2187 130 2216 ris
154 2185 324 2227 superficie
352 2187 484 2218 latentes
512 2189 661 2229 scopuli:

88 2230 162 2263 οἰόθι
202 2229 233 2263 δ’
259 2232 343 2276 ἅλμη
382 2225 503 2270 inim
537 2234 663 2266 εἱλεῖται

728 648 821 692 γαί-ης
836 649 912 693 ὑπὲρ
931 650 1016 682 ἕσσε-ι
1040 651 1155 693 ἔχωσα-
1168 677 1176 690 ,
1196 655 1304 694 Apoll.

728 697 795 733 IV,
818 706 924 734 1270,
944 708 1005 735 71;
1027 709 1043 727 e
1063 710 1127 739 quo
1142 700 1233 737 loco,
1250 702 1307 731 uhi

727 742 761 770 in
792 744 899 782 Syrtes
929 743 1112 774 incide-nint
1137 747 1305 787 Argonau-

729 794 767 817 1ae
783 810 791 825 ,
800 788 894 828 plura
907 790 1068 820 transtulit
1082 793 1246 833 Virgilius.
1260 812 1306 816 —

731 844 805 875 109.
823 835 1001 877 sslediisque
1026 837 1059 866 in
1070 838 1114 880 fl.
1138 840 1257 870 Medic.
1275 849 1307 870 et

726 880 792 911 duo
812 882 877 922 affl(
889 884 983 912 etiam
1000 895 1048 924 pr.
1075 891 1106 914 et
1125 887 1305 917 secundum

727 928 824 958 Goth.
839 935 871 958 et
891 931 1034 970 quinque
1055 932 1165 961 Heius.
1188 933 1306 963 Mediis

725 986 798 1015 quce
806 975 980 1018 fluctibus,
1008 988 1072 1017 quo
1098 977 1189 1008 ducit
1211 981 1304 1010 Blen-

726 1022 778 1052 tel.
789 1029 859 1052 tert.
871 1023 1047 1064 mediisque
1044 1024 1089 1066 fl
1101 1026 1173 1055 Hoc
1181 1026 1286 1066 placet
1294 1052 1302 1065 ,

725 1075 774 1106 et,
808 1069 870 1098 nisi
905 1069 996 1099 aliam
1025 1081 1171 1101 normam
1207 1076 1304 1104 semel

723 1117 939 1156 praescriptam
955 1117 1148 1157 sequendam
1162 1118 1240 1148 mihi
1255 1131 1302 1150 es-

724 1172 756 1191 se
778 1169 923 1202 putarem
935 1184 944 1199 ,
964 1174 1038 1192 cum
1057 1164 1221 1195 Brunckio
1238 1177 1302 1196 me-

725 1208 787 1237 diis
824 1220 896 1248 quce
912 1209 1068 1252 fluctibus
1100 1221 1299 1251 reponerem.

724 1255 883 1285 Montalb.
898 1266 973 1284 cum
985 1266 1043 1286 ms.
1054 1256 1227 1289 Helmstad.
1240 1271 1302 1290 me-

724 1300 786 1330 diis
801 1300 835 1330 in
847 1301 892 1344 fl.
918 1303 1012 1331 etiam
1034 1302 1098 1332 hoc
1116 1306 1300 1337 rotundius.

723 1347 783 1378 Sed
815 1354 920 1377 totum
948 1359 1076 1378 versum
1105 1349 1145 1378 ab
1173 1353 1300 1393 impura

723 1394 928 1424 Grammatici
941 1405 1039 1424 manu
1053 1398 1216 1429 accessisse
1230 1409 1301 1429 cen-

721 1451 785 1470 seo.
811 1441 927 1471 Saltem
949 1441 1041 1470 valde
1061 1441 1201 1474 alienum
1219 1453 1266 1476 est
1282 1457 1300 1476 a

720 1494 823 1527 poetae
838 1487 961 1525 judicio
979 1489 1015 1517 in
1033 1488 1138 1518 medio
1163 1498 1298 1533 tempes-

718 1535 792 1563 tatis
819 1540 898 1564 aestu
920 1535 1124 1575 interponere
1149 1538 1298 1569 observa-

719 1581 840 1610 tionem
871 1583 1118 1622 grauunan'eam.
1151 1587 1300 1626 Suppetit

719 1626 800 1657 forte
813 1629 892 1657 ratio
906 1628 1010 1668 aliqua
1021 1651 1029 1666 ,
1045 1638 1109 1668 qua
1122 1630 1210 1661 labes
1221 1643 1298 1672 poe—

720 1679 759 1702 tae
770 1695 778 1710 ,
804 1674 830 1703 si
848 1685 916 1704 non
935 1675 1019 1713 elui,
1045 1682 1076 1704 at
1093 1675 1173 1707 dilui
1188 1679 1298 1708 saltem

719 1726 834 1760 potest,
851 1722 878 1750 si
891 1723 988 1758 Aras,
1005 1728 1042 1750 ut
1056 1722 1206 1761 fecimus,
1223 1727 1299 1754 scri-

719 1766 794 1803 has;
818 1777 886 1796 non
909 1777 985 1796 aras
997 1778 1008 1796 .-
1021 1769 1065 1796 ita
1080 1777 1116 1799 ut
1131 1771 1172 1799 sit
1190 1778 1296 1800 certus

718 1812 753 1841 in
772 1814 849 1841 mari
864 1813 974 1849 locus3
995 1820 1064 1842 tum
1079 1817 1106 1845 si
1126 1817 1294 1857 interpun-

718 1867 792 1898 gas:
813 1860 887 1888 Tres
912 1860 1016 1888 AVotus
1038 1870 1069 1889 a.
1095 1861 1127 1892 in
1145 1873 1231 1892 saxa
1244 1863 1294 1893 Ia-

717 1904 821 1934 tentia
836 1912 971 1945 torquet,
989 1907 1092 1944 Saxa,
1110 1908 1260 1950 (inquam
1268 1910 1292 1951 ),

716 1959 842 1980 ‘vocant
862 1952 943 1981 Itali
964 1952 1076 1982 mediis
1098 1957 1294 1999 quaeflacti-

717 1997 772 2026 bus
789 2000 893 2034 Aras,
922 2000 1060 2028 Dorsum
1082 2002 1225 2033 immane
1248 2015 1291 2034 ιη,

715 2055 740 2074 s.
755 2044 786 2074 h.
805 2055 832 2075 e.
849 2046 884 2075 in
903 2046 1054 2086 scopulos
1071 2050 1158 2080 Aras
1178 2049 1292 2081 dictos.

715 2091 879 2121 Dicendus
906 2093 950 2122 ita
977 2099 1071 2132 poeta
1104 2099 1293 2138 expressisse

713 2139 936 2179 intempestiva
961 2139 1108 2181 quidem,
1134 2143 1228 2174 docta
1246 2151 1291 2173 ta-

715 2196 790 2215 men
822 2185 1043 2224 aemulatione,
1072 2191 1207 2221 Homeri
1236 2198 1291 2221 am

717 2231 847 2263 Pindari
877 2233 1085 2276 etymologias
1120 2238 1289 2268 nominum
