1433 2460
74 164 135 202 39⁴³
362 166 579 197 EXCURSUS
604 167 633 196 11
661 166 720 196 An
746 166 907 197 LIBRUM
934 166 991 195 lv.

71 229 100 251 ct
117 222 245 252 Servius
258 222 351 253 hahet
369 235 375 255 :
392 224 575 266 Hipopuli,
595 225 635 254 ab
651 225 787 255 Hercule
799 224 899 260 victi,
917 222 1065 265 Apollini
1079 221 1194 253 donati
1206 232 1274 253 esse

70 275 227 306 dicuntur.
248 277 296 306 Ex
317 277 368 306 dci
383 283 486 308 tamen
504 288 656 319 responso
669 278 708 308 ab
725 277 863 308 Hercule
888 279 921 307 in
944 277 1200 318 Peloponnesum
1219 275 1274 306 de-

72 327 159 358 ducti
182 330 322 369 primum
346 332 468 362 Asinen
491 331 675 372 Argolidis,
704 342 780 362 mox
805 332 926 362 Asinen
949 331 1114 361 Messenia:
1141 340 1274 370 occupa-

73 391 168 420 runt,
193 391 224 413 et
246 385 391 426 Apollini
415 396 449 416 ac
473 387 599 428 Dryopi
619 385 780 427 Apollinis
805 386 826 416 f.
850 385 966 426 templa
989 385 1136 416 dicarunt
1159 385 1277 425 insigni

74 438 236 479 religione.
266 439 403 470 Videtur
425 442 524 483 igitur
549 440 589 470 ab
614 440 721 481 aliquo
744 447 837 481 poeta
862 438 1014 469 traditum
1036 438 1116 469 forte
1140 445 1171 469 et
1194 439 1276 475 hoc,

76 494 224 524 mansisse
249 493 335 535 apud
348 494 490 535 Delphos
506 496 653 536 Dryopes
671 493 847 525 nonnullos
867 495 951 524 inter
968 503 1021 522 eos
1050 493 1107 533 qni
1122 502 1207 522 sacra
1223 502 1278 522 cu-

75 556 198 586 rarent,
222 556 263 579 ut
285 549 381 580 modo
404 549 443 580 de
471 549 677 581 Cretensibus
701 549 850 579 vidimus.
866 547 1024 579 ‘ri-aduxit
1039 553 1145 577 autem
1170 553 1201 576 et
1220 546 1279 577 lios

75 610 104 633 et
118 603 188 633 illos
203 601 241 632 ad
258 603 376 634 Delum
392 615 482 635 suam
496 611 589 646 poeta
602 604 711 646 paullo
725 604 885 634 licentius.
904 604 949 633 At
963 600 1142 644 Agathyrsi
1152 601 1280 642 propn'e

77 658 191 687 Delum
213 665 368 699 spectant.
390 659 471 691 Nam
493 660 539 690 uti
563 658 776 690 Callimachus
792 659 993 699 Arimaspos,
1021 658 1063 687 ita
1088 657 1180 687 Maro
1201 657 1282 697 Aga-

77 712 203 752 thyrsos
230 723 290 753 pro
314 713 524 754 Hyperboreis
547 715 673 754 posuit,
695 723 835 754 quorum
859 709 974 754 θεωρία
989 721 1045 741 seu
1059 710 1174 752 legatio
1196 719 1282 740 saera

77 765 114 795 ad
133 766 240 796 Delios
254 777 302 797 res
317 773 363 797 est
375 768 450 798 satis
465 775 550 798 nota.
568 767 650 798 Vide
663 767 715 797 vel
729 767 862 797 Gesneri
876 765 1017 796 Praelect.
1036 766 1067 795 11
1083 764 1123 794 de
1137 764 1283 805 Navigat.

80 827 170 850 extra
186 821 328 852 column.
347 823 443 852 Herc.
461 828 491 852 et
506 822 568 852 loc.
587 823 674 852 class.
695 821 817 853 Cauim.
834 822 868 851 in
881 819 953 851 Del.
967 820 1030 850 281
1048 829 1116 860 sqq.
1134 817 1188 849 Ad
1207 819 1284 859 Scy-

79 875 199 905 thicum
234 886 352 905 nomen
374 876 482 907 retulit
504 876 731 917 Hyperboreos
763 875 916 917 Virgilius
938 885 1010 905 cum
1035 871 1230 905 Callimacho
1254 878 1285 902 et

77 930 162 970 aliis,
187 931 245 959 etsi
259 941 277 959 a
296 931 484 961 Graecorum
507 931 546 961 ad
560 931 791 972 Borysthenem
809 938 839 960 et
855 930 987 960 Tanaim
1004 929 1138 960 coloniis
1157 925 1284 970 θεωρίας

79 986 150 1014 istas
171 985 293 1014 venisse
317 983 485 1024 probabile
508 985 558 1015 sit.
584 984 717 1015 Altaria
738 983 855 1015 circum
877 990 952 1014 sunt
969 982 1060 1012 chori
1083 980 1223 1019 κὺκλιοι,
1246 980 1286 1010 de

78 1039 196 1080 quibus
213 1037 277 1068 vid.
295 1040 402 1079 Iutpp.
418 1038 457 1068 ad
474 1039 597 1070 Canm.
614 1039 637 1070 l.
658 1050 686 1070 c.
702 1051 732 1069 v.
753 1040 830 1069 313.
851 1034 924 1080 περὶ
943 1035 1047 1079 βωμὸν
1071 1036 1166 1066 etiam
1189 1035 1287 1077 Apol-

79 1095 145 1125 lon.
159 1094 180 1124 l.
201 1104 229 1123 c.
245 1093 302 1123 lib.
318 1096 332 1123 I
343 1116 352 1131 ,
371 1093 447 1124 538.
462 1095 553 1134 Quos
567 1095 694 1125 Servius
707 1104 748 1123 ex
761 1093 891 1124 Melisso
908 1091 1122 1122 Grammatico
1136 1090 1288 1122 Achabas

82 1155 245 1185 memorat,
265 1139 375 1182 Ᾱῧίους
390 1147 532 1178 emenda.
543 1149 615 1179 Vss.
637 1154 711 1187 147,
734 1147 809 1184 148,
829 1153 891 1188 149
905 1147 1052 1188 inprimis
1067 1146 1171 1176 ornati
1183 1145 1222 1175 de
1236 1156 1287 1177 co-

82 1212 159 1231 rona
177 1202 301 1237 laurea,
326 1203 405 1232 vitta
417 1212 509 1231 aurea
530 1209 562 1232 et
578 1201 736 1243 pharetra.
758 1203 937 1243 Argutatur
949 1201 1029 1230 etin
1042 1199 1076 1230 h.
1092 1199 1114 1230 l.
1133 1201 1288 1241 Spencius

84 1256 165 1286 Dial.
183 1257 274 1294 vm,
294 1262 326 1286 et
342 1263 469 1297 poetam
484 1256 583 1287 modo
597 1256 637 1286 ad
653 1256 813 1298 Apollinis
828 1256 1021 1286 Vaticanum
1036 1254 1162 1295 signum
1172 1276 1180 1292 ,
1191 1253 1287 1284 modo

82 1310 121 1342 ad
145 1313 326 1351 Augustum
355 1311 509 1351 respicere
535 1310 614 1341 vult.

482 1618 578 1645 TORU
596 1618 759 1643 SECUNDI
785 1619 896 1642 rxms.
