1402 2460
524 68 646 98 LIBER
670 68 727 97 111.

1165 81 1229 111 229

31 127 153 174 Quin,
175 125 240 162 ubi
261 123 487 162 transmissae
504 124 676 160 steterint
693 132 794 161 trans
814 137 968 174 aequora
987 125 1139 174 classes,

31 189 77 222 Et
95 184 225 235 positis
242 183 316 221 aris
327 183 406 233 jam
425 191 514 220 vota
531 184 569 220 in
588 184 699 220 litore
716 184 838 221 solves
854 213 863 230 ‚

31 250 228 297 Purpureo
247 244 375 282 velare
390 257 516 282 comas
532 244 738 294 adopertus
759 246 898 282 amictu
916 262 922 282 :

1183 257 1234 286 405

30 310 86 345 Ne
102 320 178 357 qua
196 307 295 343 inter
309 315 456 343 sanctos
475 306 571 356 ignis
591 306 629 343 in
651 306 796 343 honore
815 308 973 345 deorum

31 367 188 404 Hostilis
203 366 316 403 facies
336 377 530 412 occurrat,
551 376 589 404 et
608 367 734 404 omina
751 367 889 404 turbet.

31 431 141 465 Hunc
157 427 250 465 socii
266 440 411 464 morem
430 440 643 474 sacrorum,
662 429 762 465 hunc
779 429 859 478 ipse
879 436 1022 475 tenet03

31 492 111 526 Hac
129 489 221 526 casti
240 498 415 525 maneant
434 489 471 525 in
487 489 671 538 religione
691 498 858 539 nepotes.

31 554 116 595 Ast,
137 548 203 586 ubi
227 549 436 599 digressum
458 549 594 586 Siculae
612 559 648 586 te
669 549 880 586 admoverit
897 562 973 586 orae

1188 562 1236 587 410

31 613 193 655 Ventus,
214 619 250 647 et
269 610 418 659 angusti
443 618 635 647 rarescent
651 610 813 647 claustra
833 610 973 654 Pelori,

33 674 144 707 Laeva
165 670 234 707 tibi
258 670 386 715 tellus,
407 678 444 705 et
462 670 575 719 longo
592 670 685 714 laeva
705 677 883 719 petantur

61 812 194 846 ,μή-4
201 820 255 849 09.
268 806 524 848 Exspectandum
536 814 614 845 erat,

36 865 69 887 ut
83 859 116 886 in
136 857 194 886 hac
216 855 315 885 Italiae
333 864 388 884 ora
416 854 617 894 appellerent

35 904 184 941 ijani,
211 909 242 932 et
267 912 305 931 ex
320 908 396 931 voto
417 911 540 931 sacrum
556 901 616 931 diis

34 951 183 979 facerent.
208 951 279 978 Hoc
303 948 402 988 igitur
421 954 509 977 certo
532 949 614 985 ritu,

35 996 139 1026 velato
166 997 286 1036 capite,
315 995 372 1034 qui
394 996 615 1025 Romanorum

37 1054 105 1073 mos
118 1049 203 1078 erat,
228 1042 330 1071 facere
354 1042 500 1082 praecipit
520 1041 615 1071 Hele-

35 1099 107 1119 nus.
126 1089 303 1129 Religionis
325 1089 521 1117 sanctitatem
541 1098 614 1117 cum

34 1135 157 1174 judicio
173 1135 265 1164 ethic
278 1135 394 1164 intexit
405 1135 616 1164 carminiVir-

36 1182 152 1221 gilius3
173 1183 252 1211 mira
274 1182 358 1210 enim
379 1181 448 1210 talis
463 1180 528 1211 loci
545 1191 614 1210 sua-

35 1230 116 1257 xitas
130 1227 244 1257 debuit
255 1238 337 1264 esse,
351 1227 378 1256 si
393 1229 616 1258 Romanorum

35 1275 105 1315 quis
131 1275 166 1304 in
190 1274 331 1314 religiosi
356 1274 435 1303 ritus
459 1275 614 1315 originem

35 1320 189 1351 incideret
209 1320 249 1350 ab
265 1322 363 1350 AEnea
381 1327 510 1350 auctore
526 1331 613 1361 repe-

35 1369 133 1398 titam.
150 1367 401 1398 Illustrationem
410 1367 474 1397 loci
484 1374 556 1408 pete
572 1378 613 1397 ex

34 1415 91 1445 inf.
112 1415 194 1451 543,
215 1414 298 1450 5453
316 1413 426 1443 subest
449 1421 559 1443 tamen
582 1420 613 1444 et

34 1460 86 1490 hic
115 1462 243 1501 amiqua
268 1459 374 1490 fabula
390 1459 429 1489 de
447 1459 613 1490 Diomedis

35 1507 85 1537 vel
98 1507 222 1548 Ulyssis
237 1508 272 1537 in
292 1506 342 1536 his
358 1506 438 1536 locis
456 1517 593 1537 occursu
603 1530 612 1544 ,

35 1564 130 1594 quam
154 1556 242 1584 Serv.
269 1552 308 1583 ad
329 1553 362 1584 h.
387 1553 409 1584 l.
435 1554 561 1595 attingit
585 1561 616 1583 et

35 1601 112 1630 olim
127 1601 221 1630 variis
234 1599 339 1630 modis
349 1606 495 1630 tractasse
503 1600 612 1630 viden-

37 1654 90 1676 tur
102 1653 205 1686 poetae
226 1653 257 1676 et
275 1647 456 1686 scriptores.
472 1664 519 1669 ·—-
537 1652 615 1682 404.

37 1693 164 1723 Scilicet
175 1691 308 1732 appulsa
318 1692 414 1721 classe
427 1691 467 1721 ad
479 1693 615 1729 Italiam,

0 1754 1 1781 ζ
37 1740 71 1768 in
85 1749 148 1779 qua
162 1737 252 1768 sedes
266 1737 409 1768 habituri
418 1745 526 1776 erant,
540 1745 616 1768 vota

0 1786 2 1797 '
37 1785 162 1815 solvent
199 1784 259 1814 diis
288 1794 376 1814 sacro
408 1784 491 1814 facto
532 1785 617 1814 infra

40 1832 103 1867 543
136 1841 182 1871 sq.
208 1833 248 1860 In
272 1830 382 1866 litore,
402 1829 443 1860 ad
470 1831 615 1861 Castrum

36 1879 212 1915 Minervae,
232 1887 326 1918 supra
356 1877 616 1917 promontorium

38 1924 217 1965 Iapygiam.
238 1935 270 1954 v.
298 1923 356 1953 inf.
381 1924 458 1954 531.
477 1922 616 1952 Videtur

36 1980 78 2001 eo
90 1970 162 2001 loco
180 1976 353 2000 monstrata
375 1980 440 2000 esse
459 1979 510 1998 ara
534 1970 616 1999 anti-

40 2027 120 2057 qua,
135 2027 232 2057 quam
247 2016 329 2046 fama
347 2015 494 2046 ferebata
505 2016 616 2054 Troja-

41 2063 91 2093 nis
117 2062 286 2104 aliquando
314 2069 511 2093 exstructam
538 2072 614 2093 esse.

45 2108 160 2139 Velare
180 2120 226 2141 sc.
244 2115 424 2147 mement03
442 2110 551 2139 Graeca
572 2109 616 2139 el-

42 2154 129 2191 lipsi.
160 2157 275 2186 Verius
310 2156 393 2187 forte
429 2156 616 2196 imperativa

46 2201 170 2232 forma:
192 2209 229 2233 ut
257 2201 317 2234 inf.
357 2203 422 2239 545
447 2204 492 2234 Et
509 2201 617 2243 capita

235 2267 274 2302 II

670 815 744 837 ante
756 817 832 837 aras
841 806 981 849 Phrygio
992 808 1250 841 'velamuramic-

670 862 714 884 tu.
724 872 771 877 —-—
783 860 861 892 407.
878 854 998 883 Omina
1012 856 1128 892 turbet,
1149 865 1250 898 capta-

671 908 701 930 ta
720 908 793 931 ante
810 912 877 930 rem
892 911 1022 932 sacram.
1034 903 1172 934 Turbari
1185 915 1250 934 ma-

669 947 708 977 lis
718 948 882 977 ominibus
892 947 1037 978 sacrificii
1051 949 1249 991 religionem,

669 1001 700 1023 et
712 1017 720 1031 ‚
734 1001 769 1024 ut
784 994 818 1024 id
831 1001 980 1024 caveatur
990 1018 998 1031 ‚
1015 994 1168 1036 adoperto
1200 1008 1250 1028 ca-

669 1041 734 1081 pite
750 1051 815 1070 esse
825 1040 1041 1071 sacn'ficames
1052 1065 1061 1079 ‚
1077 1050 1172 1073 notus
1186 1046 1250 1075 Ro-

670 1098 836 1117 manorum
862 1098 932 1118 mos
943 1088 1004 1117 fm't
1019 1087 1081 1128 (cf.
1102 1090 1251 1121 Macrob.

670 1135 734 1171 111,
773 1135 802 1164 5.
835 1142 916 1165 extr.
927 1134 940 1176 )
953 1157 961 1172 ‚
982 1136 1072 1173 cujus
1094 1137 1251 1178 originem

669 1187 762 1220 poeta
780 1182 848 1210 sive
865 1192 905 1211 ex
921 1182 1050 1221 antiqua
1071 1181 1169 1221 fama,
1184 1185 1251 1213 sive

671 1238 711 1256 ex
727 1228 894 1268 ingenioso
911 1235 1091 1258 commento
1115 1229 1154 1259 ab
1171 1231 1251 1259 Tro-

666 1274 750 1312 janis
763 1276 1018 1314 πομπὴ-409.
1030 1276 1066 1304 In
1077 1275 1232 1317 religione
1241 1299 1250 1314 ,

670 1321 704 1350 in
728 1320 952 1350 observatione
983 1321 1123 1361 religiosi
1148 1323 1229 1352 ritus
1241 1345 1250 1360 ,

668 1374 699 1396 et
717 1374 804 1397 caste
814 1389 823 1404 ‚
842 1365 945 1410 ἁγνῶς
957 1392 965 1405 ,
983 1375 1019 1397 ut
1033 1377 1116 1409 saepe
1127 1391 1136 1405 ‚
1152 1370 1226 1399 rite.

716 1420 782 1450 410
797 1432 844 1436 —
862 1415 940 1450 413.
972 1414 1184 1444 Flectendum
1215 1416 1250 1445 in

668 1459 756 1490 aditu
769 1461 843 1490 freti
859 1461 956 1491 Siculi
967 1483 975 1498 ,
997 1467 1028 1490 et
1042 1461 1251 1492 avertendum

668 1506 707 1536 ad
721 1508 861 1537 exterius
870 1518 956 1537 mare
965 1530 973 1545 ,
985 1517 1128 1545 cursum,
1145 1515 1178 1538 et
1187 1531 1196 1546 ‚
1214 1514 1252 1538 ut

669 1560 758 1584 tanto
776 1555 879 1585 tutior
900 1553 954 1584 ille
973 1555 1033 1591 sit,
1054 1555 1195 1585 Siciliam
1210 1554 1251 1584 ab

670 1601 793 1630 oriente
830 1599 1091 1630 circumeundam
1128 1607 1251 1631 monet.

670 1647 802 1676 Fretum
820 1646 961 1687 appellat
978 1657 1019 1676 ex
1034 1657 1123 1676 more
1145 1647 1252 1676 claus-

670 1700 763 1722 trum.
797 1695 930 1733 Proprie
966 1703 1001 1722 ea
1012 1715 1020 1729 ‚
1050 1702 1121 1732 quae
1152 1692 1249 1722 densa

669 1745 745 1768 sunt
755 1760 764 1775 ‚
778 1740 947 1768 transitum
963 1737 1160 1775 occludunt;
1173 1737 1252 1767 hinc

669 1784 771 1814 densa
784 1785 888 1825 poetis
898 1807 907 1821 ,
928 1794 1000 1825 quae
1014 1783 1118 1814 clausa
1135 1784 1249 1825 plane,

669 1838 706 1860 ut
725 1831 782 1860 Gr.
798 1828 937 1860 πυκινὸν·
951 1841 982 1860 v.
997 1841 1025 1860 c.
1040 1829 1167 1861 πυκινὸν
1180 1832 1250 1860 πῖο-

669 1886 726 1918 μ.σ.·
740 1875 857 1917 Odyss.
871 1887 902 1914 κ,
926 1877 990 1907 283
1002 1875 1147 1913 πυκινοὺς
1162 1877 1249 1908 κευθ-

669 1925 774 1965 μῶνας
808 1921 847 1952 de
883 1923 966 1953 bene
996 1923 1124 1953 occlusa
1155 1923 1250 1962 hara3

670 1968 812 2009 adeoque
827 1979 861 1998 ea
872 1991 881 2006 ‚
899 1979 970 2010 quae
990 1969 1160 2008 laxantur,
1178 1979 1249 2010 ape-

670 2016 798 2045 riuntur
808 2037 817 2051 ‚
833 2022 962 2056 patent,
978 2026 1139 2047 rarescere
1164 2015 1250 2046 dixit

670 2068 775 2102 poeta.
795 2062 868 2092 Jam
891 2063 1018 2094 Servius
1042 2062 1148 2095 bene:
1170 2062 1250 2104 quia

668 2107 873 2140 venientibus
880 2108 921 2139 de
928 2109 1023 2140 Ionio
1032 2108 1134 2151 (mari
1137 2108 1150 2152 )
1153 2121 1249 2151 prop-

670 2162 721 2184 ter
747 2163 950 2186 curvaturam
978 2156 1106 2187 litorum
1134 2156 1249 2187 clausae

669 2201 826 2233 videntur
837 2202 996 2244 angustiae
1005 2226 1014 2242 ‚
1032 2215 1105 2245 quae
1113 2202 1248 2243 paulla-

1069 2279 1118 2302 20
