1402 2460
578 100 699 129 LIBER
724 99 765 127 ΙΙ.

1214 98 1275 135 ¹75

73 159 212 194 Natum
233 166 319 194 ante
337 169 405 193 ora
421 157 558 206 patris,
575 164 722 205 patrem
739 155 805 204 qui
823 154 1025 192 obtruncat
1045 155 1092 191 ad
1111 168 1204 192 aras.

73 219 155 253 Hoc
173 224 271 261 crat,
289 216 385 252 alma
407 228 562 265 parens,
584 214 689 264 quod
709 226 768 250 me
786 227 853 263 per
875 214 965 261 tela,
983 227 1052 265 per
1067 215 1163 265 ignis

72 275 216 324 Eripis,
236 284 278 312 ut
296 275 430 312 mediis
449 274 598 311 hostem
615 275 653 311 in
673 273 950 324 penetralibus,
965 282 1082 323 utque
1225 284 1274 307 σω

70 336 291 382 Ascanium,
310 344 534 385 patremque
551 347 698 380 meum,
715 336 902 385 juxtaque
921 335 1122 382 Creusam,

70 394 241 432 Alterum
257 396 296 432 in
317 395 470 433 alterius
490 403 675 432 mactatos
694 395 892 444 sanguine,
914 395 1090 431 cernam?

70 456 204 500 Arma,
226 455 316 500 viri,
336 455 432 492 ferte
453 468 558 492 arma
577 468 584 488 :
604 464 716 491 vocat
736 455 804 491 lux
825 453 958 490 ultima
973 454 1106 491 victos.

70 514 232 552 Reddite
254 529 314 552 me
333 517 495 563 Danais3
516 516 626 553 sinite
643 517 851 553 instaurata
869 515 1031 551 revisam

71 575 213 612 Praelia.
235 579 439 626 Nunquam
457 589 585 613 omnes
602 576 717 613 hodie
734 576 942 612 moriemur
957 574 1078 611 inulti.
1100 590 1115 606 »
1224 583 1272 614 670

125 635 222 671 Hinc
245 636 346 672 ferro
365 636 545 687 adcingor
567 649 716 682 rursus,
737 636 947 684 clypeoque
967 634 1155 670 sinistram

72 696 306 733 Insertabam
323 705 473 746 aptans,
491 710 626 746 meque
643 705 750 732 extra
766 703 864 732 tecta
881 693 1060 731 ferebam.

72 759 167 793 Ecce
184 766 308 794 autem
326 758 522 806 complexa
541 757 655 806 pedes
673 756 710 791 in
731 755 858 792 limine
876 755 1017 804 conjux

71 815 266 861 Haercbat,
284 828 520 865 parvumque
535 816 640 865 'patri
658 814 838 852 tendebat
856 814 981 852 Iulum
1000 829 1007 848 :

69 926 102 954 ni
123 925 205 954 senis
223 926 441 962 miseratione,
460 932 492 955 et
510 925 576 955 663
592 936 639 955 re-

67 971 160 1011 spicit
178 981 249 1012 sup.
265 982 296 1001 v,
323 972 387 1011 529
411 982 479 1012 sqq.
499 989 546 995 —
561 972 639 1002 663.

70 1017 212 1047 Gnatum
235 1018 382 1048 scribunt
401 1017 534 1058 plurimi
557 1018 641 1058 apud

68 1065 149 1094 Pier.
173 1071 205 1093 et
226 1065 335 1095 Heins.
359 1071 390 1094 et
407 1075 483 1094 mox
496 1073 640 1104 patrem-

68 1120 139 1149 que.
157 1110 221 1149 Qui
236 1111 400 1140 obtruncet
411 1112 640 1141 Maronianum

69 1166 143 1191 esse,
160 1163 249 1186 notat
264 1158 373 1186 Heius.
383 1163 415 1186 et
431 1156 492 1187 hoc
508 1157 639 1187 exhibet

69 1201 200 1231 Mentel.
215 1212 263 1242 pr.
279 1212 296 1231 a
309 1213 352 1233 m.
367 1213 416 1242 pr.
433 1202 522 1233 facile
535 1210 640 1233 tamen

68 1257 106 1277 eo
131 1257 235 1277 carere
257 1258 447 1288 possumus:
467 1259 540 1279 cum
565 1250 640 1280 alibi

69 1300 214 1323 notatum
235 1294 299 1332 jam
323 1295 382 1331 sit,
410 1302 535 1335 poetam
557 1296 639 1325 hanc

69 1347 249 1380 temporum
262 1347 294 1370 et
305 1339 476 1370 modorum
489 1341 642 1371 subtilita-

69 1392 132 1416 tem
149 1386 296 1416 Ciceroni
317 1386 507 1427 relinquere.
527 1387 641 1428 Quid?

69 1432 157 1472 quod
180 1439 211 1462 et
237 1433 302 1462 vim
329 1432 424 1463 habet
451 1433 619 1463 obtruncat
629 1457 637 1470 ‚

69 1479 124 1518 qui
138 1479 218 1508 solet
231 1479 434 1510 obtruncare.

115 1526 194 1555 668.
210 1526 314 1554 Arma
326 1525 411 1563 viri,
425 1526 493 1556 scil.
508 1536 580 1566 quae
593 1527 641 1556 in-

66 1581 188 1611 gressus
211 1571 342 1602 domum
365 1572 562 1613 deposuerat.
572 1574 641 1602 Ma-

67 1617 95 1646 le
117 1617 194 1647 olim
215 1620 411 1658 grammatici
432 1619 483 1648 hic
505 1620 640 1659 argutati

66 1670 142 1692 sunt
156 1673 163 1693 :
181 1674 230 1704 ap.
245 1666 332 1694 Serv.
348 1672 379 1694 et
393 1667 549 1705 Pompon.
565 1664 636 1696 Sab.

67 1710 158 1738 Dicta
172 1709 240 1739 haec
256 1719 366 1751 magna
381 1721 454 1740 cum
468 1712 500 1740 vi
516 1712 613 1740 animi
628 1721 636 1742 ε

68 1756 93 1784 si
108 1757 150 1784 ita
163 1762 220 1793 est,
236 1762 272 1785 ut
285 1756 501 1796 expectandus
513 1758 554 1786 sit
568 1757 638 1786 hos-

69 1802 125 1837 tis,
157 1803 211 1842 qui
235 1801 363 1831 accedat
378 1809 409 1831 et
422 1812 481 1832 nos
501 1802 636 1832 obtrun-

68 1853 139 1877 cet':
155 1855 281 1888 praestat
300 1849 394 1878 armis
412 1849 524 1878 sumtis
542 1849 570 1878 ei
585 1859 638 1878 oc-

68 1904 205 1924 currere.
217 1896 304 1935 Ergo
313 1905 417 1931 arma,
434 1894 501 1925 viri
509 1905 520 1924 :
529 1906 636 1925 —vo-

67 1948 121 1970 cac
146 1941 204 1970 lux
227 1941 341 1970 ultima
365 1941 486 1978 victos,
517 1948 637 1982 quanto

68 1988 230 2030 potentius
271 1998 366 2028 quam
420 1994 526 2018 manet
579 1999 637 2018 nos

67 2044 168 2070 mors,
201 2034 402 2064 moriendum
430 2036 494 2064 est!
509 2036 637 2065 Vocant

67 2090 125 2110 nos
136 2102 144 2116 ‚
168 2090 239 2121 quae
257 2091 316 2111 nos
334 2088 502 2122 expectant
517 2081 567 2111 vel
581 2092 636 2111 ex-

69 2126 202 2166 cipiunt.
212 2127 345 2168 —669.
359 2128 493 2158 Reddite
508 2139 557 2158 me
574 2130 638 2158 Da-

69 2172 151 2202 nais.
176 2172 264 2204 Idem
285 2174 374 2205 color
386 2175 468 2205 infra
498 2176 548 2212 X,
573 2176 613 2204 61
628 2198 636 2212 ‚

69 2217 233 2250 Xanthum
247 2228 279 2251 et
287 2220 453 2252 Simoenta
463 2221 572 2253 Redde
582 2233 637 2252 oro

695 923 826 954 miseris.
845 924 928 954 Mox
943 924 1009 961 670
1027 933 1193 963 »autequam
1210 933 1269 963 pro

694 981 780 1008 non,
812 977 850 1000 ut
874 970 1026 1006 Ecl.111,
1063 975 1116 1009 49.
1139 971 1270 999 Senten-

695 1018 770 1046 tiam
791 1017 920 1058 gravius
945 1016 1062 1045 extulit
1085 1017 1206 1046 Homer
1230 1015 1267 1045 Il.

695 1074 732 1103 χ,
753 1064 838 1115 304,
859 1063 947 1092 305:
964 1060 1017 1094 Mn
1034 1059 1095 1104 μὰν
1116 1057 1269 1091 ἀσπουδί
1261 1074 1269 1091 ι

695 1120 752 1159 γε,
767 1119 821 1139 και
842 1107 903 1139 oin>
906 1110 971 1143 ειῶς
996 1106 1059 1138 ἀπο
1062 1111 1096 1138 λε
1102 1105 1191 1150 ίμην,
1211 1099 1269 1138 A).-

695 1153 735 1186 ὶὸι
754 1167 791 1185 υ.
780 1154 889 1200 έγοιᾲε
877 1152 945 1191 ἕξοις
960 1166 990 1184 τι
1013 1152 1068 1184 καὶ
1083 1153 1190 1196 ε’σσου.ε
1181 1153 1225 1184 ξῦν
1230 1164 1269 1184 ,σι

693 1202 769 1232 πυθε
765 1201 851 1232 σθαι.
877 1219 922 1224 ———
939 1202 1108 1241 Nusquam
1133 1201 1269 1231 Pieriani

694 1249 834 1288 aliquot3
859 1248 913 1277 sed
929 1258 945 1276 e
962 1247 1142 1287 potioribus
1157 1247 1221 1276 suis
1238 1254 1269 1276 et

694 1295 915 1324 Grammaticis
932 1293 1150 1332 exemplisque
1165 1291 1270 1322 defen-

694 1340 742 1370 dit
754 1341 914 1382 vulgatam
938 1339 1097 1369 Heinsius.
1120 1340 1269 1379 Unquam

695 1388 806 1417 Franc.

743 1434 782 1470 67
794 1443 820 1462 1.
849 1431 933 1461 Hinc
951 1432 1060 1461 Heins.
1083 1440 1157 1460 cum
1171 1429 1265 1460 codd.

694 1479 832 1519 propriis
846 1485 877 1508 et
893 1478 1054 1508 Pierianis.
1069 1477 1178 1517 Vulgo
1195 1477 1265 1507 Hic.

697 1525 806 1565 Clipea
819 1534 986 1564 rursusque
998 1523 1094 1553 wau.
1109 1523 1267 1562 Clipeam-

693 1582 754 1612 que
777 1571 916 1600 sinistrae
957 1570 1078 1610 aliquot
1103 1570 1265 1609 antiquiss.

693 1618 773 1648 Pier.
803 1628 878 1647 cnm
902 1619 1040 1647 Donato.
1057 1634 1102 1638 —
1121 1615 1185 1653 671
1220 1626 1265 1655 sq.

692 1666 777 1694 Ante
803 1664 915 1694 oculos
936 1664 1033 1692 fuisse
1051 1662 1083 1692 h.
1104 1662 1126 1692 l.
1148 1663 1266 1690 Home-

691 1721 781 1747 rum,
805 1716 961 1740 notarunt
982 1710 1045 1747 jam
1069 1708 1130 1737 viri
1153 1707 1265 1737 docti:

692 1767 721 1786 V.
737 1756 827 1786 Iliad.
843 1754 874 1792 ζ,
893 1757 958 1794 394
974 1762 1032 1784 etc.
1050 1755 1115 1794 399
1131 1763 1216 1793 sqq.‚
1231 1754 1265 1782 in

691 1801 830 1831 discessu
853 1802 1000 1830 Hectoris
1023 1800 1064 1829 ab
1088 1799 1266 1830 Androma-

690 1848 765 1884 che,
785 1849 834 1877 uti
848 1854 955 1876 noster
976 1847 1078 1876 Valer.
1102 1846 1204 1876 Flacc.
1231 1847 1265 1875 in

690 1896 805 1924 AEsone
829 1900 860 1923 et
871 1892 1037 1923 Alcimede
1054 1893 1110 1923 lib.
1132 1894 1166 1930 I,
1198 1893 1261 1931 762

692 1951 736 1980 sq.
754 1940 824 1971 fuit.
835 1957 882 1963 —
891 1940 931 1978 67
940 1950 969 1970 2.
981 1941 1118 1969 Manum
1132 1938 1263 1969 inserta-

689 1987 762 2016 bam
777 1987 880 2027 clipeo
889 2009 897 2024 ,
909 1986 980 2017 loro
993 1986 1087 2027 clipei
1101 1985 1152 2015 vel
1163 1995 1261 2016 ansae:

690 2051 735 2056 —
753 2044 822 2074 sup.
854 2034 917 2074 393
944 2032 1100 2073 clipeique
1134 2031 1260 2073 insigne

690 2080 837 2110 decorum
851 2079 999 2110 induitur.
1014 2096 1061 2102 —
1075 2079 1152 2117 673.
1171 2079 1264 2110 Com-

685 2137 809 2167 prensa
830 2126 931 2167 pedes
961 2125 1076 2156 Hamb.
1103 2137 1173 2166 pn,
1203 2136 1261 2166 per

690 2175 897 2214 graecismum.
908 2175 947 2203 In
962 2172 1073 2203 limina
1085 2174 1261 2214 Hagen.—

692 2221 769 2259 674.
800 2219 980 2258 Tendebat,
1012 2219 1137 2250 doctius
1164 2229 1259 2259 quam
