1433 2460
125 104 184 134 103

623 99 816 130 AENEIDOS

121 166 339 203 insequunmr.
365 162 401 189 ln
420 169 457 189 eo
485 158 622 189 tumultu
647 159 795 190 Creusam
820 166 951 186 uxorem
976 154 1113 186 amittit:
1133 155 1221 194 cujus
1236 165 1318 196 quae-

119 226 225 255 reuda·
246 234 350 253 caussa
373 233 428 263 per
450 228 545 252 totam
570 222 681 252 urbem
707 221 866 251 oberranti
890 219 983 248 olnia
1000 218 1033 247 lit
1057 218 1165 247 uxoris
1187 217 1318 251 umbra,

121 289 283 325 xii-umque
303 284 412 314 mortis
435 294 498 314 sum
519 284 684 315 certiorem
704 283 775 312 facit
790 299 836 305 —-
854 287 930 321 794.
949 283 1018 322 lpse
1040 281 1077 310 ad
1095 281 1195 311 socios
1218 290 1320 309 rever-

121 351 211 380 titur-2
227 358 291 386 quo
308 347 370 384 jani
387 356 517 387 magnus
534 347 676 377 virorum
695 346 926 385 mulierumque
942 355 1090 374 urunt-rus
1105 342 1319 378 confluxerat,

119 412 183 448 ejus
209 410 400 450 auspicium,
428 418 619 449 quocunque
649 415 804 438 terrarum
836 408 991 437 abducere
1015 406 1125 443 vellet,
1151 405 1239 445 sequi
1268 413 1322 444 pa-

120 480 211 501 ratus.

172 659 420 694 Communia:
437 667 566 691 omncs
576 682 586 700 ,
606 654 816 703 intentique
833 665 900 689 ora
916 652 1112 700 tenebant3

122 718 214 755 Inde
232 726 317 754 toro
338 725 445 766 pater
462 717 598 752 AEneas
622 715 674 752 sic
696 729 802 752 orsus
820 714 871 751 ab
889 715 964 751 alto
982 729 990 749 ε

174 795 187 809 «
203 775 422 820 Infandum,
439 775 603 825 Regina,
617 774 728 825 jubes
747 787 930 810 renovare
948 774 1136 820 dolorem,

121 837 302 886 Trojauas
322 844 364 872 ut
387 848 478 884 opes
498 844 534 871 ct
556 834 794 872 lamentabile
814 847 969 884 regnum

122 896 299 933 Eruerint
316 896 454 942 Danai3
475 909 636 945 quaequc
657 897 735 945 ipsc
753 895 963 932 miserrima
984 893 1079 939 vidi,
1309 905 1322 927 5

169 1022 230 1051 llic
245 1028 276 1051 et
291 1022 401 1051 tertius
420 1020 501 1051 liber
521 1020 699 1061 episodium

125 1068 163 1097 de
182 1068 286 1106 Trojrc
314 1066 438 1097 excidio
465 1070 632 1107 AEueaeque
654 1078 701 1096 er-

124 1114 252 1144 roribus
292 1114 550 1153 complectuntur
569 1136 577 1150 ,
612 1112 699 1153 quod

124 1160 273 1201 prmclare
293 1167 385 1200 poeta
402 1161 554 1196 intexuit,
580 1161 699 1200 quippe

125 1218 199 1236 cum
225 1209 330 1237 AEneae
358 1207 427 1236 fatis
458 1207 602 1246 inprimis
625 1216 701 1235 cou-

123 1255 293 1292 juuctum,
322 1260 352 1282 et
380 1252 417 1282 ad
461 1252 701 1282 admirationem

126 1299 326 1329 excitandam
348 1306 460 1328 natura
486 1310 540 1328 sua
563 1306 594 1328 et
616 1309 700 1339 mag-

125 1356 164 1375 na
188 1356 293 1375 rerum
321 1346 404 1375 iuter
436 1345 581 1375 homiues
621 1346 698 1374 fama

125 1393 241 1434 eximie
255 1399 374 1432 aptum.
407 1392 503 1431 Quod
521 1399 626 1421 autem
649 1394 699 1422 AE-

126 1449 192 1468 nece
206 1440 362 1467 narrantis
381 1446 484 1478 partes
502 1438 648 1476 tradidit,
666 1439 699 1468 iu

125 1496 162 1515 eo
176 1484 257 1514 illud
277 1485 437 1514 commodi
453 1493 638 1525 assequutus
655 1492 701 1514 est

125 1538 238 1572 poeta,
271 1539 307 1562 ut
334 1539 398 1562 tota
423 1533 561 1562 narratio
588 1531 701 1562 habeat

127 1579 277 1616 majorem
291 1580 527 1614 auctoritatem,
542 1579 701 1619 magisque

127 1625 359 1655 miserationem
385 1626 495 1663 faciat,
518 1636 591 1655 cum
606 1625 644 1654 ab
664 1636 700 1655 eo

126 1679 330 1712 exponantur
350 1683 398 1701 res
424 1672 480 1712 qui
503 1682 610 1702 earum
623 1683 702 1712 pars

128 1729 250 1759 magna
269 1718 329 1748 fuit
342 1719 419 1759 ipse.
443 1718 591 1749 Delectus
605 1729 702 1759 porro

128 1775 234 1794 rerum
248 1766 291 1794 ita
309 1766 436 1795 relictus
452 1773 517 1795 erat
529 1772 631 1805 poetae
643 1788 651 1803 ‚
668 1772 705 1795 ut

128 1811 272 1851 proferre
294 1818 418 1841 tantum
433 1822 467 1842 ea
482 1811 607 1849 liceret,
633 1822 705 1851 quae

128 1858 179 1887 vel
206 1865 337 1888 movent
356 1859 520 1899 inpi‘itniS‚
538 1858 587 1887 vel
613 1869 704 1888 orna—

129 1911 199 1934 tum
213 1905 396 1936 admittunt.
418 1904 561 1936 Tandem
575 1905 642 1946 ipse
655 1915 705 1934 au-

129 1949 286 1981 dientium
311 1963 474 1982 consessus
499 1959 571 1992 post
592 1952 706 1982 sollen-

131 2007 186 2026 nes
210 1999 336 2038 epulas,
362 2006 393 2028 et
413 1998 548 2029 Didonis
564 1999 599 2027 in
613 2001 708 2029 AEnea

131 2043 279 2074 haerentis
293 2046 400 2075 vultus
411 2069 418 2083 ,
436 2046 550 2082 habet,
568 2045 655 2085 quod
668 2045 709 2075 le-

133 2091 234 2128 gentis
252 2093 393 2121 animum
413 2091 649 2134 quodammodo
665 2091 708 2121 af-

132 2135 230 2165 ficiat.
258 2139 391 2168 'Noctem
410 2140 526 2180 ipsam,
553 2139 616 2176 jam
633 2149 706 2179 pro-

135 2189 271 2219 vectam,
312 2184 427 2216 hahere
452 2195 598 2226 quoque,
624 2183 710 2225 quod

136 2236 276 2260 mentem
303 2238 430 2270 teneat,
459 2232 589 2273 putabat
613 2233 712 2273 Trap-

751 1021 835 1060 pius.
858 1021 911 1050 Est
933 1019 985 1048 liic
1005 1018 1086 1048 liber
1106 1019 1188 1049 inter
1206 1020 1325 1061 perfec-

753 1067 884 1096 tissimas
900 1066 1002 1106 operis
1017 1073 1119 1106 partes
1137 1066 1234 1106 ipsius
1250 1077 1324 1107 poe-

754 1119 792 1142 tae
802 1112 921 1150 judicio
937 1112 1062 1142 habitus
1074 1124 1082 1149 ;
1102 1114 1219 1154 quippe
1232 1124 1326 1154 quem

755 1170 827 1188 cum
853 1165 966 1199 quarto
998 1165 1028 1188 ct
1059 1165 1149 1189 sexto
1180 1161 1326 1200 Augusto

755 1207 936 1246 speciminis
962 1206 1033 1235 loco
1056 1205 1241 1247 praelegerit.
1260 1206 1325 1237 vid.

754 1263 824 1292 sup.
858 1260 932 1282 tom.
957 1253 990 1288 Ι,
1014 1252 1078 1282 vit.
1106 1253 1196 1294 Virg.
1223 1254 1325 1293 Quem

755 1305 860 1328 autem
890 1309 929 1327 ex
962 1298 1196 1338 antiquioribus
1226 1301 1327 1339 poetis

755 1352 827 1376 aute
850 1345 958 1375 oculos
986 1344 1132 1375 habuerit
1154 1345 1325 1386 Virgilius,

752 1393 787 1421 in
823 1392 949 1422 excidio
982 1392 1086 1429 Trojae
1115 1391 1327 1433 exponendo,

753 1439 932 1469 doctissime
972 1438 1166 1478 disputatum
1208 1445 1254 1468 est
1288 1439 1328 1469 ab

752 1487 924 1526 interprete
961 1492 1084 1521 nostr0‚
1116 1486 1149 1514 in
1183 1486 1329 1515 Excursu

755 1532 793 1562 de
825 1531 1010 1562 auctoribus
1034 1542 1138 1561 rerum
1173 1531 1328 1573 Trojana-

754 1590 833 1609 rum.

807 1637 833 1655 1.
860 1624 981 1654 Intenti
1000 1635 1058 1653 ora
1085 1624 1255 1661 tenebant,
1278 1634 1329 1655 or-

758 1679 848 1709 nate,
879 1678 968 1701 eraut
1001 1671 1135 1708 intenti3
1170 1671 1329 1701 habebant

757 1719 864 1749 vultus
878 1725 909 1747 et
925 1717 1035 1748 oculos
1053 1718 1192 1748 intentos
1206 1724 1236 1747 et
1253 1727 1329 1748 con-

757 1776 865 1796 versos
881 1766 915 1794 in
936 1766 1076 1795 AEueam.
1101 1765 1183 1794 Mox
1196 1775 1227 1795 v.
1246 1775 1264 1794 2
1283 1764 1331 1794 al-

759 1820 808 1842 tus
830 1818 954 1841 tantum
978 1818 1079 1841 ornat.
1104 1812 1144 1841 Et
1167 1817 1256 1840 erant
1276 1811 1330 1840 tri-

760 1859 903 1889 cliniares
912 1858 986 1888 lecti
996 1856 1239 1898 magnificentiae
1249 1867 1332 1887 caus-

759 1917 792 1936 sa
807 1905 878 1942 alti3
896 1903 1086 1935 accedebant
1103 1904 1237 1945 pulvini.

811 1953 841 1982 3.
861 1951 908 1982 Cf.
926 1951 1040 1992 Odyss.
1057 1962 1084 1988 t,
1110 1961 1148 1980 12
1166 1960 1234 1990 sqq.
1248 1957 1278 1980 et
1291 1960 1328 1986 η,

764 2005 827 2035 241
842 2021 851 2036 ,
879 2003 964 2035 242;
990 1994 1044 2026 sed
1067 1998 1101 2026 in
1115 1996 1251 2037 Virgilio
1267 2007 1331 2026 om-

761 2047 814 2075 nia
844 2045 1025 2080 ornatiora;
1054 2050 1091 2073 ut
1122 2054 1152 2073 v.
1175 2048 1194 2078 4
1221 2048 1331 2073 ornate

760 2102 820 2132 pro
837 2101 844 2122 ι
863 2089 1038 2126 narrando,
1056 2096 1093 2119 ut
1107 2100 1240 2131 regnum
1261 2091 1332 2119 Tro-

754 2139 873 2179 janmn
891 2136 1057 2167 everterint
1073 2135 1204 2175 Achivi,
1229 2136 1330 2171 dixit,

764 2184 921 2219 eruerint,
943 2190 974 2212 et
1005 2182 1161 2224 Trojanas
1176 2194 1269 2224 opes,
1301 2188 1332 2212 et

765 2242 863 2273 regno
885 2229 998 2270 adjecit
1022 2229 1186 2270 epitheton
1212 2230 1332 2261 lamen-
