1433 2460
121 80 186 109 2813

633 79 827 109 AENEIDos

118 140 336 185 Regnorum
358 135 615 180 immemores,
634 136 816 186 turpique
836 135 1015 184 cupidine
1036 144 1176 184 captos.

122 199 213 233 Haec
234 195 370 245 passim
393 193 462 230 dea
484 194 579 231 soeda
600 195 723 232 virum
745 196 923 233 diffundit
946 196 980 231 in
1003 208 1081 232 ora.

1279 203 1326 235 ¹95

173 256 348 293 Protinus
369 254 416 291 ad
439 268 564 305 regem
584 269 717 293 cursus
738 257 939 306 detorquet
966 256 1119 300 Iarban,

120 316 370 365 Incenditque
390 316 555 353 aninlum
577 317 706 363 dictis,
728 327 842 366 atque
863 327 1015 367 aggerat
1033 317 1117 353 iras.

123 377 194 414 llic
213 379 423 413 Hammone
443 385 563 420 satus,
584 385 691 426 rapta
709 377 978 414 Garamantide
998 376 1194 426 Nympha,

123 437 281 486 Templa
301 437 388 473 Jovi
409 445 561 473 centum
582 436 666 473 latis
688 437 865 474 immania
882 436 1005 487 regnis
1018 465 1028 482 ,

127 497 287 533 Centum
309 510 392 533 aras
414 497 560 547 posuit,
581 497 809 547 vigilemque
826 507 1040 534 sacraverat
1058 497 1200 547 ignem,

1285 512 1332 528 20⁰

124 556 314 594 Excubias
337 558 467 594 divum
489 567 666 604 aeternas,
687 558 951 608 pecudumque
970 569 1106 593 cruore

128 616 271 667 Pingue
291 618 434 663 solnm,
455 627 492 654 et
512 618 626 654 variis
647 618 822 655 florentia
843 618 970 654 limina
991 617 1110 654 sertis.

129 680 243 728 Isque
263 692 390 716 amens
412 679 546 726 animi,
567 687 604 716 ct
624 691 778 716 rumore
800 677 984 716 adcensus
1002 688 1149 724 amaro,

127 860 220 896 dare,
235 868 270 890 ut
290 861 371 890 bene
395 863 553 902 Pompon.
576 865 705 904 Proprie

127 907 277 936 foventur
294 918 415 937 amores
432 919 488 948 per
503 910 705 940 hiemem.—

132 963 144 982 1
153 959 207 992 94.
220 955 401 993 Regnorum
411 977 418 990 ‚
432 955 630 997 Carthaginis
640 958 704 993 illa,

128 999 181 1028 hic
212 999 309 1028 Italiae
333 1009 340 1029 ε
376 1001 460 1041 turpi
485 1012 512 1032 c.
536 1003 706 1033 inhonesto

129 1055 245 1074 amore.
267 1045 332 1075 vid.
353 1048 440 1077 SerV.

174 1091 249 1131 196.
257 1092 354 1122 Cursu
365 1092 625 1134 detorquetGud.
635 1106 704 1127 am.

127 1148 175 1178 pr.
193 1147 237 1167 sc.
247 1149 291 1173 se,
304 1149 370 1168 non
379 1139 469 1177 male,
481 1141 586 1180 inquit
596 1143 706 1173 Heius,

127 1183 188 1214 Sed
197 1183 237 1213 cf.
249 1186 356 1215 Burin.
367 1186 488 1215 Iarban
498 1188 607 1218 Heius.
619 1198 635 1217 e
643 1189 709 1218 Me-

128 1230 189 1260 dic.
200 1237 231 1260 et
241 1231 308 1261 aliis
319 1243 326 1269 ;
346 1232 443 1273 vulgo
459 1233 602 1270 larbam,
614 1235 708 1264 etiam

130 1276 306 1314 Hiar-bam,
333 1278 497 1314 Hiarban‚
519 1279 708 1310 Hiarba.—

134 1333 208 1363 197·
250 1326 399 1365 Aggerat
435 1324 500 1354 iras
511 1347 519 1363 ,
550 1328 708 1367 exquisite

129 1379 189 1409 pro
205 1376 307 1410 auget.

181 1415 373 1455 198—202.
390 1417 496 1447 Iarbas
509 1419 617 1459 itaque
632 1420 707 1450 Jovi

128 1462 284 1492 Ammoni
293 1464 375 1502 patri
386 1474 484 1493 novas
494 1465 528 1494 in
543 1467 632 1495 terris
643 1467 708 1496 Nu-

129 1507 253 1537 midicis
270 1509 439 1550 religiones
456 1517 487 1539 et
510 1521 596 1541 sacra
617 1513 707 1541 insti-

130 1560 243 1584 tuerat.
260 1556 340 1585 Nam
352 1556 518 1586 oraculum
529 1558 620 1587 Jovis
634 1560 710 1588 Am-

130 1601 234 1629 monis
252 1601 285 1629 in
311 1602 498 1632 Marmarica
514 1603 578 1633 huc
599 1604 710 1634 referri

131 1655 198 1675 non
213 1645 366 1684 debebat3
385 1648 439 1677 sed
459 1649 497 1677 ad
514 1650 581 1686 ejus
601 1661 708 1679 exem-

130 1692 221 1732 plum
237 1692 343 1722 Iarbas
360 1695 394 1722 in
413 1695 598 1725 Numidicas
613 1707 710 1736 supra

133 1738 356 1780 Carthaginem
381 1750 450 1769 oras
474 1741 636 1781 putandus
663 1750 710 1772 est

132 1794 217 1814 nova
242 1796 328 1814 sacra
357 1785 516 1817 invexisse
534 1798 542 1818 .·
561 1787 600 1817 cf.
622 1789 708 1825 206,

136 1841 212 1869 ²07·
240 1833 348 1862 Potuit
375 1833 528 1874 Virgilius
560 1834 711 1864 Graecum

133 1877 270 1918 aliquem
286 1900 294 1915 ‚
327 1879 408 1908 forte
436 1879 708 1917 Alexandrinum,

134 1931 260 1963 poetam
275 1925 385 1965 sequi;
403 1935 475 1955 nam
493 1927 593 1956 multa
612 1928 646 1956 in
662 1926 712 1956 his

136 1970 214 1999 olim
229 1981 323 2010 super
340 1970 440 2012 Libya
459 1972 602 2003 fabulose
618 1973 714 2003 tradi-

138 2022 168 2044 ta
185 2026 249 2046 esse
269 2017 408 2047 debuere
421 2040 429 2055 ‚
446 2018 504 2049 ubi
523 2030 563 2049 ex
580 2019 715 2060 Apollo-

137 2063 192 2092 nio
206 2062 333 2093 Rhodio
352 2065 482 2104 ejusque
497 2065 604 2097 Schol.
622 2066 717 2096 intel-

137 2108 236 2149 ligere
263 2110 296 2138 in
322 2117 451 2149 promtu
470 2119 526 2143 est.
553 2114 593 2142 Et
616 2113 715 2154 Cyre-

138 2164 281 2184 naeorum
292 2154 501 2187 domesticum
517 2158 647 2199 aliquod
656 2158 717 2188 fuit

139 2200 346 2242 mythologiae
372 2209 518 2243 systema.
567 2206 715 2236 Ceterum

759 869 852 904 poeta
868 862 943 892 huic
962 861 1086 892 homiui
1110 862 1225 892 Mauro
1241 862 1337 891 ritum

761 920 923 939 sacrorum
949 911 1129 939 Romanum
1141 931 1149 944 ‚
1176 915 1230 938 aut
1255 908 1339 937 Gra·-

761 967 834 986 cum
851 956 985 992 tribuit3
1005 955 1091 995 quod
1113 962 1214 995 poetae
1239 955 1339 983 facere

759 1003 834 1032 licet
849 1011 856 1031 :
874 1002 995 1031 faciunt
1009 1001 1091 1030 idem
1105 1001 1268 1036 historici,
1283 999 1338 1029 sed

760 1048 794 1077 hi
826 1049 930 1078 minus
958 1049 1069 1087 perite.
1102 1046 1340 1077 Garamantide

761 1093 913 1134 Nympha
932 1093 1035 1133 simpl.
1053 1104 1112 1133 pro
1128 1093 1247 1133 Libyca
1263 1103 1270 1123 :
1296 1093 1336 1123 cf.

762 1140 800 1169 ad
819 1140 885 1171 Ecl.
905 1140 1002 1175 vm,
1024 1144 1077 1174 44.
1096 1140 1202 1179 Rapta
1217 1138 1256 1168 ad
1272 1146 1335 1168 stu-

762 1196 857 1226 prum
871 1197 900 1216 v.
917 1196 986 1226 sup.
1007 1185 1046 1215 ad
1062 1188 1075 1215 1
1090 1208 1098 1223 ,
1121 1185 1174 1215 28.
1186 1185 1296 1215 Posuit
1310 1193 1343 1214 ec

762 1240 945 1262 sacraverat
974 1243 1032 1272 pro
1063 1238 1210 1272 posuerat
1225 1243 1234 1270 ;
1264 1237 1339 1261 nota

763 1278 922 1319 enallage;
950 1280 1099 1317 junctura
1127 1288 1203 1308 mox
1230 1277 1338 1318 paullo

763 1324 875 1354 durior
905 1334 913 1354 :
943 1331 1126 1354 sacraverat
1152 1324 1206 1354 ille
1232 1325 1337 1365 ignem

762 1381 934 1412 perennem
951 1371 985 1400 in
1003 1372 1062 1400 aris
1074 1393 1082 1407 ‚
1099 1377 1130 1400 et
1148 1370 1249 1400 solum
1261 1369 1337 1410 pin-

759 1427 824 1458 gue
837 1427 948 1446 cruore
956 1417 1116 1457 pecudum
1127 1439 1136 1453 ,
1153 1416 1186 1447 h.
1203 1427 1230 1446 e,
1242 1417 1336 1446 sacri-

762 1462 835 1492 ficia
860 1473 973 1504 magno
1002 1474 1154 1500 numero,
1175 1469 1205 1493 et
1224 1461 1338 1492 limina

753 1509 913 1552 florentia
929 1509 1020 1539 sertis
1033 1532 1041 1547 ‚
1059 1509 1090 1540 h.
1117 1509 1212 1539 festos
1227 1508 1340 1538 sollen-

763 1566 881 1596 nesque
897 1555 981 1585 dies:
1002 1564 1128 1586 centum
1151 1562 1189 1585 ut
1212 1565 1283 1595 sup.
1304 1556 1340 1592 1,

766 1602 831 1637 416
848 1603 966 1632 Veneri
986 1602 1114 1643 Paphiae
1130 1609 1257 1631 centum
1272 1612 1340 1631 arce

764 1649 868 1678 calent
883 1656 953 1678 ture
967 1648 1122 1690 :vigilem
1132 1647 1239 1689 ignem
1251 1670 1259 1685 ,
1275 1649 1340 1677 Ex·-

764 1695 872 1724 cubz'as
899 1694 1004 1724 divmn
1039 1702 1195 1731 aeternas,
1217 1695 1340 1736 egregie

765 1740 804 1770 de
828 1742 902 1782 igne
913 1742 1047 1781 perenni
1059 1764 1067 1779 ‚
1083 1741 1121 1771 ad
1146 1751 1242 1781 quem
1261 1740 1341 1770 alen-

765 1786 843 1816 dum
888 1787 1045 1817 sacerdoti
1085 1787 1340 1829 pervigilandum

766 1839 798 1862 et
825 1833 1051 1863 excubandum
1080 1841 1136 1864 est.
1176 1834 1261 1875 Ignis
1287 1832 1340 1863 hic

767 1886 903 1909 aeternus
926 1890 967 1909 ex
991 1881 1081 1910 Jovis
1103 1880 1271 1910 Ammonis
1296 1890 1342 1909 re-

768 1925 886 1966 ligione
920 1927 1038 1966 petitus
1067 1925 1245 1966 putandus;
1265 1932 1339 1956 nota

768 1971 822 2001 illa
861 1983 902 2001 ex
932 1973 1086 2002 miraculo
1117 1971 1202 2012 apud
1219 1972 1341 2002 Plutar-

770 2018 866 2048 chum
881 2018 919 2048 de
933 2021 1025 2049 Orac.
1041 2017 1153 2048 defect.
1173 2029 1205 2059 p.
1225 2025 1290 2054 410
1304 2020 1339 2049 Β.

771 2065 918 2095 Ceterum
935 2064 1163 2095 Callimachum
1179 2071 1250 2094 ante
1266 2075 1341 2095 ocu·
1356 2068 1360 2073 '

769 2111 817 2140 los
831 2116 938 2140 noster
955 2110 1102 2140 hahuisse
1121 2110 1221 2140 videri
1238 2118 1343 2152 potest

772 2157 805 2186 in
819 2156 927 2197 Apoll.
943 2168 974 2188 v,
993 2157 1035 2187 80
1056 2167 1124 2197 sqq.
1141 2164 1178 2187 ut
1194 2158 1287 2187 etiam
1302 2158 1341 2188 ad

769 2203 861 2234 illum
874 2203 982 2234 locum
997 2205 1166 2235 monitum.
1183 2205 1228 2235 Et
1239 2204 1343 2235 variis
