1433 2460
166 76 225 103 ¹{l0

667 64 860 95 AENElDOS

163 122 376 171 Hospitium
402 120 599 170 antiquum
621 110 763 171 Trdjae,
781 122 949 169 sociique
971 125 1147 164 Penates,
1341 130 1368 152 ,ᾗ

162 186 259 220 Dum
281 183 430 218 fortuna
452 181 532 218 suit.
551 185 668 218 Feror
688 182 782 226 huc,
799 192 835 218 ct
857 183 968 218 litore
987 172 1107 241 *vo

162 244 299 278 Moenia
319 242 441 290 prima
459 242 562 287 loco,
584 242 668 278 satis
687 241 875 291 ingressus
894 243 1051 292 iniquis;

161 301 422 350 slinvatlasque
439 313 523 336 meo
544 312 680 336 nomen
700 301 746 336 ‹lc
764 302 916 338 nominc
935 302 1045 351 lingo.

214 364 327 397 Sacra
345 360 512 396 Dion-acze
530 360 639 396 matri
658 360 832 409 divisque
852 361 1018 398 ferebam

162 419 390 469 Auspicibus
407 427 620 469 coeptorum
639 432 798 468 operum
810 447 819 463 ‚
837 432 1054 468 superoque
1075 420 1257 458 nitentem
1340 439 1369 453 πυ

161 479 380 515 Coelicolum
398 479 477 528 regi
496 478 710 515 mactabam
732 478 770 514 in
790 478 901 514 litore
920 488 1082 515 taurum.

161 542 272 576 Forte
294 540 363 576 snit
378 539 486 589 juxta
505 539 690 587 tumulus,
713 552 790 588 quo
807 550 946 574 cornea
966 551 1114 575 summo

161 659 365 688 clarationem
377 659 442 696 ejus
454 658 584 699 hospitii
599 669 663 688 esse
676 669 734 699 pu-

163 712 215 741 103
240 712 324 734 certe
342 706 491 734 societate
505 706 633 742 junctos
649 716 735 746 reges

162 752 277 781 innuit.
296 754 396 781 Docte
412 750 559 791 quidem,
580 752 672 780 nimis
693 758 735 780 ta-

162 808 235 827 men
251 798 410 827 subtiliter
433 800 586 838 l'ompon.
608 797 679 827 Sal).
697 797 736 826 ad

161 854 363 874 communem
393 843 553 873 Thracum
581 850 611 873 et
638 843 737 884 Phry-

161 901 236 930 gum
279 891 434 931 originem
475 891 581 919 refert.
619 892 736 930 Regem

161 936 302 966 Thraciae
313 959 321 973 ‚
337 938 394 976 qui
411 943 478 965 tum
503 942 584 972 erat,
602 946 736 975 sequen-

164 983 204 1011 tia
226 994 255 1012 v.
278 989 319 1022 49
343 982 504 1011 declarant
523 992 588 1011 esse
608 982 736 1022 Polym-

161 1035 333 1058 nestorem.
355 1030 427 1058 Jam
451 1029 538 1057 hunc
563 1028 737 1058 Chersone-

162 1085 233 1104 sum
263 1075 446 1105 Thracicam
475 1075 612 1104 tenuisse
639 1074 736 1114 vulgo

160 1128 323 1150 narratum
354 1128 444 1157 erat3
477 1120 565 1160 quod
591 1121 737 1161 inprimis

160 1167 322 1207 Euripidis
341 1168 527 1197 auctoritate
545 1174 683 1204 constat,
703 1168 737 1197 in

160 1213 293 1243 Hecuba
311 1225 342 1244 v.
364 1213 382 1242 8
400 1220 432 1243 et
449 1214 488 1243 al.
509 1214 618 1253 Itaque
632 1214 737 1254 Virgi-

159 1259 238 1296 lius,
255 1259 334 1289 dum
353 1259 391 1289 ad
410 1260 512 1289 Hebri
530 1260 608 1289 ostia
623 1259 737 1289 urbem

161 1305 200 1334 ab
224 1307 322 1335 AEuea
340 1306 500 1335 conditam
524 1306 734 1343 memorabat,

161 1351 267 1381 fabula
296 1362 312 1381 a
342 1353 446 1382 vicina
477 1353 605 1393 regione
637 1353 737 1392 petita

160 1399 374 1428 narrationem
389 1408 501 1428 ornare
515 1398 604 1427 facile
619 1400 735 1438 potuit.

161 1444 249 1484 Quid
259 1446 272 1473 9
291 1444 378 1484 quod
392 1445 642 1484 Polymnestoris
656 1444 736 1473 ditio

160 1490 201 1520 ad
219 1491 364 1520 Hebrum
382 1501 482 1530 usque
503 1491 607 1530 potuit
625 1497 735 1519 exten-

161 1537 205 1566 di.
231 1538 323 1568 Certe
342 1537 463 1567 Plinius
486 1538 546 1572 IV,
575 1547 609 1565 11
638 1536 736 1576 Oppi-

161 1583 237 1612 dum
252 1584 354 1613 AEnos
368 1583 500 1613 liberum
517 1594 586 1612 cum
604 1583 739 1621 Polydo-

161 1629 191 1660 ri
203 1631 335 1665 tumulo,
353 1630 504 1660 Ciconum
515 1629 679 1670 quondam
690 1640 737 1658 re-

159 1677 226 1717 gio,
238 1677 326 1706 Fatis
339 1675 455 1716 Iniqm's
467 1678 533 1706 sive
547 1683 678 1718 propter
691 1686 737 1714 ea,

161 1733 234 1763 quae
264 1730 454 1763 sequuntur,
485 1724 558 1752 satis
595 1724 738 1760 sinistra,

161 1770 227 1799 sive
240 1769 328 1809 quod
341 1770 473 1800 omnino
485 1770 596 1809 iniqua
612 1769 740 1798 fortuna

163 1816 315 1846 decedere
340 1817 439 1856 patria
463 1823 494 1845 et
521 1815 631 1845 alienis
649 1817 739 1845 terris

163 1862 268 1892 sedem
303 1873 444 1904 quaerere
477 1869 630 1903 coegerat.
660 1863 739 1892 Am-

164 1910 289 1939 mianus
319 1910 433 1946 XXII,
461 1908 492 1946 8,
519 1920 568 1949 pr.
599 1909 741 1949 priorem

163 1957 351 1985 sententiam
373 1954 499 1985 firmare
517 1955 665 1991 videtur3
691 1966 740 1984 re-

165 2002 259 2040 spicit
286 2003 371 2032 enim
405 2002 437 2031 h.
468 2002 490 2032 l.
524 2001 574 2031 his
601 2001 706 2030 verbis
730 2011 739 2031 τ

166 2061 181 2071 α
212 2049 315 2077 AEnus
334 2071 343 2083 ‚
383 2059 443 2088 qua
481 2048 559 2077 diris
590 2048 740 2088 auspiciis

165 2100 284 2133 ooepta,
305 2105 445 2134 moxque
464 2095 587 2132 relicta,
613 2093 651 2123 ad
674 2095 741 2123 Au-

166 2139 292 2168 soniam
308 2148 449 2170 veterem
467 2141 562 2171 ductu
576 2140 740 2171 numinum

161 2186 349 2227 properavit
366 2188 497 2217 AEneas.
515 2202 530 2215 η

843 668 881 697 19
905 668 952 697 sq.
970 659 1099 687 Sacrum
1118 668 1231 698 parans
1256 661 1368 690 AEueas

791 703 870 742 diis,
901 704 1046 743 inprimis
1071 705 1190 734 Veneri
1214 711 1245 735 et
1271 707 1366 743 Jovi,

792 750 868 779 dum
898 750 1045 787 frondes,
1065 750 1183 790 quibus
1211 761 1296 780 aram
1319 763 1367 781 οι·-

792 803 862 833 net,
878 798 974 836 petit‚
992 807 1064 826 ecce
1079 796 1259 838 prodigium
1274 798 1366 827 offer-

792 849 865 872 tur:
885 842 1022 879 surculi,
1050 854 1129 883 quos
1154 843 1222 873 solo
1242 843 1364 880 evellit,

792 898 906 918 cruore
932 888 1061 919 stillant.
1089 891 1179 919 Pan-at
1197 896 1301 919 autem
1323 901 1367 919 sa-

792 945 881 964 crum
897 937 1008 964 AEueas
1029 936 1062 964 in
1088 946 1177 965 ιιονα-
1200 935 1282 965 urbis
1300 938 1364 977 pri-

793 980 923 1010 mordiis
951 987 983 1010 et
1016 982 1160 1021 auspiciis
1190 992 1197 1012 :
1227 993 1366 1023 quorum

792 1027 902 1067 religio
916 1026 955 1056 ad
970 1027 1152 1067 Apollinem
1168 1029 1365 1068 potissimum

791 1072 939 1102 refertur.
963 1090 1010 1095 -—-
1036 1083 1089 1103 20.
1111 1073 1274 1104 Nitentem
1292 1085 1366 1105 can-

791 1119 905 1148 didum
919 1120 1026 1159 potius
1040 1130 1136 1159 quam
1155 1121 1308 1161 pinguem
1322 1123 1367 1152 in-

791 1165 916 1205 tellig03
933 1164 1052 1195 candor
1066 1166 1149 1195 enim
1163 1173 1320 1207 spectatur
1332 1169 1366 1197 in

790 1212 916 1241 victima
937 1212 1014 1242 Jovi
1028 1212 1166 1243 ferenda.
1184 1213 1250 1243 Etsi
1274 1215 1367 1243 etiam

790 1268 850 1298 pro
872 1257 970 1288 altero
986 1257 1113 1288 laudare
1135 1261 1235 1299 possis
1251 1260 1366 1290 Home-

789 1314 862 1333 rum
875 1303 966 1334 Iliad.
986 1302 1016 1341 β,
1039 1305 1116 1339 403.
1131 1323 1178 1328 -
1194 1315 1210 1334 2
1221 1316 1247 1335 1.
1266 1306 1365 1346 Apud

790 1349 934 1379 Macrob.
949 1351 1008 1386 ΙΙΙ,
1028 1360 1079 1387 10,
1094 1360 1203 1380 versus
1216 1352 1367 1381 recitatur

790 1406 862 1425 cum
881 1397 1108 1425 memoratione
1133 1398 1272 1437 ignorati
1285 1398 1366 1436 juris

790 1443 884 1478 sacri,
909 1441 1167 1482 quandoquidem
1195 1444 1272 1473 Jovi
1296 1450 1366 1473 tau-

790 1499 862 1518 rum
888 1487 1045 1517 immolari
1071 1488 1156 1517 haud
1186 1489 1230 1519 fas
1258 1489 1365 1520 fuerit.

790 1535 915 1565 Scilicet
925 1534 997 1571 jure
1010 1533 1176 1573 pontificio
1190 1535 1223 1564 id
1234 1537 1367 1565 vetitum

792 1580 869 1617 fuit,
901 1585 932 1608 et
959 1586 1082 1609 tantum
1108 1580 1205 1611 boves
1232 1589 1367 1611 mactare

791 1626 902 1662 licuit3
931 1636 998 1656 non
1021 1632 1127 1656 autem
1152 1628 1277 1668 vulgari
1297 1627 1368 1658 reli—

792 1684 898 1714 gione.

843 1719 990 1749 22—25.
1020 1721 1137 1750 Ornata
1155 1722 1267 1752 oratio.
1292 1723 1368 1752 Sen-

793 1766 851 1803 tis,
871 1767 897 1795 si
927 1766 961 1795 in
988 1766 1150 1807 vulgarem
1178 1767 1366 1797 transferas:

795 1812 828 1841 in
843 1812 931 1854 cujus
955 1812 1078 1842 vertice
1098 1824 1213 1843 cornus
1240 1821 1272 1844 ec
1287 1823 1367 1852 myr—

794 1866 844 1888 ms
870 1859 1008 1889 stabant.
1037 1859 1115 1889 Cum
1141 1860 1216 1890 inde
1234 1858 1368 1900 frondes

793 1902 992 1935 c'oronandae
1012 1917 1079 1938 aroe
1096 1914 1250 1947 peterem.
1268 1907 1367 1936 Porro

795 1953 931 1982 tumulus
952 1952 984 1982 h.
1000 1954 1023 1985 l.
1043 1952 1147 1993 simpl.
1167 1952 1276 1989 collis;
1294 1962 1366 1981 nam

794 1999 974 2039 insepultus
999 2000 1101 2030 fuerat
1127 1999 1308 2039 projectus,
1331 2005 1368 2028 ut

794 2055 835 2074 ex
850 2055 881 2075 v.
900 2045 942 2074 62
957 2056 1004 2086 sq.
1028 2051 1154 2086 apparet
1170 2068 1178 2082 ‚
1195 2052 1227 2075 et
1245 2045 1284 2076 cf.
1307 2045 1366 2082 45,

796 2088 867 2126 46.'
891 2092 997 2121 Arena
1041 2098 1162 2128 autem,
1196 2098 1368 2122 ventorum

795 2136 1015 2179 fluctuumque
1048 2137 1189 2177 impulsu
1228 2144 1367 2180 aggesta,

795 2185 831 2214 in
845 2183 987 2216 colliculi
1002 2185 1156 2228 speciem,
1172 2194 1290 2226 corpus
1304 2191 1369 2215 etat
