1433 2460
206 129 272 184 P.
315 125 712 183 VIRGILII
757 123 1150 182 MARONIS

396 257 960 378 AENEIDOS

266 487 534 555 LIBER
581 485 1077 555 SECUNDUS.

80 684 135 696 uss
139 679 1275 695 mmmmmmmmwwmmmmmmxmsmmnv

452 830 907 866 ARGUMENTUM.

127 975 271 1003 Dxnoxxs
289 971 446 1001 voluntati
462 981 583 1002 morem
605 981 715 1012 gerens
728 972 857 1008 AEneas,
880 970 996 1001 excidii
1016 971 1148 1009 Trojani
1167 972 1278 1001 seriem

80 1042 203 1073 narrat3
223 1045 258 1065 ea
274 1040 320 1064 est
335 1033 518 1073 hujusmodi
532 1043 539 1064 ε
557 1034 660 1064 Graeci
678 1033 801 1064 decimo
814 1033 890 1063 belli
906 1034 1036 1072 Trojani
1048 1043 1131 1063 anno
1143 1055 1151 1070 ,
1165 1034 1279 1063 attritis

78 1099 142 1136 jam
160 1097 282 1127 viribus
293 1119 302 1134 ‚
316 1096 489 1136 virtutique
505 1093 685 1126 diffidentes
695 1118 702 1132 ,
717 1095 756 1124 ad
774 1095 884 1125 dolum
896 1095 1086 1135 confugiunt
1100 1105 1106 1125 :
1123 1101 1279 1134 nocteque

82 1172 115 1192 ea
127 1184 135 1198 ‚
155 1171 226 1202 quae
240 1161 330 1190 urbis
343 1159 527 1189 incendium
545 1159 707 1188 antecessit
718 1181 726 1196 ,
745 1158 850 1200 fugam
869 1158 1050 1188 simulantes
1060 1181 1068 1195 ,
1085 1159 1165 1188 circa
1179 1159 1280 1187 Tene-

84 1225 159 1255 dum
180 1225 325 1261 latitant,
345 1224 456 1254 relicto
478 1225 512 1254 in
536 1233 610 1263 agro
634 1223 773 1261 Trojano
791 1231 874 1262 equo
894 1220 1000 1261 ligneo
1016 1228 1111 1251 tantae
1125 1223 1281 1261 magnitu-

83 1288 185 1327 dinis,
211 1296 246 1319 ut
269 1289 368 1329 portis
396 1287 484 1317 urbis
510 1287 608 1326 recipi
633 1295 700 1315 non
724 1291 845 1326 posset,
875 1285 941 1322 ejus
965 1291 1056 1314 utero
1079 1284 1281 1314 lectissimum

85 1359 241 1390 quemque
264 1359 432 1390 procerum
450 1347 629 1378 includunt.
651 1348 781 1385 Trojam‘
802 1347 917 1386 partim
940 1345 1051 1374 fraude
1075 1346 1202 1375 Sinonis
1222 1346 1281 1374 im-

84 1411 188 1452 pulsi,
202 1412 318 1452 partim
331 1410 518 1440 Laocoontis
530 1409 686 1450 supplicio
699 1409 798 1438 territi
811 1430 819 1444 ‚
834 1408 939 1438 diruta
950 1407 1033 1437 muri
1046 1413 1133 1447 parte
1143 1429 1151 1443 ‚
1165 1418 1281 1448 equum

83 1473 118 1502 in
135 1482 204 1502 arce
226 1477 369 1501 statuunt
387 1482 400 1500 1
418 1488 466 1494 —-
483 1477 561 1511 249.
579 1470 680 1501 Nocte
704 1471 888 1510 intempesta
911 1469 1014 1499 Graeci
1032 1480 1048 1498 a
1065 1468 1195 1499 Tenedo
1210 1479 1282 1509 pro-

85 1535 174 1571 fecti,
200 1544 257 1574 per
279 1544 347 1564 eam
371 1534 456 1563 muri
476 1533 620 1570 ruinam,
642 1543 704 1573 qua
730 1543 830 1573 equus
851 1539 916 1562 etat
936 1531 1153 1567 introductus,
1171 1530 1283 1560 urbem

84 1595 254 1626 invadunt.
274 1597 374 1627 Sinon
387 1602 522 1625 reserato
544 1595 619 1635 equi
639 1602 730 1625 utero
741 1617 750 1631 ‚
767 1600 901 1624 armatos
917 1594 1031 1624 emittit
1046 1604 1053 1624 :
1073 1595 1178 1623 omnia
1199 1593 1284 1622 ferro

86 1640 283 1697 flammisque
301 1657 461 1687 foedamus
475 1675 521 1680 --
536 1656 614 1695 267.
634 1658 745 1688 AEneas
760 1657 887 1686 interim
903 1655 942 1685 ab
956 1657 1092 1686 Hectore
1114 1656 1148 1684 in
1167 1654 1285 1684 somnis

88 1717 294 1755 admonetur,
309 1725 345 1748 ut
358 1719 419 1748 sibi
436 1719 508 1760 fuga
527 1719 670 1749 consulat
681 1742 689 1756 ‚
709 1718 846 1759 deosque
866 1719 985 1759 patrios
1006 1717 1156 1746 incendio
1175 1717 1286 1754 eripiat

84 1798 129 1803 -—-
144 1790 220 1820 297.
237 1780 294 1810 Ille
309 1787 431 1818 tamen,
449 1780 614 1811 honestam
631 1787 767 1810 mortem
779 1782 866 1820 turpi
880 1781 962 1820 fugae
975 1779 1161 1819 praeferens,
1171 1777 1286 1806 frustra

85 1843 119 1871 in
145 1852 230 1871 arma
247 1843 331 1872 ruit:
352 1843 424 1872 satis
445 1842 577 1872 feliciter
599 1843 720 1882 primus
743 1843 878 1882 impetus
896 1841 1035 1871 succedit
1051 1840 1210 1878 Trojanis‚
1230 1839 1286 1869 do-

86 1914 146 1933 nec
161 1903 290 1934 Coroebi
310 1904 478 1934 consilium
490 1904 589 1934 secuti
599 1926 608 1942 ‚
629 1904 737 1933 sumtis
756 1903 941 1933 Graecorum
953 1903 1060 1938 armis,
1074 1911 1204 1932 suorum
1218 1901 1286 1931 telis

87 1967 327 1996 obruuntur—
351 1967 427 2004 437.
452 1967 574 1996 Interea
600 1967 714 1996 Priami
739 1966 823 2007 regia
845 1973 1062 2007 oppugnatur,
1084 1968 1285 2007 Priamusque

86 2028 153 2070 ipse
170 2039 186 2059 a
204 2029 329 2070 Pyrrho
354 2028 489 2059 Achiuis
504 2027 572 2059 filio
594 2027 784 2060 interficitur
799 2046 846 2052 —
863 2028 904 2059 55
910 2029 940 2060 8.
959 2031 1070 2059 AEneas
1086 2030 1190 2069 itaque
1205 2029 1284 2058 frus-

89 2099 135 2121 tra
151 2092 276 2124 tentatis
291 2091 457 2128 omnibus,
474 2102 546 2121 cum
566 2092 629 2131 jam
643 2091 723 2121 nihi]
736 2093 803 2132 spei
824 2092 981 2132 reliquum
1001 2099 1097 2128 esset,
1119 2101 1204 2121 sacra
1219 2091 1286 2121 An-

92 2153 184 2183 chisae
199 2154 282 2194 patri
298 2154 467 2184 committit
479 2176 487 2190 ‚
506 2164 606 2194 eoque
620 2155 654 2183 in
666 2152 814 2183 humeros
832 2164 904 2184 suos
925 2153 1046 2184 sublato
1056 2176 1065 2191 ‚
1081 2154 1285 2193 assumtisque

100 2218 237 2248 Ascanio
250 2216 318 2248 filio
338 2217 516 2259 Creusaque
528 2228 645 2255 uxore,
659 2216 762 2258 fugam
776 2216 885 2256 arripit
898 2234 942 2239 —
960 2215 1036 2254 7²3·
1054 2216 1157 2246 Graeci
1169 2226 1184 2245 a
1197 2222 1284 2257 tergo
