1402 2460
627 32 750 72 LIBER
775 33 816 62 11.
1258 44 1318 70 ψ,

166 90 323 127 Dixerat
341 90 420 136 ille3
438 91 567 140 etjam
586 103 653 140 per
669 90 807 127 moenia
823 91 962 127 clarior
983 91 1081 141 iguis
1310 101 1313 103 ·

118 149 299 195 Auditur,
316 151 549 200 propiusque
565 160 675 188 aestus
690 150 866 188 incendia
884 152 1053 188 volvunt.

119 230 132 243 «
151 212 252 259 Ergo
270 223 356 260 age,
375 223 460 247 care
477 219 604 260 pater,
623 211 763 248 cervici
780 212 977 261 imponere
996 220 1134 249 nostrae
1152 227 1159 247 :

122 273 207 319 Ipse
225 269 363 306 subibo
381 269 568 316 humeris,
587 283 657 307 nec
676 283 735 307 me
752 270 862 307 labor
882 272 950 308 iste
970 271 1161 322 gravabit3

119 331 206 375 Quo
225 343 284 366 res
304 342 466 378 cumque
483 330 639 376 cadent,
657 343 776 366 unum
797 340 834 367 ct
856 344 1056 368 commune
1078 331 1279 380 periclum,

118 392 203 427 Una
221 389 320 426 salus
345 389 531 427 ambobus
549 390 632 427 erit.
655 390 753 426 Mihi
771 403 909 439 parvus
928 392 1032 429 Iulus
1272 409 1318 432 7¹0

120 449 176 486 Sit
191 462 335 495 comcs,
354 459 390 486 et
407 450 516 499 longe
533 459 659 486 servet
677 450 835 499 vestigia
853 451 1003 500 conjux.

118 512 194 546 Vos
211 510 360 554 famuli,
381 523 465 559 quae
486 509 628 555 dicam,
647 510 781 547 animis
800 511 987 547 advertite
1011 512 1153 547 vestris.

120 572 184 607 Est
205 569 300 606 urbe
316 571 473 620 egressis
495 571 660 607 tumulus
683 571 941 620 templumque
959 580 1151 608 vetustum

121 633 289 667 Desertae
305 631 471 675 Cereris,
483 631 670 680 juxtaque
690 631 845 679 antiqua
866 644 1066 680 cupressus

125 690 336 740 Relligione
356 699 504 739 patrum
520 690 657 726 multos
677 698 825 726 servata
843 703 911 739 per
929 702 1045 726 annos
1066 705 1072 724 :
1278 700 1324 730 μᾶ

122 753 229 787 Hanc
246 764 293 786 ex
313 750 463 787 diverso
480 749 608 787 sedem
625 750 820 787 veniemus
838 751 877 786 in
898 763 1024 786 unam.

122 812 198 855 Tu,
214 810 381 858 genitor,
399 822 491 858 cape
511 822 617 846 sacra
638 822 770 855 manu,
789 810 1010 860 patriosque
1028 812 1195 846 Penates.

125 968 216 988 censa
234 966 280 988 est
291 981 299 996 ‚
316 959 371 989 sed
383 982 390 996 ‚
415 969 610 1000 quocunque
630 970 696 989 ves-

126 1012 210 1034 trum
241 1006 408 1048 augurium
419 1028 427 1042 ‚
455 1016 474 1035 ο
504 1005 549 1035 dii
560 1028 568 1042 ,
603 1005 698 1035 ducet

124 1061 194 1081 nos.
213 1051 294 1082 Nam
305 1073 313 1087 ‚
333 1058 370 1081 ut
385 1061 508 1081 novum
523 1052 627 1090 Trojae
646 1062 696 1082 or-

126 1104 193 1126 tum
207 1097 330 1127 ostendi
344 1097 405 1126 sibi
418 1097 573 1127 Anchises
587 1105 679 1138 putet
689 1121 697 1134 ‚

127 1143 228 1173 multo
248 1144 388 1184 argutius
405 1154 500 1183 quam
515 1143 596 1174 illud
607 1167 616 1182 ‚
634 1155 698 1173 esse

127 1188 272 1226 sidetur‚
298 1190 386 1229 quasi
401 1191 463 1220 sit:
484 1190 580 1230 Troja
599 1198 647 1220 esc
665 1190 697 1219 in

126 1242 233 1264 vestro
249 1234 400 1271 numine,
418 1235 451 1265 h.
470 1246 496 1265 e.
514 1237 608 1274 Troja
625 1236 698 1265 alte-

126 1292 160 1310 ra
189 1282 387 1321 promittitur
411 1281 473 1311 hoc
503 1283 630 1319 omine,
664 1288 700 1311 ut

127 1328 187 1364 111,
207 1328 249 1356 86
265 1329 361 1357 Serva
379 1327 484 1369 altera
503 1329 531 1357 Τ
529 1328 607 1368 rojae
626 1331 700 1357 Per-

125 1384 237 1415 gama.
263 1376 310 1404 Ita
337 1380 442 1404 tamen
463 1373 590 1403 videtur
615 1385 700 1404 acce-

128 1421 208 1461 pisse
233 1421 376 1460 quisquis
393 1421 551 1450 Servianis
571 1420 639 1450 haec
655 1427 700 1450 at-

129 1467 231 1496 texuit
239 1476 247 1496 :
255 1465 432 1507 Augurium
443 1476 625 1506 numenque
633 1477 703 1496 vcs-

129 1520 210 1542 lrmn
229 1511 350 1555 efficiat
362 1512 373 1553 (
384 1513 482 1542 immo
493 1535 502 1550 ‚
526 1512 643 1556 efficit)
663 1524 703 1542 ne

124 1567 234 1599 putem
253 1558 381 1599 Trojam
394 1558 538 1599 periisse.
555 1560 600 1590 At
613 1561 700 1590 Serv.

130 1606 196 1645 ipse
219 1604 281 1635 hoc
303 1605 399 1634 habet
415 1615 422 1635 :
441 1607 480 1634 In
495 1605 586 1635 vobis
602 1604 703 1635 habeo

134 1653 162 1680 T
161 1651 262 1691 rojam
279 1658 412 1690 propter
425 1651 508 1680 illud
520 1662 588 1691 sup.
609 1652 674 1687 642
694 1661 702 1681 :

132 1698 200 1726 Has
216 1695 294 1726 milzi
306 1705 479 1726 servassent
491 1697 589 1727 sedes.
607 1697 704 1737 Quod

132 1743 212 1772 forte
235 1743 269 1772 in
293 1744 432 1783 priorem
455 1750 595 1772 nostram
609 1745 705 1773 ratio-

132 1800 205 1818 nem
236 1789 437 1829 interpretari
467 1790 585 1829 possis3
617 1799 703 1819 nam-

131 1846 194 1875 que
218 1835 292 1865 alias
312 1835 381 1865 haec
410 1845 485 1864 cum
508 1836 619 1865 ceteris
639 1846 706 1866 non

130 1883 204 1911 satis
232 1881 314 1912 bene
340 1883 510 1912 convenire
536 1882 704 1918 videntur;

131 1929 179 1957 uti
194 1938 252 1957 nec
268 1928 322 1958 illa
342 1929 562 1968 interpretatio
573 1950 581 1965 ‚
610 1939 705 1968 quam

130 1975 240 2005 Burin.
251 1975 394 2015 sequitur
409 1984 417 2005 ε
433 1974 467 2003 in
480 1981 590 2004 vestra
599 1983 705 2015 potes-

78 2017 82 2021 “
133 2027 198 2050 tace
209 2043 218 2058 ,
237 2021 338 2050 tutela
348 2045 357 2057 ‚
380 2023 408 2051 T
406 2021 477 2062 rosa
492 2029 547 2052 est.

180 2068 256 2104 705.
275 2067 400 2097 Clarior
415 2067 497 2109 ignis
510 2068 542 2098 h.
553 2067 575 2098 1.
591 2067 704 2098 clarior

132 2114 280 2154 strepitus
289 2115 383 2156 ignis;
392 2114 586 2155 propiusque
600 2114 705 2144 incen-

132 2158 188 2189 dia
202 2159 338 2191 volvunt
345 2169 449 2200 cestus,
462 2161 495 2192 h.
508 2172 534 2192 e.
547 2161 683 2192 calorem
694 2184 702 2198 ‚

751 959 958 996 ornatissime,
968 968 1028 999 pro
1040 967 1046 987 :
1062 957 1188 987 flamma
1198 980 1206 994 ‚
1223 960 1329 987 incen-

752 1005 840 1034 dium
850 1027 858 1041 ‚
874 1006 1008 1044 poprius
1031 1003 1179 1044 adserpit.
1191 1022 1236 1027 —
1250 1015 1327 1043 709.

755 1051 885 1082 Cadunt
899 1050 1028 1090 quidam
1042 1060 1091 1090 ap.
1110 1051 1190 1080 Pier.
1207 1051 1331 1080 cadant

752 1097 847 1127 Wall.
873 1097 969 1126 eadee
1001 1097 1066 1126 duo
1094 1098 1202 1126 Burni.
1232 1096 1331 1126 cadat

752 1145 844 1174 Witt.
860 1143 948 1172 cadit
959 1143 1073 1173 Hamb.
1091 1154 1152 1172 sec.
1171 1143 1328 1172 Perit-lum

753 1198 799 1219 est
813 1190 900 1220 Leid.
914 1200 1008 1220 unus,
1023 1207 1070 1211 -
1086 1200 1100 1227 ς
1112 1199 1162 1218 10.
1180 1188 1264 1218 Mihi
1284 1200 1331 1218 so-

753 1236 801 1265 lus
824 1238 851 1266 I.
877 1237 1022 1265 Donatus
1048 1236 1158 1275 legisse
1184 1235 1328 1269 videtur,

753 1282 843 1322 quod
869 1281 1013 1322 placebat
1038 1282 1152 1311 Pierio.
1169 1281 1210 1310 cf.
1232 1282 1331 1311 Hein-

754 1329 850 1358 sium.

803 1385 818 1412 7
829 1385 842 1403 1
852 1384 865 1403 1
873 1397 880 1403 .
897 1376 1007 1416 Longe
1022 1381 1122 1403 servet
1133 1373 1285 1414 vestigia,
1299 1373 1331 1402 h.

755 1431 782 1450 e.
798 1420 943 1450 observet
957 1431 1080 1461 gressus
1103 1430 1207 1457 meos;
1226 1430 1242 1448 e
1263 1420 1332 1449 lon-

755 1468 876 1508 ginquo
894 1473 1017 1503 autem,
1039 1477 1097 1503 ne,
1120 1468 1146 1495 si
1159 1466 1253 1495 multi
1271 1476 1333 1495 una

757 1514 882 1542 exirent
896 1535 904 1550 ,
937 1512 1253 1553 deprehenderentur
1296 1513 1334 1541 ab

755 1558 911 1589 hostibus.
935 1561 1045 1598 Itaque
1071 1566 1102 1588 et
1128 1558 1262 1588 famulos
1279 1569 1335 1598 per

757 1605 893 1635 diversas
903 1607 968 1635 vias
979 1605 1108 1635 dimisit.
1121 1606 1166 1634 Ita
1177 1604 1257 1634 bene
1265 1606 1335 1635 Cer-

759 1652 797 1681 da
819 1657 893 1691 post
907 1652 1062 1682 Servium.
1086 1652 1167 1680 Mox
1191 1660 1255 1687 712
1275 1661 1334 1690 pro

760 1697 884 1737 vulgari
908 1697 1061 1727 advertite
1082 1696 1207 1725 animos
1233 1696 1280 1725 ad
1296 1706 1335 1725 ea

759 1752 830 1782 quae
843 1742 955 1772 dicam.

808 1794 884 1826 714.
908 1791 1041 1818 Deserta
1068 1788 1158 1818 Ceres
1180 1790 1335 1829 exquisite

759 1834 841 1864 dicta
852 1858 860 1873 ,
876 1835 967 1873 cujus
983 1835 1136 1875 templum
1149 1842 1216 1864 erat
1233 1835 1335 1867 deser-

760 1888 828 1911 tum
840 1888 993 1911 vetustate
1007 1882 1058 1911 vel
1066 1881 1143 1911 belli
1153 1881 1334 1911 decennalis

760 1934 912 1968 tempore.
924 1929 979 1957 Ex
992 1927 1128 1964 diverso,
1144 1938 1184 1958 ex
1203 1928 1335 1957 diversis

759 1974 904 2014 partibus
915 1984 950 2003 ac
959 1975 1019 2003 viis
1027 1997 1036 2012 ,
1050 1973 1264 2004 dimittuntur.
1280 1975 1334 2004 Ce-

759 2028 863 2050 terum
892 2020 959 2050 haec
981 2020 1125 2051 locorum
1157 2020 1331 2062 designatio

758 2068 839 2097 sitne
867 2079 907 2098 ex
930 2068 1107 2108 antiquiore
1129 2068 1225 2108 petita
1253 2078 1291 2096 an
1317 2078 1333 2097 a

759 2115 893 2144 Marone
908 2115 1036 2144 inventa
1047 2137 1056 2152 ,
1075 2115 1249 2155 ignoratur.

807 2172 822 2199 7
833 2172 844 2190 x
854 2172 868 2200 7
876 2185 883 2191 .
896 2162 996 2191 Sacra
1006 2167 1038 2192 et
1049 2163 1198 2197 Penates,
1212 2167 1248 2190 ut
1261 2170 1331 2203 sup,
