1423 2517
643 112 766 143 LIBER
791 112 816 141 1.
1308 126 1328 154 9

132 169 206 207 Hic
224 181 359 205 currus
379 167 467 216 fuit;
487 167 562 205 hoc
577 180 737 218 regnum
758 167 829 204 dea
850 166 1026 217 gentihus
1039 179 1139 214 esse,

133 229 265 279 Siqua
281 229 357 266 fata
373 229 513 276 sinant,
525 230 606 280 jam
626 238 706 267 tum
728 227 924 277 tenditque
946 228 1138 278 fovetque.

131 288 355 338 Progeniem
368 288 435 326 sed
455 289 554 326 enim
575 288 741 339 Trojano
761 301 783 324 a
801 288 983 338 sanguine
1004 288 1092 325 duci

132 346 334 395 Audierat,
351 348 486 398 Tyrias
501 349 592 387 olim
607 362 693 399 quae
712 357 880 386 verteret
897 359 1022 396 arces;
1301 365 1333 382 ,ο

134 479 230 512 ίππὶοι
242 481 275 512 h.
289 492 316 513 e.
331 492 429 513 curru
442 490 532 514 vecta
545 483 706 526 Olympiae

132 538 182 569 ap.
197 530 330 560 Pausan.
342 530 384 567 V,
404 531 455 568 15,
470 542 502 571 p.
517 536 593 566 414.
610 532 705 561 Hasta

132 575 161 604 ei
180 574 319 615 quodam
349 576 445 606 modo
471 578 600 618 propria
624 578 704 616 fuit,

132 622 227 651 etiam
251 632 291 651 ex
324 624 508 653 Latinorum
540 624 704 664 religione.

132 668 215 698 Nota
241 667 431 699 Sabinorum
460 671 546 699 Juno
581 670 704 701 Curitis.

134 713 175 743 cf.
200 713 310 744 Cerda.
329 714 389 745 Sed
416 716 535 755 optime
553 716 703 746 Servius:

133 759 186 789 Sic
211 767 318 790 autem
341 771 408 790 esse
428 760 526 790 eciam
551 760 584 790 in
606 761 705 791 sacris

135 805 311 836 Tiburtibus
339 814 484 843 constat,
507 806 561 836 ubi
575 807 621 837 sic
631 819 706 849 pre-

131 859 266 882 cantur:
281 854 367 883 Juno
387 853 523 891 curulis,
541 861 594 884 tuo
612 865 705 885 curm

130 898 295 939 οῖζρεοᾳιιε
316 907 404 929 tuere
421 911 507 930 meos
519 899 616 930 curt'ae
632 912 706 931 ver-

132 944 227 974 nulus
253 955 343 976 sane.
368 945 421 976 Ad
443 946 552 976 tutelae
575 957 706 988 quoque

131 991 296 1021 notionem
325 1002 450 1022 currum
471 999 503 1022 et
523 1003 617 1022 arma
632 993 664 1024 h.
682 994 704 1024 l.

130 1044 290 1077 spectare,
322 1040 501 1079 suspicatur
532 1039 703 1069 Mitscher-

131 1083 207 1113 h'ch.
224 1083 263 1113 ad
282 1085 392 1114 Horat.
410 1086 444 1121 I,
460 1085 563 1115 Carm.
581 1087 634 1115 30.
651 1096 702 1126 pr.

130 1130 251 1159 Locum
283 1131 385 1160 nostri
417 1138 520 1170 poetae
550 1132 705 1171 expressit

129 1175 280 1212 Ovidius,
305 1178 386 1206 Fast.
408 1178 474 1213 VI,
503 1177 564 1213 45,
596 1176 704 1207 Poem‘-

129 1228 212 1258 teat,
231 1222 320 1263 quod
335 1232 400 1251 non
407 1221 482 1263 fovi
497 1221 704 1264 Carthaginis

127 1277 232 1304 arces,
257 1269 361 1308 Quum
382 1278 456 1297 mea
479 1268 544 1299 sinc
561 1268 616 1299 illo
631 1280 701 1299 cur-

128 1323 181 1343 rus
193 1321 225 1343 ec
233 1325 327 1343 arma
337 1314 416 1344 loco.

175 1370 234 1398 17,
275 1360 327 1391 18.
355 1359 561 1401 Carthagine,
586 1363 699 1393 Romae

125 1407 236 1436 'emula
246 1429 255 1443 ‚
268 1406 419 1446 praeclare
440 1408 544 1436 utitur
558 1414 651 1447 poeta
664 1408 697 1439 h.

130 1461 164 1482 ,.;
183 1459 220 1482 ut
232 1462 268 1481 ea
283 1453 361 1482 urbs
377 1463 511 1494 reguum
533 1455 676 1494 gentium
687 1477 696 1491 ‚

133 1504 219 1538 :aput
233 1499 359 1538 imperii
376 1506 531 1529 terrarum
542 1522 550 1536 ‚
565 1500 624 1536 sit,
640 1501 661 1530 J
663 1511 697 1529 u-

129 1553 165 1574 Ἱο
185 1543 260 1585 jam
279 1552 363 1582 tum,
383 1546 486 1585 prisca
512 1545 565 1575 illa
588 1548 695 1576 AEneae

134 1596 230 1628 etate,
250 1597 322 1620 ante
348 1594 481 1622 Romam
512 1591 693 1630 conditam,

135 1635 225 1665 endit
238 1659 248 1673 ,
293 1637 459 1667 contendit
475 1660 483 1675 ,
520 1638 673 1668 allaborat
683 1661 691 1676 ,

132 1691 248 1721 »peram
267 1682 339 1720 dat,
352 1683 522 1724 fovetque,
542 1695 601 1724 pro
620 1685 692 1714 vul-

129 1728 202 1765 gari,
224 1728 352 1765 studet;
374 1728 468 1769 fovet
495 1730 577 1767 hoc,
609 1730 692 1760 hane

127 1783 207 1809 σθω,
227 1773 290 1803 hoc
315 1775 505 1812 consilium,
530 1777 635 1805 animo
660 1783 691 1806 et

122 1820 378 1860 cogitatione.—
388 1820 424 1849 Si
441 1831 505 1860 qua
520 1822 652 1850 ratione.

170 1875 210 1905 19
227 1883 275 1889 —
296 1876 350 1896 22.
376 1867 546 1896 Enimvero
569 1877 585 1896 e
609 1868 690 1897 Tro-

123 1912 189 1948 jana
201 1912 299 1952 stirpe
322 1919 431 1942 ortum
446 1912 627 1942 habituram
645 1923 691 1942 es-

121 1967 151 1986 se
166 1964 329 1999 acceperat
343 1965 468 1999 gentem
484 1958 690 1999 (progeniem

120 2003 200 2035 ‹lixjt
209 2003 222 2045 )
231 2015 303 2045 quae
315 2004 536 2046 Carthaginem
549 2006 689 2045 aliquan-

121 2049 160 2080 do
173 2057 252 2080 esset
260 2061 417 2081 eversura.
427 2052 587 2092 Populum
594 2052 690 2089 enim,

119 2095 160 2126 ab
187 2106 222 2125 ea
253 2104 346 2137 gente
371 2098 548 2135 oriturum,
574 2098 614 2128 ad
640 2108 693 2127 ex-

117 2142 322 2172 scindendam
334 2143 556 2184 Carthaginem
566 2145 600 2174 in
610 2144 693 2174 Afri-

118 2198 187 2218 cam
201 2190 308 2230 copias
317 2200 388 2220 suas
395 2200 460 2220 esse
470 2191 689 2228 trajectarum.

117 2236 149 2265 Si
172 2237 216 2265 ita
242 2237 444 2276 exposueris,
468 2244 595 2278 poetam
609 2237 692 2268 forte

760 481 863 522 aliqua
886 493 926 512 ex
949 488 1038 523 parte
1058 492 1075 512 a
1089 481 1335 523 reprehensione

758 530 862 559 inanis
898 529 1083 571 tautologiae
1110 529 1225 560 liberes
1236 553 1245 567 ‚
1274 540 1335 560 nec

760 575 870 606 Cerdae
888 575 945 616 (ad
968 575 1025 606 lib.
1050 578 1101 613 X,
1117 578 1203 614 213,
1225 575 1334 617 214),

758 632 818 651 nec
834 625 868 652 P.
884 622 1012 663 Angelii
1026 623 1145 662 Bargaei
1159 623 1335 653 subtilitate

757 667 897 707 indigeas
907 689 915 703 ‚
930 669 965 697 iu
980 669 1061 706 Epp.
1080 668 1212 698 Clarior.
1223 670 1332 701 Viror.

757 713 814 743 lib.
832 715 867 750 Ι,
886 723 957 754 pag.
982 713 1024 742 85
1040 713 1052 754 (
1067 713 1168 754 Lugd.
1202 715 1329 756 1561),

758 760 831 799 qui,
855 765 892 788 ut
918 769 959 788 ne
979 758 1087 788 eadem
1113 770 1162 789 res
1185 759 1234 790 bis
1249 761 1333 791 dicta

758 811 854 842 esset,
867 805 1048 846 explicabat
1061 814 1069 834 ε
1083 813 1256 836 venturum
1267 830 1275 845 ‚
1288 809 1333 837 fu-

758 858 885 888 turum,
910 858 942 881 et
959 862 1128 882 evasurum
1148 853 1210 882 late
1228 864 1333 895 regem

759 897 798 927 ab
816 897 943 928 excidio
958 898 1078 939 Lybiae.
1098 899 1118 929 J
1121 908 1170 928 am
1185 900 1332 940 expende

758 945 914 974 rationem
949 946 1117 985 poeticam.
1153 945 1243 975 Hinc
1250 968 1259 984 ‚
1289 957 1331 976 ex

756 990 816 1019 hac
833 992 986 1032 progenie
999 1014 1008 1029 ‚
1026 991 1210 1032 posteritate
1222 993 1332 1031 Troja-

757 1046 886 1067 norum.
909 1038 1020 1067 Minus
1043 1037 1125 1067 hene
1145 1048 1276 1068 revoces
1293 1038 1333 1068 ad

756 1081 950 1123 sanguinem
969 1083 1155 1124 Trojamtm.
1172 1085 1331 1124 Populum

756 1128 824 1158 late
840 1139 947 1169 regem
956 1152 965 1165 ,
986 1140 1047 1169 pro
1059 1130 1123 1159 late
1133 1137 1330 1170 regnantem,

755 1185 787 1204 v.
801 1175 911 1205 Burm.
929 1175 968 1204 nd
986 1177 1113 1206 Petron.
1135 1186 1162 1206 c.
1187 1176 1229 1205 82
1248 1184 1331 1208 extr.

757 1220 951 1261 Comparant
977 1219 1158 1264 εὐρυκρείων
1187 1223 1331 1253 Homeri-

753 1276 827 1295 cum
855 1273 886 1297 et
912 1264 1086 1310 εὐρυμέδων
1112 1277 1121 1298 :
1147 1267 1187 1298 cf.
1205 1268 1263 1299 inf.
1293 1270 1329 1307 Ι,

754 1313 821 1342 235
832 1335 842 1350 ‚
880 1312 965 1343 Hine
984 1313 1063 1355 fore
1097 1313 1258 1352 ductores,
1280 1325 1328 1345 re-

752 1366 861 1388 vocato
877 1370 898 1388 a
917 1359 1077 1401 sanguine
1094 1360 1208 1390 Teucri
1222 1383 1232 1398 ‚
1263 1361 1329 1401 Qui

752 1415 842 1435 mare
858 1428 867 1443 ‚
903 1405 960 1446 qui
1003 1413 1104 1436 terras
1150 1406 1241 1436 omni
1279 1407 1326 1437 di-

751 1450 837 1480 tione
864 1459 1020 1483 tenerent.
1039 1470 1088 1475 ——
1102 1453 1196 1482 Bello
1221 1464 1326 1494 super-

749 1496 841 1536 bum,
866 1499 1055 1539 exquisitius
1090 1509 1186 1538 quain
1212 1507 1326 1540 poten-

749 1549 830 1581 tem,
851 1544 990 1574 ferocem
1011 1551 1123 1585 utpote
1144 1546 1298 1575 victorem
1315 1569 1323 1584 ‚

748 1586 924 1621 κυδιόων-σα
934 1614 942 1629 ,
957 1591 1054 1620 semel
1068 1590 1179 1621 dehoc
1191 1602 1252 1621 usu
1267 1603 1325 1622 vo-

748 1637 792 1666 cis
805 1637 889 1677 apud
907 1643 1015 1677 poetas
1030 1647 1208 1668 monemus,
1222 1638 1324 1678 Liby-a

745 1693 834 1711 nunc
864 1683 990 1723 plenius
1005 1705 1013 1720 ,
1044 1694 1105 1724 pro
1135 1683 1323 1725 Carthagine

744 1729 779 1757 in
792 1739 828 1758 ea
839 1729 958 1758 Africae
968 1736 1056 1769 parte
1063 1731 1121 1758 sita
1132 1737 1322 1760 :venturum

745 1773 867 1814 duplici
892 1775 991 1804 modo
1012 1782 1117 1815 potest
1137 1776 1256 1816 accipi3
1271 1777 1322 1806 vel

743 1827 995 1859 proventurum,
1029 1821 1208 1858 oriturum,
1237 1821 1322 1852 futu-

744 1875 816 1894 rum
827 1876 835 1902 ;
848 1865 899 1894 vel
910 1888 918 1902 ,
932 1865 1020 1906 quod
1035 1866 1170 1907 praefero
1182 1890 1191 1905 ‚
1203 1876 1321 1898 ventu-

744 1921 813 1940 rum
824 1911 925 1941 exitio
935 1934 943 1947 ,
961 1912 1001 1941 ad
1013 1914 1148 1942 exitium
1159 1935 1167 1951 ,
1176 1921 1213 1943 ut
1223 1914 1320 1944 auxi-

745 1956 806 1995 lio,
824 1957 972 1989 subsidio.
987 1970 1017 1990 v.
1037 1960 1145 1990 Burm.
1163 1959 1320 1991 Audierat

745 2005 868 2034 Parcas
893 2004 938 2034 sic
962 2006 1092 2035 volvere
1111 2007 1177 2036 sive
1195 2005 1249 2037 fila
1263 2018 1318 2037 sua

745 2059 820 2080 uere
836 2058 866 2081 et
887 2062 962 2081 cum
976 2053 1014 2082 iis
1029 2052 1107 2089 fata,
1127 2051 1317 2092 ἑπικλῶσαι;

744 2098 809 2126 sive
841 2098 909 2127 haec
944 2098 1073 2136 moliri,
1108 2099 1294 2130 machinari
1310 2111 1318 2131 :

744 2142 806 2173 hoc
828 2144 962 2174 alterum
978 2147 1093 2176 verius.
1104 2163 1152 2170 —
1163 2156 1216 2178 20.
1239 2149 1319 2187 Qua·

745 2198 896 2220 everteret
909 2190 974 2221 duo
995 2202 1044 2233 ap.
1065 2192 1175 2224 Burm.
1198 2193 1251 2223 alii
1266 2203 1315 2234 ap.

744 2237 826 2269 Pier.
846 2245 883 2268 ut
899 2244 931 2268 et
948 2238 1024 2269 alibi
1046 2239 1196 2270 variatur.
1216 2241 1316 2271 Aver-
