1433 2460
107 140 148 167 ἢ.»
610 134 803 164 AENEIDOS

107 196 293 240 AEtlwua,
317 206 438 241 noque
459 191 584 228 adliuc
599 190 818 228 crudelibus
839 190 1001 226 occubat
1019 188 1163 226 umbris
1183 204 1190 224 :

107 260 193 296 Nou
216 265 355 299 nit-tus,
376 253 502 289 officio
520 267 566 289 uc
589 261 624 289 tc
645 262 807 289 certasse
827 252 993 302 priorem

109 317 300 353 I‘oeuitvat.
321 317 417 350 Sunt
432 321 468 350 et
487 313 622 349 Siculis
642 311 862 362 regionibus
879 311 1012 357 urbes,

110 382 304 424 Arvaque,
322 374 562 423 Trojanoquc
580 386 601 410 a
617 373 798 423 sanguino
816 373 938 409 clarus
963 376 1125 410 Acestes,
1265 379 1312 404 5⁵0

110 442 333 483 Quassatam
349 434 470 471 ventis
487 435 598 470 liccat
618 433 832 470 subduccre
849 434 1023 479 classem,

109 501 150 534 Ei
174 497 276 533 silvis
293 504 424 544 aptare
441 493 586 539 trabes,
604 501 641 529 et
658 493 844 542 stringere
860 506 995 529 remos.

110 559 148 593 Si
169 557 281 593 (latur
298 556 464 600 Italiam,
481 554 592 591 sociis
611 563 648 590 ct
671 566 757 602 rege
775 561 950 602 rcceptO,

109 618 298 663 Tcmlcrc,
316 626 357 653 ut
377 617 523 653 Italiam
540 615 616 653 laeti
634 614 861 664 Latiumque
880 621 1051 662 petamus
1068 627 1075 648 :

110 738 225 777 quisito
240 735 415 766 secuudum
430 735 515 764 illam
531 735 663 764 formam
675 758 683 771 ‚

113 783 295 812 occumbere
318 781 412 811 morti
426 782 481 811 lib.
499 783 549 817 11,
579 782 634 812 62.
658 782 688 810 A

113 830 285 870 tautologia
310 829 367 859 hos
388 828 468 857 duos
491 839 598 857 versus
614 827 690 857 libe-

113 883 218 906 ratum
232 877 257 905 it
272 875 382 906 Cerda.
407 874 466 904 sed
484 876 562 904 ratio
580 876 613 903 iu
626 875 688 904 hoc

114 922 282 963 qum-reuda
293 945 300 959 ‚
329 921 417 962 quod
436 932 470 951 ea
487 922 621 950 maxime
636 932 690 950 no-

117 971 161 1000 tio
178 969 325 999 disertius
341 975 371 998 et
385 967 615 1008 significantius
641 979 691 997 cx-

115 1016 266 1056 ponitur‚
287 1025 360 1055 qua‘
376 1015 421 1044 rei
439 1025 594 1044 summam
619 1024 694 1043 cou-

118 1064 215 1099 tinet,
245 1069 276 1091 et
292 1063 342 1091 cui
359 1061 436 1091 adeo
453 1062 576 1090 animus
591 1061 692 1090 maxi-

118 1120 167 1138 me
184 1109 370 1138 immoratur
387 1118 444 1137 seu
466 1107 693 1137 deliberatione

117 1165 172 1185 seu
197 1156 293 1184 animi
317 1154 443 1184 affectu.
469 1154 553 1184 conf.
578 1164 608 1183 v,
628 1153 692 1183 555

119 1209 149 1231 et
169 1201 245 1231 556.
264 1202 348 1231 Ante
365 1201 476 1230 oculos
492 1200 605 1230 habuit
620 1210 694 1240 poe-

119 1247 237 1278 tailla:
254 1245 331 1277 E‘.‘7?0
335 1257 351 1276 υ
379 1246 423 1277 ἑ-.
447 1245 536 1284 ζώεῃ
563 1243 617 1276 7.7.''.
638 1245 694 1289 ὁρᾶ

119 1304 196 1335 φαος
223 1292 290 1326 η)
293 1304 335 1323 ι
373 1292 397 1324 εἰ
423 1289 524 1326 δ’·ἠδη
550 1292 674 1326 τέξῃ-κηε

120 1338 174 1371 καὶ
190 1338 230 1370 εἶν
242 1336 336 1370 ἀΐδαο
353 1336 489 1383 δόμοισυ
505 1347 566 1371 etc.
577 1340 694 1381 Odyss.

118 1398 154 1424 υ,
171 1398 254 1426 207;
270 1385 296 1424 ξ,
316 1393 358 1423 44
374 1395 404 1417 et
418 1388 456 1417 al.
468 1405 514 1409 —
527 1387 603 1422 548.
616 1387 696 1416 Vul-

119 1441 188 1476 gata
201 1440 266 1464 erat
280 1435 351 1464 lect.
368 1443 376 1464 :
394 1433 509 1476 Officio
524 1445 582 1463 nec
597 1441 626 1463 te
641 1443 648 1464 :
662 1434 696 1462 in

121 1491 214 1522 quam
228 1482 345 1510 mirum
360 1488 405 1510 est
418 1482 575 1521 optimum
589 1491 697 1521 quem-

120 1538 181 1568 que
195 1527 339 1557 codicem
351 1550 358 1564 ,
375 1534 468 1568 atque
481 1529 573 1558 etiam
589 1529 698 1557 Gram-

120 1575 272 1611 maticos,
297 1574 384 1616 (vid.
412 1574 544 1614 Heius.)
571 1575 697 1614 conspi-

121 1631 208 1658 rare3
238 1628 284 1650 est
309 1622 392 1651 enim
419 1622 585 1651 manifesto
599 1620 698 1651 falsa:

122 1678 180 1697 nec
190 1674 220 1697 te
233 1678 259 1698 c.
271 1668 321 1697 vel
335 1678 436 1708 neque
449 1675 490 1697 ce.
501 1670 616 1698 Sensus
631 1668 699 1706 qui-

123 1714 195 1745 dem
237 1715 477 1755 qualiscumque
514 1714 700 1755 extorqueri

124 1760 199 1791 inde
224 1767 347 1802 potest3
375 1760 430 1790 sed
455 1762 597 1791 occurrit
627 1761 701 1789 uni-

124 1808 240 1848 cuique
257 1809 293 1837 in
314 1808 443 1844 oculos,
464 1807 635 1848 legendum
658 1817 702 1836 es-

125 1865 156 1884 se
180 1863 188 1884 2
218 1855 293 1884 Non
321 1862 438 1890 metas,
475 1854 581 1897 officio
607 1864 648 1884 ne
673 1860 702 1882 te

127 1911 198 1940 cup.
217 1903 253 1930 P.
276 1899 309 1930 οὐ
329 1897 443 1942 (goden,
468 1898 522 1943 {mi-
538 1902 614 1931 Non
637 1911 702 1929 me-

127 1947 284 1976 tuendum
297 1954 362 1984 est,
385 1959 426 1977 ne
440 1955 468 1977 te
483 1948 635 1989 poeniteat
653 1946 706 1976 ali-

128 1993 256 2033 quando
288 1993 451 2024 beneficiis
482 2004 540 2024 uos
565 1995 705 2035 priorem

129 2039 329 2071 demeruisse.

180 2086 256 2125 549.
281 2089 361 2117 Sunt
377 2087 443 2117 duo
456 2097 528 2128 quae
540 2097 597 2128 per
618 2085 705 2116 hunc

131 2138 162 2162 et
186 2142 274 2171 sequ.
297 2144 423 2163 versum
450 2134 620 2174 praestruit.
645 2134 705 2163 Os-

132 2177 233 2208 tendit
244 2201 254 2215 ,
276 2181 430 2217 Trojauos
444 2182 479 2209 in
491 2180 541 2210 his
559 2180 650 2210 terris
662 2189 707 2208 se-

132 2224 187 2253 des
208 2224 291 2253 haud
318 2233 440 2265 petere,
463 2238 522 2257 nec
538 2234 574 2257 ut
598 2231 708 2267 petant

133 2281 257 2302 necesse
282 2271 417 2306 habere:
444 2273 498 2304 sed
522 2281 576 2305 aut
602 2282 706 2314 super-

741 735 812 763 stite
824 735 919 763 AEuea
934 734 968 763 in
982 733 1102 762 Italiam
1118 731 1316 769 trajecturos,

743 786 794 808 aut
809 792 846 809 eo
860 781 1049 816 interemto,
1066 780 1100 808 iu
1117 779 1252 809 Siciliam
1267 778 1320 808 ha—

743 826 878 855 bitatum
902 826 1059 855 redituros
1083 836 1159 855 csse.
1175 842 1222 848 —-
1241 825 1317 855 550.

743 874 903 913 Arvaque.
916 872 1012 912 Vulg.
1029 871 1191 912 legebatur
1205 873 1321 902 Arma-

744 930 815 960 que.
840 921 941 949 Etiam
959 919 1040 949 banc
1066 918 1235 948 lectionem
1250 929 1320 958 pra-

745 976 816 995 vam
842 977 907 995 esse
933 966 1075 995 arbitrati
1105 965 1320 1001 mutavimus,

746 1013 803 1041 etsi
816 1022 833 1040 a
847 1013 956 1042 Servio
967 1035 976 1049 ‚
991 1011 1061 1042 cod.
1077 1014 1222 1042 Romano
1240 1012 1321 1041 attis-

747 1069 808 1098 que
821 1058 1093 1098 praestantioribus
1112 1058 1202 1087 libris
1216 1068 1323 1100 agnos-

749 1111 849 1135 catur.
877 1107 980 1134 Arma
1004 1104 1131 1145 quidem
1154 1105 1244 1135 aiunt
1259 1116 1322 1135 me-

747 1151 865 1180 morari
887 1151 926 1181 ad
942 1153 1088 1181 timorem
1108 1152 1213 1181 Poenis
1235 1153 1323 1182 incu-

749 1197 902 1228 tiendum.
929 1199 974 1228 At
999 1198 1138 1228 alienum
1150 1197 1212 1228 hoc
1226 1209 1243 1228 a
1256 1205 1325 1229 toto

749 1244 902 1275 orationis
935 1245 1070 1275 consilio
1094 1255 1263 1285 rerumque
1285 1245 1326 1275 fa-

749 1293 813 1327 cie,
830 1292 1000 1332 potiusque
1013 1291 1051 1321 ad
1065 1292 1186 1322 animos
1201 1301 1327 1333 exaspe-

750 1337 865 1368 randos
902 1338 1065 1368 idoneum.
1101 1337 1218 1368 Medic.
1253 1350 1326 1369 cum

751 1386 854 1416 Colot.
880 1386 988 1416 Ursini
1003 1385 1079 1427 legit
1100 1395 1199 1420 arva,·
1214 1392 1245 1414 et
1264 1384 1325 1416 hoc

751 1442 873 1462 verum.
898 1434 978 1462 Nam
1002 1443 1039 1462 eo
1061 1438 1180 1472 spectat
1205 1433 1326 1469 oratio,

751 1486 786 1508 ut
805 1485 925 1508 metum
946 1479 1146 1519 intercipiat,
1168 1489 1208 1508 ne
1229 1479 1264 1508 in
1278 1478 1328 1508 his

752 1526 842 1555 terris
865 1525 1029 1555 considere
1052 1525 1133 1555 vene
1147 1524 1326 1556 videantur.

751 1574 833 1602 Sunt
859 1572 894 1601 in
920 1572 1023 1602 Sicilia
1044 1571 1158 1608 urbes,
1185 1578 1217 1601 et
1242 1572 1327 1613 agri,

752 1625 783 1647 et
806 1618 970 1658 popularis
997 1625 1106 1648 noster
1127 1619 1267 1648 Acestes.
1283 1635 1329 1641 ——-

752 1666 800 1694 De
824 1666 944 1693 Acesta
966 1665 1052 1695 conf.
1072 1675 1167 1704 supra
1189 1664 1227 1694 ad
1253 1666 1327 1704 195.

753 1710 902 1750 Ejusdem
932 1711 1009 1740 urbs
1041 1712 1175 1752 AEgesta
1211 1711 1328 1742 intelli-

754 1757 864 1799 genda.

805 1805 868 1835 551
883 1827 892 1841 ,
919 1805 995 1835 552.
1018 1805 1124 1835 Liceat
1144 1815 1240 1835 naves
1258 1804 1330 1835 reli-

757 1854 841 1882 cere!
861 1851 1032 1881 subducere
1056 1851 1190 1882 classem
1207 1862 1218 1880 :
1235 1850 1330 1894 ἐρύειν

756 1896 882 1941 ’ἥπειρόν
912 1894 948 1927 ὃε
975 1900 1134 1935 Homero,
1159 1897 1257 1938 vulgo
1276 1908 1332 1928 κα.-

758 1943 878 1989 τσίγειν.
893 1945 1028 1975 —552.
1054 1946 1094 1974 In
1120 1943 1205 1973 silvis
1227 1944 1333 1974 trabes

759 1999 873 2032 aptare
895 1991 1043 2028 navibus,
1058 1997 1089 2020 et
1107 1991 1260 2032 stringere
1277 1990 1333 2020 fer-

759 2049 796 2068 ro
808 2061 816 2075 ,
834 2044 998 2077 amputare
1009 2059 1017 2074 ,
1034 2036 1142 2066 dolare
1152 2058 1161 2074 ,
1179 2037 1332 2078 adeoque,

758 2084 793 2113 id
819 2083 907 2125 quod
937 2083 1111 2120 antecedit,
1135 2084 1268 2114 omnino
1283 2084 1333 2113 in-

759 2130 864 2161 cidere
887 2129 1036 2167 arbores,
1055 2140 1126 2171 quae
1149 2141 1211 2170 pro
1237 2129 1335 2160 remis

759 2179 839 2215 siut,
858 2177 890 2207 h.
915 2187 942 2207 e.
958 2187 1054 2207 naves
1079 2175 1222 2207 reficere.
1252 2178 1334 2207 Mox

761 2235 819 2254 rex
837 2234 897 2264 pro
915 2223 995 2254 duce
1009 2246 1018 2261 ,
1033 2230 1069 2253 ut
1089 2233 1238 2264 saepe.—-
1255 2223 1331 2259 554.

764 2273 805 2302 Ut
813 2270 944 2302 Italiam
954 2278 1105 2312 petamus
1117 2281 1128 2301 .·
1138 2270 1232 2301 docte
1245 2270 1335 2301 omis-
