1402 2460
587 114 708 144 LIBER
734 114 775 144 11.

1224 116 1284 145 163

83 171 235 220 Fecisti,
252 180 289 209 et
303 169 447 222 patrios
465 169 613 208 foedasti
639 171 771 208 funere
791 170 928 208 voltus.

83 238 133 272 At
147 246 223 270 non
238 232 318 280 ille,
338 240 461 270 satum
478 245 555 281 quo
575 239 612 269 tc
632 231 1004 278 mentirissAchillcs
1237 243 1284 271 550

81 294 180 331 Talis
199 294 237 330 in
254 293 364 331 hoste
385 292 456 330 fuit
472 292 642 339 Priamo3
661 292 727 329 sed
740 293 828 343 jura
845 293 1036 344 fidemque

82 353 272 404 Supplicis
288 352 460 400 erubuit,
477 365 694 404 corpusque
715 367 905 404 exsangue
926 354 1101 404 sepulcro

82 412 263 450 Reddidit
279 415 529 459 Hectoreum,
546 426 681 462 meque
698 413 735 449 in
754 426 837 449 mea
852 427 969 464 regna
984 413 1138 452 remisit.
1156 431 1170 446 n

136 476 198 512 Sic
216 475 314 512 fatus
331 475 477 522 senior,
498 475 690 525 telumque
708 474 858 512 imbelle
875 475 954 512 sine
973 475 1050 513 ictu

82 536 251 587 Conjecit
267 551 276 582 ;
295 549 409 573 rauco
428 536 530 586 quod
550 536 722 586 protinus
740 549 814 573 aere
835 536 1047 586 repulsum,
1236 545 1283 573 515

83 600 129 635 Et
145 610 291 635 summo
308 598 431 648 clypei
447 596 704 647 nequidquam
721 596 887 633 umbone
908 596 1100 646 pependit.

82 659 153 696 Cui
167 658 334 708 Pyrrhus
351 673 359 695 ε
376 675 391 692 «
408 658 562 696 Referes
580 670 670 707 ergo
690 658 789 703 haec,
812 665 849 694 et
867 657 1021 694 nuntius
1043 657 1116 694 ibis

83 718 218 755 Pelidae
234 718 409 769 genitori.
425 718 484 754 Illi
501 731 585 755 mea
601 718 723 754 tristia
738 718 856 764 facta,

83 781 393 829 Degeneremque
409 778 703 828 Neoptolemum
721 791 879 816 narrare
895 784 1096 815 memento.

82 957 143 987 que
165 947 194 976 ei
218 946 431 978 incolumitas,
459 948 553 979 Nunc
572 946 657 989 fides

82 1000 128 1022 est
150 992 202 1030 id,
226 993 315 1033 quod
342 993 420 1023 alter
435 993 509 1023 facit
530 1000 586 1024 aut
610 994 655 1023 fa-

82 1049 152 1069 cere
165 1039 270 1077 debet,
285 1047 417 1080 propter
427 1039 525 1070 fidem
539 1041 579 1071 ab
595 1041 656 1070 alio

81 1087 163 1116 inse
187 1087 333 1126 positam.
358 1087 526 1126 Sepulct·0‚
555 1087 595 1117 ad
609 1098 656 1117 sc-

82 1131 255 1172 pulturam.
275 1133 314 1161 In
329 1143 403 1162 mea
417 1143 519 1174 regna
529 1156 538 1169 ,
559 1135 594 1163 in
608 1144 657 1163 re-

83 1179 177 1219 giam.
197 1181 357 1219 Sequatus
375 1185 422 1208 est
440 1186 586 1210 nostrum
605 1181 658 1211 Se-

83 1235 153 1255 nec.
171 1224 286 1255 Troad.
310 1236 324 1255 1
336 1226 408 1256 103.
419 1226 553 1266 ——539.
569 1226 657 1257 Foed.

82 1271 219 1301 vulnere
247 1282 283 1302 v.
315 1272 398 1303 ven.
429 1272 570 1302 Parrhas.
595 1283 657 1303 sec.

83 1317 198 1348 Hamb.
215 1324 246 1348 et
259 1318 356 1349 Goth.
370 1329 419 1359 pr.
434 1318 594 1360 sanguine
607 1320 656 1350 Bi-

84 1371 148 1406 got.
166 1375 183 1394 a
197 1375 240 1395 m.
262 1375 312 1406 pr.
337 1365 473 1396 Dorvill.
490 1372 522 1396 et
538 1365 654 1397 Wall.:

84 1422 155 1452 quae
178 1411 335 1442 sollennes
353 1419 430 1442 sunt
451 1419 506 1443 aut
533 1411 656 1442 aberra-

84 1459 186 1488 tiones
207 1465 263 1488 aut
284 1459 555 1499 interpolationes.
586 1461 658 1490 Pos-

85 1505 182 1534 terius
195 1504 324 1546 quidem
338 1516 406 1536 non
422 1505 589 1547 displicere
612 1507 660 1535 vi-

85 1550 145 1581 deo
158 1552 342 1583 Burmanuo
352 1552 394 1582 ad
403 1553 577 1593 Antholog.
586 1555 659 1584 Vet.

86 1599 151 1627 Lat.
170 1609 203 1638 p.
222 1599 308 1634 338;
330 1609 410 1637 nec,
432 1599 520 1640 quod
535 1599 574 1629 ad
588 1610 660 1630 sen-

87 1653 158 1673 sum
179 1645 310 1681 attinet,
332 1645 513 1683 dissentias3
543 1645 598 1676 sed
602 1645 661 1687 fit-

88 1700 145 1718 nus
162 1689 248 1720 haud
263 1690 360 1721 dubie
380 1693 570 1733 exquisitius
584 1703 660 1733 poe-

89 1744 182 1777 taque
197 1735 334 1778 dignius.

138 1783 331 1824 544-549,
359 1783 435 1814 Sine
461 1784 542 1821 ictu,
575 1784 663 1825 quod

88 1829 206 1859 vulnus
219 1841 287 1860 non
300 1831 427 1867 faceret,
440 1841 508 1860 non
522 1837 663 1871 penetra-

89 1882 155 1912 ret3
189 1876 246 1906 sed
269 1870 430 1919 perforato
454 1878 562 1914 corio,
596 1888 661 1918 quo

89 1930 214 1953 scutum
241 1931 307 1953 erat
338 1923 525 1961 inductum,
555 1922 568 1964 (
587 1934 662 1953 uam

91 1979 182 2007 mox,
188 1970 376 2011 pependit),
391 1971 430 2000 ab
443 1981 503 2000 aere
517 1969 660 2001 resiliret.

79 2015 194 2057 ’κωφόν
212 2015 299 2055 βέλος
314 2016 397 2047 dixit
412 2019 507 2048 Hom.
525 2016 614 2047 Iliad.
631 2019 660 2054 λ,

94 2063 171 2103 390.
197 2065 306 2094 Rauco
327 2074 410 2101 cere,
435 2075 517 2095 aereo
540 2063 663 2104 clipeo,

92 2110 149 2149 qui
164 2120 316 2150 percussu
335 2120 466 2141 raucum
478 2134 486 2149 ‚
513 2110 642 2141 surdum
654 2133 663 2148 ,

93 2156 234 2186 sonitum
259 2156 372 2187 edebat
392 2175 438 2180 --
458 2164 508 2195 et,
534 2156 664 2198 nequic-

94 2212 193 2242 quam
204 2225 214 2240 ‚
239 2204 306 2233 sine
325 2203 441 2234 effectu
460 2211 491 2234 et
506 2203 637 2234 vulnere
654 2213 663 2234 :

94 2249 152 2280 etsi
173 2250 259 2280 Serv.
279 2260 355 2290 per,
374 2260 455 2290 non,
480 2251 663 2292 interpreta-

710 954 773 977 tur.
790 946 950 987 Pependic
967 947 1002 977 in
1019 946 1113 987 clipei
1129 947 1212 987 pelle
1223 970 1231 984 ‚
1251 954 1286 977 ut

709 995 818 1024 Burm.
842 993 947 1036 (male
973 991 1129 1033 Servius)
1151 1004 1221 1034 quae
1246 1004 1287 1023 aes

711 1040 805 1080 clipei
822 1040 991 1081 inductum
1014 1046 1090 1070 erat.
1105 1041 1160 1071 Sin
1175 1050 1287 1070 aeream

711 1087 806 1126 clipei
828 1086 1031 1127 superficiem
1056 1087 1150 1116 fuisse
1178 1088 1286 1123 malis,

712 1132 884 1163 dicendum
906 1140 972 1170 est,
1002 1133 1100 1163 hastae
1124 1134 1222 1163 aciem
1248 1144 1288 1163 aes

712 1186 890 1220 penetrasse
912 1179 1061 1220 quidem,
1086 1180 1141 1210 sed
1165 1181 1287 1220 impetu

712 1226 878 1256 debilitato
897 1226 1040 1263 haesisse,
1069 1236 1127 1255 nec
1154 1226 1288 1256 ulterius

711 1279 906 1312 provectam.
923 1274 1011 1313 Saepe
1029 1272 1067 1302 de
1081 1273 1149 1302 ictu
1165 1272 1288 1303 imbelli

712 1318 785 1348 talia
801 1319 889 1359 apud
900 1320 1076 1349 Homerum
1086 1342 1095 1356 ‚
1110 1330 1141 1349 v.
1155 1330 1182 1348 c.
1198 1319 1287 1349 Iliad.

709 1375 743 1408 γ,
760 1366 822 1403 347
839 1376 907 1405 sqq.
926 1365 1008 1395 etde
1026 1368 1124 1396 AEnea
1148 1365 1287 1406 clipeum

709 1411 844 1442 Achillis
871 1411 1003 1442 feriente
1033 1411 1123 1442 Iliad.
1148 1422 1164 1442 υ
1176 1434 1185 1449 ,
1221 1412 1284 1450 267

712 1469 758 1498 sq.
786 1457 900 1488 Triscia
918 1457 1035 1499 facta,
1070 1460 1188 1489 atrocia
1210 1459 1243 1488 h.
1268 1460 1288 1488 l.

713 1506 795 1535 Mox
811 1504 849 1534 de
867 1515 1022 1535 sarcasmo
1045 1516 1085 1535 ex
1103 1507 1198 1536 Hom.
1216 1505 1290 1535 duc-

714 1558 748 1582 to
763 1561 770 1582 :
786 1551 915 1593 Refi’res
929 1563 1004 1594 ergo
1019 1551 1087 1582 lzaec
1103 1560 1163 1582 etc.
1180 1552 1289 1582 videu-

714 1597 774 1628 dus
798 1606 844 1628 est
871 1600 989 1639 Popius
1014 1598 1054 1628 ad
1084 1598 1173 1629 Iliad.
1208 1600 1289 1630 XIII

714 1644 792 1676 obs.
821 1646 875 1675 31.
892 1663 939 1668 —-
957 1646 1032 1682 545.
1058 1645 1197 1687 Projecit
1218 1648 1289 1676 Par-

714 1691 796 1722 rhas.
827 1692 916 1732 quod
937 1692 1108 1722 admodum
1137 1703 1170 1722 se
1201 1701 1288 1721 com-

715 1737 862 1774 mendat,
892 1745 929 1767 ut
950 1739 1014 1769 hoc
1038 1738 1137 1768 verbo
1161 1739 1287 1768 irritum

714 1785 815 1813 ictum
838 1791 946 1820 notet,
970 1785 1022 1814 vel
1044 1786 1228 1815 Burmanno
1242 1785 1290 1822 ju-

715 1829 795 1860 dice.
810 1830 981 1870 Repulsum
1005 1838 1052 1860 est
1072 1833 1182 1871 Puget.
1215 1833 1288 1861 Par-

715 1876 797 1907 rhas.
814 1885 844 1907 et
858 1876 907 1907 ed.
920 1879 1002 1908 ven.
1014 1888 1087 1907 cum
1101 1876 1198 1908 Goth.
1216 1884 1286 1907 tert.

716 1924 879 1963 Sepulcum
894 1930 925 1953 et
939 1924 1096 1964 sepultum
1115 1931 1162 1954 est
1183 1934 1200 1953 e
1223 1925 1288 1953 suis

715 1969 808 2001 codd.
832 1969 940 2000 laudat
961 1971 1102 2008 Pierius,
1130 1970 1216 2000 uude
1233 1971 1289 2000 Gi-

718 2016 822 2047 fauius
852 2016 987 2046 faciebat
1005 2017 1182 2058 repuleram,
1208 2018 1287 2047 ami-

718 2074 780 2103 que
793 2074 852 2103 pro
864 2063 1022 2104 repulsum
1030 2075 1042 2100 ;
1056 2063 1146 2093 male.
1155 2064 1286 2098 -546.

717 2111 748 2139 E
760 2120 881 2139 summo
896 2110 1023 2142 Vratisl.
1033 2132 1043 2148 ‚
1058 2117 1095 2140 ut
1109 2109 1232 2140 dudum
1243 2111 1289 2151 ip-

717 2166 749 2186 se
764 2156 945 2187 malueram.
961 2158 1005 2187 Et
1017 2167 1084 2188 non
1097 2159 1172 2187 citat
1184 2159 1286 2186 Lutat.

718 2202 757 2232 ad
779 2205 856 2233 Stat.
887 2205 902 2234 1
919 2203 1020 2236 Theb.
1051 2205 1128 2243 377.
1154 2202 1278 2245 Repelli

717 2249 793 2280 alter
811 2250 925 2281 Hamb.
