1433 2460
135 154 198 188 364
596 151 816 181 EXCURSUS
842 151 872 179 Π

131 211 209 254 ἱερὸν
227 207 317 240 αὐτὸν
335 207 453 250 ἔφασαν
470 206 533 239 δεῖν
548 210 586 251 τῇ
602 200 703 251 Aemo}
723 208 964 241 καιταθῆναι.--
980 205 1007 237 ἐν
1027 205 1111 249 αὐτῷ
1128 202 1162 236 δὲ
1179 201 1234 236 δύο
1254 202 1330 249 δροί-

131 276 234 300 κιντες
255 262 451 305 externive:
469 261 518 293 τὸν
536 261 728 293 Λαεκόωντα.
752 260 806 292 καὶ
834 261 883 292 τὸν
911 261 1010 305 ἕτερον
1036 264 1095 291 τῶν
1116 257 1240 291 παίδων
1263 257 1331 291 δια.-

133 317 312 362 φθείριυσιν.
343 318 459 348 Contra
488 318 521 346 in
545 317 659 347 Iliadis
677 327 787 357 parva.-
812 323 1017 358 argumento,
1043 315 1131 356 quod
1153 316 1187 345 iu
1205 315 1278 355 equi
1299 315 1333 344 iu

133 373 244 403 urbem
264 371 456 402 deductione
472 371 631 409 subsistit,
648 370 736 400 nulla
752 371 939 400 Laocoontis
953 370 989 399 fit
1002 371 1132 400 mentio.
1152 367 1333 399 Secundum

133 429 218 458 hunc
240 427 338 457 alium
363 426 484 463 habeo,
501 436 597 466 quem
623 426 707 455 iuter
730 426 850 465 primos
874 424 990 454 fabulae
1012 431 1154 454 auctores
1174 423 1336 453 nominare

132 483 251 523 possis,
270 481 497 520 Bacchylidem
508 493 520 517 ;
539 491 612 510 nam
634 481 676 517 is,
698 480 808 511 Servio
831 479 960 520 quidem
986 485 1081 516 teste,
1098 479 1138 508 de
1156 480 1338 508 Laocoonte

137 545 169 567 ct
181 547 282 566 uxore
297 536 365 577 ejus
380 536 439 566 vel
453 536 493 565 de
512 535 709 575 serpentibus
729 545 750 564 a
768 533 922 573 Calydnis
942 533 1051 563 insulis
1070 533 1278 563 venientibus
1289 540 1338 562 at-

135 600 197 630 que
226 589 259 619 in
290 589 435 620 homines
463 589 620 620 conversis
644 589 839 619 meminerat.
860 589 943 629 Qui,
970 588 996 617 si
1023 588 1173 628 antiquus
1200 587 1253 617 ille
1280 587 1341 616 fuit

134 644 314 685 μελοποιὸς,
335 644 461 675 Pindari
481 644 608 685 aequalis
628 644 662 672 iu
686 643 796 684 lyricis
817 643 899 680 suis,
926 648 979 671 aut
1003 641 1177 671 Stesichori
1193 639 1340 681 exemplo

135 701 282 730 carminis
299 707 520 742 argumentum
540 700 661 737 facere,
686 705 740 728 aut
758 698 952 739 digressione
977 697 1057 726 facta
1082 696 1223 726 fabulam
1247 695 1341 724 attin-

136 765 208 795 gere
223 756 346 795 potuit,
364 761 400 784 ut
425 760 529 783 tamen
551 753 618 791 ejus
634 752 730 782 verba
754 761 813 792 pro
839 750 941 780 fundo
959 757 1063 780 esseut
1085 748 1214 788 reliquis
1230 748 1342 789 poetis.

136 810 206 839 Una
223 809 328 838 adhuc
344 814 487 848 superest
511 806 626 836 fabulae
638 805 677 835 de
696 808 876 836 Laocoonte
890 806 1028 835 narratio
1045 814 1095 844 ap.
1110 805 1238 834 Petron.
1255 813 1282 833 c.
1299 802 1341 842 89

137 863 172 892 iu
189 861 302 893 ἁλώσει
318 863 423 901 Trojae
436 873 467 892 v.
486 872 528 901 29
545 872 626 901 sqq„
644 860 698 890 sed
717 871 750 890 ea
764 871 804 890 ex
817 860 954 900 Virgilio
965 882 974 898 ,
990 861 1025 889 in
1040 857 1206 889 nonnullis
1222 864 1343 888 tantum

138 929 204 949 nou
220 917 402 958 pueriliter,
419 917 454 945 in
470 915 538 945 aliis
555 914 775 944 declamatorie
798 915 904 943 omnia
919 915 954 943 in
977 914 1076 953 majus
1091 912 1270 951 efferendo,
1287 922 1343 943 ex-

136 982 240 1013 pressa
255 970 267 1012 (
280 972 337 1000 etsi
354 971 388 999 in
403 970 511 999 multis
526 968 607 998 bene
623 979 691 998 eam
709 968 861 998 adversus
877 968 1036 1006 Tollium,
1056 969 1113 1008 qni
1135 967 1170 997 in
1191 967 1343 997 Fortuitis

139 1037 171 1067 p.
194 1031 233 1061 14
257 1024 442 1056 Petronium
465 1034 541 1054 cum
559 1023 696 1063 Virgilio
720 1023 874 1061 contulit,
902 1022 1050 1052 defendat
1074 1021 1209 1063 Burm.),
1231 1023 1296 1052 sive
1318 1022 1344 1050 is

138 1089 211 1110 vere
230 1078 370 1108 tabulam
394 1077 533 1117 aliquam
554 1083 622 1105 tum
643 1077 844 1117 superstitem
864 1083 936 1105 ante
963 1075 1075 1106 oculos
1095 1075 1258 1114 habuerit,
1278 1075 1344 1104 sive

137 1133 255 1164 habere
268 1132 410 1163 finxerit.
422 1132 511 1160 Inter
524 1130 593 1169 alia,
607 1141 682 1160 cum
692 1130 846 1172 Virgilius
860 1131 1014 1160 intactum
1026 1130 1219 1170 reliquisset,
1234 1135 1344 1159 utrum

141 1192 293 1220 Laocoon
314 1198 424 1218 morsu
447 1187 602 1228 serpentis
625 1187 776 1227 perierit,
793 1196 852 1216 nec
870 1195 929 1222 ne,
948 1184 1002 1214 ille
1017 1195 1048 1214 v.
1073 1190 1115 1224 49
1138 1194 1206 1225 sqq.
1225 1189 1347 1224 patrem

143 1254 218 1273 cum
237 1241 311 1272 filiis
326 1242 542 1272 exanimatum
557 1240 708 1278 exhibet3
722 1250 820 1280 porro
834 1251 864 1270 v.
883 1245 926 1275 44
943 1239 982 1269 de
998 1240 1121 1279 pueris:
1131 1237 1286 1278 parvulas
1298 1236 1349 1267 illi

143 1307 258 1326 manus
284 1295 342 1325 Ad
363 1302 507 1324 monstra
530 1301 681 1331 vertunt5
708 1301 822 1325 neuter
846 1292 973 1324 auxilio
996 1292 1070 1330 sibi,
1096 1294 1232 1333 Uterque
1245 1290 1349 1332 fratn'

142 1349 308 1380 transtulit
328 1349 405 1389 pias
431 1348 538 1385 vices,
567 1350 719 1389 Morsque
749 1348 820 1388 ipsa
846 1347 976 1378 miseros
998 1354 1106 1377 mutuo
1124 1345 1233 1387 perdit
1251 1352 1346 1377 metu.

142 1407 274 1437 Placent
289 1404 357 1434 haec
371 1405 475 1434 mutui
488 1404 622 1433 fratrum
637 1405 752 1434 amoris
766 1403 975 1444 cogitatione3
990 1403 1046 1432 sed
1059 1402 1237 1432 accuratius
1252 1401 1347 1442 dispi-

142 1460 239 1490 cieuti
256 1459 313 1489 vix
331 1469 371 1488 ex
390 1468 497 1488 rerum
519 1458 649 1487 veritate
674 1457 758 1487 dicta
777 1457 879 1487 videri
901 1463 1051 1497 possunt3
1069 1456 1131 1486 sibi
1152 1456 1258 1492 euim,
1280 1465 1347 1485 non

142 1514 250 1550 alteri,
276 1513 309 1542 in
331 1511 427 1553 gravi
444 1522 484 1541 ac
504 1511 670 1552 repentino
696 1518 815 1541 terrore
841 1510 979 1540 consulit
1003 1511 1154 1551 quisque;
1180 1516 1212 1539 et
1229 1510 1348 1550 impor-

140 1576 223 1599 tuno
239 1566 414 1597 verborum
429 1566 504 1595 lusu
520 1575 668 1605 expressa
684 1565 756 1595 talia
772 1565 865 1595 nolis.
881 1564 944 1596 Sed
958 1564 1027 1593 haee
1047 1564 1112 1603 jam
1131 1562 1348 1593 animadversa

138 1633 155 1652 a
186 1622 346 1663 Lessingio
374 1621 410 1650 in
430 1622 611 1650 Laocoonte
635 1630 667 1660 p.
698 1620 736 1658 57
765 1620 883 1650 videas.
912 1619 1077 1656 Ceterum,
1095 1618 1185 1659 quod
1194 1618 1349 1659 parvulas

142 1685 258 1705 manus
277 1674 406 1711 tribuit,
422 1672 596 1703 admodum
617 1683 735 1713 pueros
750 1673 878 1703 videtur
898 1671 1074 1714 significare
1089 1672 1188 1710 velle;
1203 1680 1234 1703 et
1241 1672 1350 1713 Virgi-

140 1730 203 1759 lius
220 1738 229 1759 :
240 1738 345 1769 parva
359 1727 492 1758 duorum
506 1737 641 1768 corpora
662 1734 822 1758 natorum.
840 1727 925 1757 Talia
939 1737 1070 1767 quoque
1087 1727 1122 1756 in
1139 1725 1267 1757 Codicis
1285 1727 1348 1756 Va-

142 1783 240 1814 ticani
263 1784 404 1824 pictura,
427 1782 601 1812 admodum
618 1782 731 1812 inscite
752 1782 852 1820 facta,
878 1791 1024 1822 expressa
1048 1780 1164 1812 videas.
1187 1782 1220 1812 Si
1245 1787 1349 1811 tamen

139 1835 332 1868 sacrificanti
341 1837 422 1878 patri
431 1836 642 1867 ministerium
651 1837 880 1877 praestiterunt,
893 1843 1042 1876 tauquam
1053 1835 1193 1873 Camilli,
1204 1836 1260 1865 vix
1270 1834 1349 1865 adeo

142 1900 267 1922 teneros
293 1891 438 1922 exhiberi
467 1901 483 1920 a
505 1898 600 1932 poeta
623 1901 715 1932 posse
733 1897 836 1931 putes.
861 1891 901 1920 Et
916 1889 991 1920 tales
1016 1889 1199 1931 impuberes
1217 1888 1349 1930 (quam-

142 1957 236 1986 quam
256 1952 287 1975 et
308 1947 332 1975 ii
352 1946 413 1986 ipsi
430 1944 632 1985 reprehensi,
650 1944 741 1986 quod
756 1945 855 1985 patris
872 1945 1009 1984 speciem
1023 1954 1091 1974 non
1103 1944 1176 1973 satis
1200 1949 1345 1983 aequant‚

141 2000 208 2031 vid.
230 1999 446 2035 Richardson‚
466 1998 622 2039 Descn'pt.
647 1999 687 2029 de
706 1999 808 2029 divers
823 1998 980 2029 tableaux
996 2006 1056 2029 etc.
1080 2009 1112 2038 p.
1140 1997 1224 2035 513;
1245 2006 1349 2027 comes

144 2055 184 2084 de
203 2055 331 2097 Caylns
343 2061 419 2085 tom.
438 2055 534 2085 XXV
548 2053 646 2085 Ble'm.
663 2054 702 2084 de
718 2053 900 2084 l‘Acade'm.
918 2053 974 2082 des
992 2050 1138 2092 Inscript.
1153 2062 1185 2092 p.
1205 2051 1294 2093 329)
1314 2053 1349 2082 in

141 2108 340 2138 nobilissimo
355 2108 413 2138 illo
432 2109 620 2138 Laocoontis
643 2119 717 2138 cum
732 2106 807 2138 filiis
823 2107 950 2137 duobus
966 2107 1073 2148 siguo,
1088 2105 1177 2147 quod
1199 2106 1276 2136 olim
1290 2108 1348 2137 Vi-

143 2161 296 2191 ridarium
320 2161 484 2193 Pontificis
504 2163 594 2192 Max.
612 2165 738 2199 Romae,
757 2171 845 2191 nunc
868 2162 1018 2191 Museum
1035 2160 1346 2191 Pio-Clementinum

141 2216 254 2252 habet,
273 2217 339 2246 sive
355 2215 556 2247 Rhodiorum
575 2215 735 2247 artificum
751 2226 850 2256 opus,
867 2216 933 2245 sive
949 2216 1016 2254 ejus
1036 2215 1237 2255 exemplum,
1255 2214 1345 2245 exhi-

141 2270 268 2300 bentur.
295 2271 333 2299 In
357 2269 503 2310 reliquis,
530 2281 601 2300 meo
627 2269 754 2311 quidem
780 2269 924 2308 judicio,
948 2275 1003 2298 aut
1023 2268 1106 2298 nihil
1128 2268 1162 2298 in
1181 2269 1271 2310 signo
1288 2267 1345 2297 illo
