1423 2517
664 166 786 196 LIBER
812 167 836 196 I.
1310 177 1324 203 7

128 221 367 271 Inferretque
385 222 475 260 deos
496 222 623 269 Lati03
642 236 758 273 genus
776 222 876 264 unde
892 224 1086 269 Latinum,

127 281 342 332 Albanique
361 291 506 333 patres,
528 292 642 333 atque
664 284 746 321 altae
763 283 900 321 moenia
916 287 1058 322 Romae.

180 344 310 389 Musa,
331 342 424 379 mihi
440 356 589 381 caussas
606 355 792 390 memora,
812 357 888 393 quo
906 344 1060 380 numine
1080 343 1187 388 laeso,

128 401 281 447 Quidve
298 403 428 440 dolens
448 404 580 454 regina
598 404 731 450 deum,
752 412 807 441 tot
823 405 980 441 volvere
1000 418 1107 443 casus

126 461 317 511 Insignem
338 462 478 512 pictate
499 463 645 510 virum,
666 472 722 500 tot
743 463 847 500 adire
865 464 1015 501 labores
1303 480 1331 495 10

126 521 346 571 Impulerit3
367 532 529 560 tantaene
547 524 681 561 animis
701 524 914 562 coelestibus
933 525 1017 562 irae!

180 581 282 619 Urbs
301 582 456 632 antiqua
473 583 564 629 fuit3
587 584 694 632 Tyrii
716 594 873 621 tenuere
893 585 1038 631 coloni;

128 641 336 692 Carthago,
354 642 501 679 Italiam
521 651 653 679 contra
672 642 930 692 Tiberinaque
950 644 1061 692 longe

128 823 209 849 mae,
225 813 370 853 pleniore
403 822 469 843 ore.
492 829 539 835 —-
555 812 587 843 6.
620 813 702 842 Inde

128 858 252 889 Zulich.
267 869 284 888 a
301 869 385 889 man.
402 869 452 899 pr.

175 905 206 935 8.
220 907 316 935 Masa
341 904 421 934 mihi
441 916 571 935 caussas
586 916 702 935 memo-

127 962 165 981 ra
178 961 190 981 .·
203 962 277 981 uam
301 962 373 992 quae
389 951 523 982 deorum
538 953 701 982 interven·

127 1004 164 1027 tu
182 1004 236 1027 aut
251 999 392 1028 consiliis
410 1006 441 1028 et
462 999 702 1028 machinationi-

128 1044 188 1073 bus
204 1044 339 1083 alicujus
363 1045 414 1075 dei
435 1052 586 1075 eventum
608 1056 701 1075 suum

127 1089 322 1128 habuerant,
337 1093 400 1121 nisi
425 1102 442 1121 a
466 1092 522 1121 dea
551 1091 699 1129 edoctus,

127 1144 221 1177 poeta
247 1138 327 1167 scire
348 1149 415 1168 non
433 1145 568 1178 poterat.
591 1140 701 1178 Itaque

127 1183 181 1213 ille
196 1185 301 1213 munit
319 1186 402 1214 viam
416 1185 480 1220 ibi,
499 1192 535 1214 ut
557 1186 596 1214 iis
616 1195 701 1214 com-

129 1229 222 1259 mode
238 1231 285 1260 uti
307 1233 415 1271 possit.
438 1233 564 1261 Summa
579 1238 701 1261 senten-

129 1277 180 1306 tiae
194 1283 241 1306 est
250 1284 371 1317 aperta3
387 1277 481 1307 debet
493 1278 599 1318 sequi:
611 1288 702 1308 caas-

129 1333 182 1352 sas
202 1333 340 1353 memora
358 1323 468 1364 quibus
478 1332 626 1364 permota
645 1326 666 1355 J
668 1335 702 1354 u-

129 1379 172 1399 no
183 1371 314 1399 AEneam
326 1377 374 1400 tot
381 1370 544 1401 laboribus
553 1378 584 1401 et
593 1381 704 1401 aerum-

130 1417 179 1445 m's
200 1416 374 1455 objecerit3
393 1428 510 1447 caussae
535 1428 601 1447 esse
628 1428 701 1458 pos—

130 1468 224 1500 sunt,
247 1463 336 1503 quod
360 1464 427 1502 ejus
447 1474 567 1493 numen
591 1464 702 1494 laesum

128 1507 224 1538 fuerit
239 1509 344 1550 aliqua
359 1520 409 1548 re,
430 1511 636 1550 majestasque
649 1510 703 1540 de-

127 1554 268 1593 minuta;
286 1563 317 1585 et
335 1556 423 1596 quod
439 1556 493 1586 illa
510 1567 567 1586 seu
587 1557 704 1594 injuria

127 1611 184 1630 seu
212 1602 334 1642 ingrata
364 1602 468 1643 aliqua
491 1614 524 1632 re
551 1602 700 1634 doluerit.

126 1646 303 1685 Subjicitur
311 1659 370 1689 pro
380 1649 602 1689 explicatione,
612 1649 702 1689 quid-

127 1702 162 1721 ve
178 1693 342 1723 dolens—
353 1694 512 1734 impulerit
523 1695 580 1724 dea
595 1697 699 1724 virum

127 1737 302 1779 (exquisite
319 1740 352 1769 h.
373 1751 400 1770 e.
421 1741 580 1782 coegerit)
591 1748 637 1770 tot
649 1752 700 1771 ca-

127 1793 178 1813 sus
191 1785 320 1814 volvere
329 1808 338 1821 ,
357 1785 390 1816 h.
403 1796 430 1815 e.
442 1793 478 1815 ut
486 1787 618 1822 subiret,
633 1788 700 1817 adj-

127 1837 185 1861 ret.
209 1832 290 1870 Quae
310 1832 395 1861 enim
418 1832 539 1872 gravia,
557 1832 699 1862 difficilia

127 1883 159 1905 et
198 1877 329 1906 molesta
357 1884 450 1914 sunt,
481 1885 512 1907 et
538 1889 610 1918 quae
636 1889 699 1908 ma-

128 1933 189 1964 gna
213 1933 286 1952 cum
312 1924 500 1954 difficultate
516 1935 698 1962 movemus,

128 1968 347 1999 machinamur
357 1993 366 2008 ,
389 1971 540 2000 molimur
550 1994 557 2007 ,
576 1970 702 2012 perfici—

128 2026 218 2054 mus,
235 2026 271 2045 ea
298 2017 388 2046 volvi
407 2018 510 2058 poetis
530 2017 698 2056 dicuntur,

129 2072 217 2092 nunc
237 2069 268 2092 et
288 2073 343 2100 ea,
365 2074 437 2104 quae
455 2064 699 2094 tolerantur.—

133 2118 185 2139 11.
215 2109 392 2149 Impulerat
416 2113 509 2141 Rom.
531 2121 605 2141 cnm
633 2111 700 2140 aliis

129 2154 215 2195 apud
238 2156 349 2186 Heius.

179 2212 230 2232 12.
245 2203 275 2232 A
295 2203 315 2233 J
319 2203 434 2233 unonis
453 2202 534 2233 odiis
552 2203 697 2242 orditur,

127 2247 245 2289 quippe
258 2259 316 2289 per
328 2260 399 2289 quae
408 2249 540 2288 objectae
553 2257 628 2280 sunt
641 2250 700 2280 dif-

124 2293 282 2326 ficultates
303 2296 420 2336 quibus
440 2296 479 2326 ab
494 2297 592 2328 Italiae
611 2296 697 2328 aditu

756 819 953 842 averteretur
968 814 1091 842 AEneas.
1115 813 1332 853 Exponnntur

755 858 821 889 odii
846 868 987 889 caussae:
1014 869 1086 899 quae
1109 859 1261 890 lectorem
1283 871 1331 891 re-

754 916 827 934 rum
853 907 1062 943 Trojanarum
1086 905 1172 935 haud
1200 917 1332 946 prorsus

754 951 867 981 rudem
882 951 989 982 studio
1005 951 1131 992 legendi
1144 954 1252 982 nescio
1266 963 1332 993 quo

753 998 914 1028 imbuunt.
934 999 1000 1030 Cur
1022 1009 1038 1027 a
1062 998 1250 1039 Carthagine
1271 1000 1332 1028 ini-

754 1046 835 1075 tium
865 1044 1015 1074 narrandi
1046 1045 1139 1074 faciat
1162 1052 1273 1085 poeta,
1297 1056 1327 1075 V.

754 1102 832 1121 mox
856 1091 895 1121 ad
911 1102 942 1122 V.
969 1092 1023 1128 34.
1042 1092 1128 1121 Urbs
1139 1091 1210 1133 ficit
1224 1114 1232 1129 ‚
1251 1102 1330 1131 quo-

754 1139 839 1167 niam
850 1138 903 1168 illa
918 1145 986 1167 rum
1004 1144 1071 1167 erat
1088 1148 1194 1167 eversa
1205 1161 1214 1174 ,
1229 1148 1247 1167 a
1265 1139 1329 1178 Ty-

754 1185 808 1214 riis
823 1184 950 1214 condita
964 1191 994 1213 et
1007 1184 1158 1214 habitata.
1169 1183 1325 1224 Antiqua,

754 1242 820 1261 non
837 1238 899 1260 tam
914 1231 1065 1271 quoniam
1078 1241 1161 1260 nova
1172 1230 1328 1270 Carthago

754 1277 890 1307 deducta
905 1287 1009 1316 nuper
1024 1287 1041 1305 a
1059 1277 1180 1307 Caesare
1204 1276 1328 1306 colonia

755 1331 830 1361 erat,
845 1330 882 1353 nt
891 1324 955 1353 fere
968 1324 1174 1363 interpretes;
1189 1322 1243 1353 sed
1252 1333 1329 1363 quo-

754 1372 841 1400 niam
864 1371 992 1409 antiqua
1017 1370 1107 1410 origo
1129 1370 1275 1409 inprimis
1293 1370 1329 1399 in

755 1417 885 1446 urbium
913 1415 1007 1445 laude
1037 1422 1242 1446 memoratur.
1266 1416 1326 1446 inf.

754 1465 786 1493 II
800 1485 809 1500 ,
826 1463 890 1492 363
908 1462 946 1491 de
959 1463 1053 1500 Troja
1070 1471 1078 1492 :
1096 1461 1173 1491 Urbs
1190 1461 1328 1502 antiqua

754 1509 825 1540 mit.
840 1511 880 1539 Et
893 1509 932 1538 de
941 1509 1049 1539 Italia:
1068 1510 1166 1538 Terra
1176 1508 1323 1549 antiqua,

747 1563 873 1600 potem.
899 1556 965 1586 Cur
988 1554 1077 1594 Tyrii
1094 1562 1115 1585 t.
1139 1555 1249 1585 coloni
1272 1565 1326 1595 pa-

753 1602 894 1632 renthesi
904 1601 1125 1638 includantur,
1140 1612 1207 1631 non
1221 1601 1316 1631 video

752 1640 807 1679 Es¹t
817 1649 901 1678 enim
916 1659 951 1677 ea
965 1649 1088 1689 poetica
1101 1648 1213 1685 forma,
1224 1655 1260 1677 nt
1276 1647 1327 1677 ab·

752 1694 855 1725 soluta
867 1695 1086 1725 enuntiatione
1095 1693 1230 1732 dicatur,
1240 1693 1328 1734 quod

751 1741 787 1771 in
803 1752 896 1782 prosa
911 1747 1008 1776 esset,
1035 1741 1113 1770 urbs
1130 1740 1209 1777 fuit,
1226 1749 1325 1780 quam

756 1789 791 1817 T.
809 1798 836 1817 c.
851 1795 978 1817 tenuere
989 1809 997 1822 ‚
1012 1787 1207 1816 habitarunt.

803 1833 842 1861 13
855 1855 863 1869 ‚
884 1838 935 1867 14.
961 1834 1086 1872 Longe,
1114 1830 1231 1872 procul
1247 1831 1305 1861 sita
1315 1855 1324 1869 ,

752 1888 865 1919 magno
878 1879 1045 1916 interjecto
1055 1879 1151 1915 mari,
1167 1888 1208 1908 ex
1219 1877 1326 1909 adver-

751 1934 787 1954 so
794 1924 892 1954 ltaliae
905 1930 935 1954 et
949 1923 1078 1964 quidem
1088 1927 1215 1961 Romae,
1228 1935 1323 1966 quam

752 1981 809 2010 per
827 1970 962 2000 Tiberim
977 1970 1134 2012 designari
1147 1977 1239 2011 puto.
1257 1972 1324 2001 Stu-

752 2016 874 2057 diisque
887 2016 1063 2057 asperrima
1075 2016 1168 2055 belli,
1186 2018 1325 2059 graviter

752 2062 876 2093 dictum
904 2074 963 2104 pro
992 2073 1000 2095 :
1032 2062 1142 2093 dedita
1154 2086 1163 2099 ‚
1195 2074 1324 2095 vacans

752 2109 863 2139 studiis
879 2109 957 2140 belli
968 2120 980 2139 .·
997 2109 1088 2150 quod
1101 2107 1257 2153 {asperam
1275 2110 1324 2141 di·

753 2157 783 2186 ci
800 2156 897 2193 solet3
915 2163 984 2186 tum
997 2157 1099 2197 poetis
1118 2156 1259 2187 studium
1275 2156 1322 2188 di-

752 2204 837 2232 citur
855 2213 1019 2244 asperum,
1043 2202 1234 2244 tandemque
1251 2204 1324 2233 urbs

752 2260 868 2290 aspera
883 2249 993 2279 studiis
1016 2249 1101 2280 belli.
1122 2251 1235 2280 Virtus
1259 2250 1324 2281 bel-

750 2297 811 2327 lica
826 2307 843 2326 a
857 2297 959 2338 poetis
969 2307 1027 2338 per
1039 2296 1121 2327 iram
1132 2297 1323 2338 exprimitur
