1433 2460
102 156 164 184 380

592 282 618 300 a.
637 273 656 301 6

570 160 787 192 livaRslzs
813 162 824 191 1

515 228 530 245 n
546 220 639 257 'l'roja
654 229 742 261 capt-'i

885 223 1034 251 lirrorum
1052 221 1156 249 AEncoe

1008 285 1033 303 a.
1053 284 1067 310 7

144 341 241 377 Vere,
259 348 294 370 ut
325 352 342 370 c
365 342 570 383 sequentibus
601 344 766 384 probabile
789 345 822 375 fit
833 369 840 382 ,
867 346 995 386 quando
1020 343 1188 386 navigandi
1219 349 1295 371 tcm-

101 404 160 433 pus
179 394 300 433 aderat,
316 396 419 426 classis
436 399 541 427 AEneae
564 410 580 427 c
602 399 705 429 Sicilia
728 401 821 430 solvit
842 411 951 430 versus
965 400 1174 441 Tyrrheniam
1191 405 1220 427 ct
1239 398 1294 426 La-

102 449 191 478 tium.
212 450 265 479 Ab
278 451 339 481 hoc
361 452 488 482 demum
508 460 648 493 tempore
663 465 710 484 res
726 454 856 484 AEneidc
873 454 1107 495 comprehensa:
1128 452 1296 484 exordium

101 502 217 534 hahent
233 515 240 536 ε
262 517 290 536 v.
306 507 360 537 lib.
382 509 414 545 1,
435 509 476 544 34
499 519 566 549 sqq.
583 511 648 538 Vix
664 510 716 539 illa
733 511 832 540 altum
853 518 953 547 tenet,
969 521 1042 540 cum
1057 511 1163 541 subito
1179 508 1295 552 gravis-

100 560 177 589 sima
197 567 361 602 tempestas
375 570 458 601 orta,
474 575 567 604 qumn
584 572 675 605 poeta
692 565 731 595 ab
745 567 836 596 AEolo
851 568 990 597 sunonis
1005 575 1116 607 rogatu
1129 566 1295 596 immissam

101 614 224 654 prodit,
247 627 356 647 versus
378 618 518 649 Africam
541 631 635 649 naves
657 621 774 660 rejici13
797 632 853 651 sex
870 623 951 651 circa
968 623 1123 662 AEgimuri
1145 623 1241 658 Aras,
1258 631 1298 650 ex

104 668 236 700 adverso
253 671 468 711 Carthaginis,
483 674 597 713 partim
613 675 761 715 scopulis,
778 676 893 716 partini
909 686 1075 713 arenarum
1088 675 1175 705 vadis
1188 675 1277 705 illisae
1289 696 1297 711 ‚

100 734 163 753 una
183 735 199 753 a
217 726 293 754 mari
311 726 435 765 hausta,
452 738 561 758 omnes
578 739 594 758 a
614 730 716 758 ventis
734 729 947 770 fluctibusque
967 729 1138 760 admodum
1156 735 1296 766 vexatae,

100 777 281 809 subsidente
292 780 417 811 tandem
430 789 611 823 tempestate
622 784 678 812 vix
687 784 720 813 in
731 783 847 814 Africae
857 784 940 822 litus,
951 784 1005 814 sed
1019 783 1150 814 diversis
1157 782 1299 824 partibus

99 833 272 870 ejiciuntur
288 835 340 875 (1,
362 836 400 871 34
420 853 466 858 —
487 836 581 877 158).
599 839 711 867 AEneas
725 838 853 878 quidem
872 849 945 869 cum
959 845 1079 879 septem
1095 837 1231 868 navibus
1243 836 1298 878 (1,

106 895 167 923 170
194 893 225 915 et
249 887 337 929 383)
361 889 444 919 inter
466 890 627 930 Apollinis
649 899 680 921 et
699 893 851 921 Mercurii
871 893 1109 933 promontoria,
1136 893 1191 932 qui
1211 900 1299 921 nnnc

99 941 280 972 Tunitanus
296 944 384 973 sinus
402 951 462 982 est,
480 952 610 984 portum
623 945 724 984 subit,
740 945 778 975 ad
791 946 986 987 Aquilariam
996 969 1005 984 ‚
1024 946 1153 985 objectu
1167 945 1278 975 insulae
1288 967 1297 982 ‚

99 1084 169 1104 sum
183 1073 221 1103 ad
231 1074 370 1105 Africam
383 1078 517 1117 septimo
527 1087 672 1108 errorum

100 1131 183 1150 anno
199 1121 316 1151 factum
338 1122 452 1153 diserte
467 1131 620 1154 memorat
640 1135 671 1154 V.

100 1173 181 1196 extr.
196 1167 269 1197 libri
284 1170 297 1197 I
318 1180 394 1198 nam
411 1169 521 1210 tejam
537 1170 673 1210 septima

95 1221 208 1253 portat
224 1215 378 1245 Omnibus
401 1223 563 1246 errantem
583 1216 673 1246 terris

101 1270 140 1288 ac
151 1260 305 1302 fluctibus
325 1269 420 1291 (escas
430 1274 442 1298 ;
461 1262 545 1292 idem
569 1270 673 1293 tamen

99 1306 239 1336 reditum
262 1309 295 1337 in
320 1308 457 1338 Siciliam
475 1309 537 1340 hoc
562 1309 674 1340 eodem

99 1363 184 1382 auno
202 1355 337 1394 septimo
359 1355 477 1384 factum
494 1363 599 1385 narrat
615 1356 671 1385 lib.

100 1401 143 1436 V,
164 1400 231 1429 626
255 1400 399 1440 Septima
409 1409 483 1441 post
501 1401 603 1441 Trojae
619 1412 674 1431 ex-

101 1445 220 1475 cidium
241 1445 314 1487 jam
340 1447 478 1477 vertitur
500 1455 605 1478 testas.
630 1449 674 1477 Ea

101 1499 207 1522 tamen
225 1494 251 1522 si
263 1504 318 1530 en,
334 1503 398 1533 quo
412 1493 544 1523 fecimus
555 1516 562 1530 ‚
579 1493 675 1523 modo

101 1539 265 1568 conciliari
279 1547 429 1579 possunt,
449 1540 591 1570 concidit
604 1551 677 1580 poe-

102 1593 141 1615 tae
151 1584 354 1625 reprehensio
362 1608 370 1622 ,
381 1597 475 1626 quam
485 1586 591 1617 VVood
600 1597 676 1626 quo-

102 1642 163 1672 que
182 1638 289 1661 movet
310 1643 341 1671 p.
362 1642 440 1672 229.
464 1632 548 1663 Nolo
569 1634 604 1662 in
620 1643 675 1662 ex-

101 1677 250 1719 ponenda
274 1677 461 1708 difficultate
483 1680 585 1709 ou'um
601 1689 676 1709 con-

104 1734 243 1761 sumere,
258 1735 353 1764 quam
364 1725 429 1763 jam
446 1731 566 1754 veteres
579 1736 678 1755 versa-

103 1781 187 1800 vere.
204 1782 235 1801 v.
247 1772 390 1801 Servium
407 1771 446 1800 ad
460 1771 517 1801 lib.
529 1773 569 1809 V,
586 1772 653 1801 626
671 1795 679 1809 ‚

105 1817 197 1854 cujus
215 1823 290 1846 nota
306 1817 433 1846 tandem
454 1818 489 1847 in
511 1817 560 1847 his
573 1818 678 1848 verbis

105 1862 270 1893 subsistit:
287 1877 302 1888 κ
319 1865 402 1905 Ergo
425 1870 564 1900 constat,
580 1875 679 1904 qnaes-

105 1910 226 1938 tionem
242 1909 324 1940 hanc
343 1921 439 1939 unam
453 1920 517 1940 esse
531 1909 569 1940 de
582 1910 680 1940 indis-

107 1955 314 1993 solubilibus3
342 1967 420 1996 quas
448 1967 516 1985 non
544 1956 680 1986 dubium

108 2007 154 2030 est
179 2002 423 2032 emendaturum
452 2002 547 2033 fuisse
573 2004 678 2044 Virgi-

107 2046 196 2076 lium.
222 2062 238 2073 υ
264 2050 296 2078 Si
323 2049 394 2088 quis
421 2049 526 2088 itaque
554 2057 680 2090 poetam

108 2094 142 2122 in
164 2099 306 2133 tempore
329 2094 455 2125 AEneidi
478 2106 543 2125 suae
565 2097 681 2125 consti-

110 2138 232 2168 tuendo
266 2141 315 2169 sui
356 2151 468 2180 parum
509 2152 680 2171 memorem

111 2184 206 2214 fuisse
221 2183 320 2222 dicat,
335 2197 401 2216 uon
425 2187 561 2217 multum
579 2188 681 2218 habeo

109 2230 198 2270 qnod
211 2241 372 2271 reponam.
391 2233 473 2263 Illud
486 2241 590 2264 tamen
602 2235 681 2264 male

111 2276 254 2316 haberet,
292 2278 380 2318 quod
410 2287 503 2319 poeta
533 2282 682 2321 temporis

725 1085 814 1108 notas
847 1079 968 1110 disertis
1000 1079 1105 1109 verbis
1133 1080 1295 1120 apposuit,

725 1136 818 1166 quas,
833 1127 859 1155 si
872 1126 1060 1162 abfuissent,
1074 1136 1167 1155 nemo
1181 1124 1300 1154 deside-

726 1179 854 1201 raturus
876 1178 930 1201 aut
948 1173 980 1201 in
998 1172 1079 1201 hanc
1091 1172 1299 1212 quaestionem

727 1217 936 1248 descensurus
948 1218 1067 1249 fuisset.
1078 1220 1144 1248 Etsi
1157 1227 1232 1248 vero
1246 1228 1299 1247 ex-

726 1264 831 1305 pediri
856 1265 909 1294 illa
933 1265 1063 1305 nequit,
1089 1266 1131 1294 ita
1156 1271 1193 1294 ut
1218 1263 1300 1294 nihil

727 1311 809 1341 forte
822 1321 976 1352 reponere
985 1312 1101 1351 possis,
1112 1310 1299 1340 alterutrum

728 1364 832 1386 tamen
855 1356 1046 1387 sumendum
1069 1364 1133 1393 est,
1161 1362 1216 1386 aut
1239 1356 1300 1385 sub

727 1402 825 1432 finem
857 1404 931 1432 anni
973 1409 1126 1433 autumno
1164 1409 1300 1433 exeunte

729 1452 859 1479 AEneam
873 1449 912 1479 ad
926 1449 1067 1480 Africam
1081 1450 1254 1485 accessisse,
1271 1455 1301 1478 et

729 1495 827 1525 altero
843 1506 926 1525 anno
948 1497 1052 1536 primo
1067 1507 1141 1525 vere
1163 1495 1302 1525 discessu

729 1542 812 1571 facto
830 1543 864 1571 in
888 1542 1026 1572 Siciliam
1044 1552 1206 1572 reversum
1220 1551 1301 1579 esse.;

729 1595 784 1617 aut
799 1599 871 1618 vere
894 1587 1022 1618 demum
1044 1589 1204 1628 sequentis
1227 1589 1302 1618 anni

729 1634 858 1664 solvisse
875 1636 1004 1664 AEneam
1023 1646 1063 1664 ex
1079 1635 1203 1671 Sicilia,
1228 1635 1300 1665 Car-

731 1681 890 1721 thaginem
906 1681 1063 1722 appulisse
1079 1688 1110 1711 et
1124 1680 1232 1711 eadem
1248 1691 1304 1710 aes-

731 1733 793 1756 tate
817 1728 851 1756 in
873 1728 1009 1758 Siciliam
1028 1727 1166 1758 rediisse.
1188 1728 1259 1757 Hoc
1277 1729 1305 1758 si.

731 1783 873 1813 sequare,
888 1774 997 1803 saltem
1008 1785 1156 1804 versuum
1168 1774 1302 1804 istorum

731 1820 811 1849 ratio
825 1830 859 1849 ac
874 1821 1028 1850 sententia
1041 1827 1174 1851 constat.
1189 1821 1302 1860 Igitur,

732 1865 809 1895 dum
830 1866 993 1896 meliorem
1012 1868 1167 1897 rationem
1191 1866 1303 1906 aliquis

733 1911 894 1949 docuerit,
923 1919 1083 1943 teneamus
1111 1913 1184 1943 hoc.
1211 1908 1302 1944 Certe

734 1959 910 1996 Catroeum,
935 1970 1031 1999 quem
1056 1959 1094 1989 ad
1121 1959 1177 1989 lib.
1199 1960 1229 1988 V
1251 1968 1300 1998 pr.

734 2004 772 2034 de
794 2004 841 2034 his
865 2005 1040 2045 disputasse
1057 2005 1215 2041 videmus,
1235 2013 1303 2033 om-

734 2051 785 2080 nia
800 2050 838 2080 ad
850 2051 990 2081 lubitum
1008 2050 1180 2093 fingentem
1195 2049 1304 2079 audire

734 2097 829 2137 piget.
840 2098 906 2127 Nec
912 2098 956 2126 W
954 2097 1017 2126 ood
1024 2120 1033 2133 ,
1046 2099 1101 2138 qui
1110 2097 1305 2128 IljadjsetAE-

733 2143 834 2172 neidis
853 2149 993 2183 tempora
1009 2144 1230 2174 constituenda
1243 2143 1304 2177 alio

734 2199 828 2229 opere
851 2189 912 2218 sibi
934 2198 1142 2230 proposuerat
1162 2191 1214 2232 (p.
1238 2199 1302 2233 229

735 2245 780 2275 sq.
805 2242 836 2264 et
852 2245 882 2275 p.
908 2237 973 2271 254
995 2247 1075 2267 vers.
1096 2236 1215 2278 germ.)
1231 2241 1304 2269 satis

735 2281 910 2322 probabilia
921 2283 1084 2323 amplexus
1094 2294 1159 2315 esse
1168 2283 1303 2315 videtur.
