1433 2460
156 113 220 147 340

659 115 856 145 AExlzmos

150 170 223 205 Ter
245 169 416 206 revoluta
437 178 522 206 toro
543 179 618 218 cst,
639 172 835 222 oculisque
853 171 1068 208 errantibus
1091 172 1166 208 aito

151 229 334 275 Qufesivit
353 230 448 266 coelo
469 231 609 278 iucem,
629 231 887 283 ingemuitque
908 241 1070 282 roperta.

199 291 296 326 Tum
317 292 338 328 J
343 303 418 327 uno
435 292 695 343 omnipotens,
715 293 869 343 longum
888 295 1063 332 miserata
1080 293 1250 331 dotorem
1264 323 1275 340 ,

148 428 226 458 l’ier.
250 434 280 458 et
300 430 407 460 Burm.
433 429 572 460 Adnixa
594 433 722 475 castiga-

145 475 224 504 tioni
242 477 421 507 Heinsianae
434 476 570 507 debetur
579 499 588 514 ‚
597 489 614 509 e
626 480 720 511 codd.

144 522 237 551 etiam
268 524 348 554 Picr.
370 524 477 566 Vulgo
501 523 628 556 innixa.
659 527 720 557 Sed

144 567 293 599 innititur
308 571 401 601 etiam
425 572 481 612 qui
501 573 602 610 jacet,
627 574 721 604 mmi-

142 614 217 643 titw·
239 617 295 656 qui
322 623 421 647 tentat
446 629 626 660 exsurgere.
653 621 719 654 vid.

143 662 252 692 Heins.
265 664 384 704 —691
398 687 406 702 ‚
436 665 515 704 692.
536 666 631 696 Oculi
654 667 718 705 jam

142 715 244 738 morte
269 717 410 741 natantes
437 718 469 741 et
496 711 629 752 caligine
643 714 717 744 obs-

143 756 242 784 curati
271 755 354 787 diem
381 759 522 798 recipere
550 758 715 799 laborant,

140 801 196 830 sed
223 811 302 843 aegre
331 804 487 845 colligunt
512 804 586 834 solis
600 806 715 838 radios.

140 848 326 889 Ingemiscit
334 872 342 886 ,
354 857 389 879 ut
400 850 591 880 moribunda
602 864 610 890 3
622 855 713 893 quod

138 900 184 923 est
200 895 257 925 inf.
270 897 333 925 XII
350 903 430 927 extr.
442 896 514 927 vt'ca
528 908 600 927 cum
613 901 715 940 gemi-

138 947 171 969 tu
204 941 274 982 ugit
300 941 475 983 indignata
499 944 554 973 sub
577 945 713 978 umbras.

135 987 176 1016 Et
187 997 274 1018 nunc
283 995 360 1029 puta
374 989 484 1020 oculos
493 990 609 1021 iterum
624 992 710 1022 clau-

136 1032 310 1074 di.—692.
325 1036 497 1076 Quaerebat
507 1036 585 1067 alter
595 1039 711 1071 Hamb.

136 1081 308 1121 Repercam
325 1082 420 1112 multi
435 1083 529 1114 codd.
553 1094 602 1124 ap.
627 1086 709 1116 Pier.

136 1133 168 1156 et
195 1128 304 1159 Burm.
331 1139 406 1158 cum
421 1131 532 1161 Servio
549 1139 557 1161 ε
573 1130 661 1171 quod
680 1139 711 1162 et

135 1173 243 1213 ipsum
268 1174 343 1205 ferri
377 1177 478 1216 possit
500 1186 508 1207 ε
529 1183 561 1206 et
592 1180 712 1220 recepit

135 1219 278 1251 Brunek.
307 1228 459 1262 tanquam
495 1225 709 1264 exquisitius:

134 1276 249 1296 verum
272 1278 401 1299 sensum
422 1269 520 1300 hahet
536 1270 644 1311 paullo
663 1271 711 1302 di-

134 1322 261 1343 versum
278 1324 286 1346 :
303 1317 393 1355 quasi
403 1323 537 1356 propter
549 1316 653 1347 lucem
665 1329 713 1349 re-

126 1366 256 1398 pertam
281 1361 498 1403 ingemuisset.
523 1365 562 1392 In
592 1364 711 1395 Medic.

132 1414 259 1445 reperta
287 1408 323 1437 in
349 1408 445 1438 litura
473 1415 538 1446 est,
571 1415 609 1438 ut
632 1410 711 1440 adeo

131 1450 200 1481 haec
216 1453 402 1492 Aproniana
420 1454 514 1484 lectio
536 1454 639 1485 videri
655 1456 710 1486 de-

133 1496 224 1536 beat3
238 1499 365 1530 doctior
379 1501 492 1542 utique
505 1500 559 1531 illa
576 1507 608 1532 et
623 1512 711 1532 com-

133 1544 271 1575 modior.

179 1591 258 1631 693.
270 1593 373 1634 Long.
385 1592 455 1623 mis.
466 1592 608 1623 laborem
618 1594 712 1624 Mon-

132 1635 343 1678 mlh—693
374 1649 442 1680 sqq.
466 1640 558 1669 Nova
582 1639 651 1669 haec
680 1647 712 1669 et

132 1682 274 1714 insolens
312 1685 414 1714 videri
444 1691 549 1725 potest
580 1685 709 1726 religio,

133 1729 222 1768 quod
240 1731 299 1760 Iris
325 1731 464 1760 mittitur
485 1731 525 1760 ad
543 1732 712 1772 expedien-

132 1775 205 1805 dam
234 1778 355 1807 miserae
393 1776 531 1807 Didonis
563 1779 710 1809 animam.

131 1823 259 1854 Scilicet
273 1823 352 1854 Iridi
365 1823 481 1853 tribuit
494 1831 587 1864 poeta
598 1846 606 1862 ,
624 1825 712 1865 quod

130 1869 297 1901 Mercurio
323 1881 419 1911 supra
444 1870 602 1900 tributum
633 1871 711 1902 vich·-

132 1924 202 1945 mus
232 1927 313 1947 vers.
345 1923 432 1953 244,
446 1917 709 1958 quandoquidem

133 1970 149 1989 a
165 1964 297 1994 Junone
320 1963 373 1993 illa
402 1963 550 1993 mandata
570 1964 648 2001 fert,
679 1971 710 1994 et

133 2008 199 2045 ejus
216 2011 392 2040 ministerio
410 2010 601 2051 plerumque
619 2011 709 2041 Juno

132 2055 252 2093 utitur,
264 2064 300 2086 ut
313 2056 370 2087 inf.
381 2059 422 2095 V,
439 2057 524 2095 6063
542 2058 606 2095 lx,
620 2067 637 2086 2
649 2068 657 2095 3
671 2057 707 2088 ll.

133 2110 168 2137 0¹,
193 2102 266 2132 166.
285 2105 505 2134 Communiter
524 2110 647 2141 tamen,
667 2114 708 2134 ex

132 2155 236 2187 poetae
262 2150 432 2189 religione,
466 2162 498 2181 v.
532 2150 620 2190 698,
640 2151 707 2190 699

132 2195 330 2235 Proserpinae
343 2207 387 2225 ete
405 2204 510 2238 partes
527 2208 592 2227 esse
615 2196 709 2227 debe-

130 2238 218 2272 bant.
227 2243 359 2283 Sequuti
372 2251 447 2274 sunt
457 2244 631 2284 Virgilium
644 2243 708 2281 alii,

777 441 793 460 a
811 431 912 462 Cerda
929 432 993 470 jam
1012 431 1149 469 laudati,
1171 432 1286 461 Statius
1304 433 1353 471 11,

775 478 851 509 silv.
868 479 902 514 1,
925 484 984 516 147
1000 489 1008 515 ;
1026 478 1162 509 Marti-al.
1181 472 1233 508 111'
1253 480 1352 520 epigr.

777 525 817 561 43
832 535 840 562 ;
869 524 948 555 adde
982 526 1091 555 Horat.
1122 527 1135 554 Ι
1160 526 1265 557 Carm.
1291 526 1331 555 28
1343 549 1351 563 ,

779 583 818 612 19
832 594 839 608 ,
858 582 911 602 20.
941 574 1027 603 Orco
1052 569 1216 612 (Θάνατον
1243 573 1351 613 appel-

773 617 838 659 lat)
855 619 916 657 jam
929 625 1001 648 ante
1018 618 1103 647 idem
1121 618 1273 648 tribuerat
1288 620 1351 650 Eu-

774 664 891 705 ripides
910 667 944 695 in
964 665 1036 695 ioco
1053 665 1117 702 jam
1139 675 1156 694 a
1179 665 1348 696 Macrobio

774 713 816 748 V,
850 722 888 751 19
909 718 1038 748 notato,
1056 710 1174 741 Alcest.
1197 716 1292 749 74-
1305 723 1344 750 77

773 758 835 799 (ex
855 768 916 798 qua
937 758 1042 787 fabula
1062 757 1153 797 plura
1172 757 1211 787 ad
1233 759 1346 789 Mortis

772 805 939 846 imaginem
956 803 1174 834 illustrandam
1190 805 1254 845 peti
1270 815 1344 845 pos-

767 858 851 881 sunt.
873 851 957 881 Vide
979 862 1009 881 v.
1033 851 1095 880 261
1112 874 1120 888 ‚
1150 851 1236 888 438,
1255 851 1319 888 844
1333 874 1342 889 ,

774 903 877 934 1140,
915 908 926 927 1
940 903 974 932 xl.
986 908 1022 934 13
1058 896 1129 927 add.
1162 897 1342 928 Hemsterh.

769 944 807 973 ad
832 945 962 974 Lucian.
999 950 1074 973 tom.
1096 945 1129 981 1,
1152 954 1222 985 pag.
1245 942 1342 985 512).

764 992 926 1021 Junonem
958 990 1016 1020 hac
1050 989 1089 1019 de
1116 1001 1149 1020 re
1173 989 1342 1020 sollicitam

764 1048 830 1067 esse
844 1059 853 1074 ,
882 1037 928 1066 nil
947 1038 1063 1066 mirum
1074 1059 1083 1074 ‚
1097 1047 1170 1066 cum
1193 1046 1226 1066 ea
1241 1036 1340 1066 Dido-

764 1084 814 1112 nis
833 1089 865 1112 et
884 1085 1059 1113 Poenorum
1079 1093 1219 1113 caussam
1237 1093 1341 1112 susce-

762 1130 870 1170 pisset.
895 1129 989 1159 Unde
1016 1139 1092 1160 vero
1114 1129 1176 1160 hoc
1199 1129 1341 1159 dicemus

763 1177 909 1216 petitum,
923 1175 1012 1216 quod
1019 1175 1117 1205 crinis
1125 1175 1343 1205 abscinditur?

764 1233 832 1252 nou
848 1223 933 1252 enim
952 1223 1025 1252 satis
1047 1229 1093 1252 est
1116 1233 1189 1252 cum
1214 1223 1341 1252 Macro-

764 1268 819 1299 bio
834 1268 856 1299 l.
873 1268 895 1299 l.
912 1268 1017 1299 dicere
1027 1291 1035 1307 ,
1051 1279 1092 1298 ex
1106 1268 1258 1310 Euripide
1268 1268 1341 1299 Alc.

767 1316 809 1353 75
826 1315 860 1345 id
881 1314 1014 1345 ductum
1038 1326 1115 1346 esse.
1149 1317 1175 1346 E
1194 1326 1228 1345 re
1255 1325 1343 1345 sacra

764 1368 846 1402 puto
864 1362 1018 1396 ductum;
1037 1372 1109 1391 nam
1123 1362 1252 1392 victima
1268 1372 1343 1392 con-

764 1415 907 1438 secratur
920 1408 980 1438 deo
990 1431 998 1445 ,
1011 1408 1084 1448 pilis
1093 1409 1128 1438 in
1141 1408 1246 1438 fronte
1255 1408 1342 1438 evul-

764 1455 805 1482 sis
819 1461 851 1483 et
866 1454 901 1483 in
920 1455 1026 1495 ignem
1048 1455 1173 1492 injectis
1186 1454 1248 1495 (cf.
1263 1465 1294 1485 v,
1312 1465 1340 1484 c.

765 1499 823 1530 inf.
834 1501 880 1529 VI
891 1522 899 1537 ,
916 1501 982 1536 245
994 1511 1002 1536 ;
1018 1500 1109 1530 estid
1121 1501 1250 1541 proprie
1265 1511 1342 1531 κατ·

767 1543 936 1588 ἄρχεσθαι)
949 1557 957 1584 ;
971 1546 1010 1575 ab
1025 1545 1087 1575 hoc
1101 1553 1265 1577 momento
1280 1548 1342 1576 vic-

765 1593 841 1621 tima
869 1591 929 1622 deo
955 1592 1039 1621 dicta
1061 1599 1092 1622 et
1110 1602 1206 1623 sacra.
1229 1594 1341 1633 Itaque

765 1645 797 1668 et
814 1639 857 1676 is,
876 1639 934 1679 qui
949 1639 1104 1677 moritur,
1124 1639 1213 1668 crine
1230 1639 1344 1670 abscis⁴

765 1695 815 1723 so,
828 1685 888 1715 diis
900 1685 1027 1723 inferis,
1039 1692 1190 1726 tanquam
1202 1686 1341 1724 victima,

766 1738 971 1762 consecratur
982 1755 990 1770 ,
1013 1734 1033 1763 J
1036 1732 1152 1772 ovique
1175 1731 1279 1763 infero
1292 1743 1342 1762 sa-

766 1788 819 1808 cer
838 1786 893 1809 est.
906 1780 1041 1809 Ornavit
1049 1779 1094 1808 sic
1104 1784 1197 1819 poeta
1210 1778 1342 1820 vulgare

764 1825 865 1855 illud:
885 1826 959 1865 quia
983 1825 1080 1855 morti
1108 1824 1195 1854 haud
1219 1832 1342 1856 matura

763 1877 845 1909 erat,
862 1881 943 1912 aegre
965 1872 1071 1901 anima
1093 1882 1110 1901 a
1132 1881 1266 1912 corpore
1292 1882 1340 1902 se-

761 1918 873 1956 juncta
895 1924 952 1948 est.
981 1920 1042 1949 Res
1063 1918 1172 1958 itaque
1198 1918 1340 1948 numinis

763 1965 948 1994 interventu
957 1964 1078 2005 egebat.
1094 1964 1273 1994 Imitatione
1283 1975 1339 1994 ex-

763 2011 876 2051 pressit
886 2011 1002 2040 Statius
1012 2009 1197 2041 Theb.V111
1206 2033 1214 2047 ,
1226 2020 1246 2050 9
1259 2011 1339 2041 Nec-

762 2056 838 2087 dum
855 2056 946 2086 illum
975 2062 1032 2086 aut
1055 2063 1168 2086 trunca
1185 2056 1337 2087 lustrave—

762 2110 816 2133 rat
842 2102 931 2132 obuia
967 2110 1047 2133 taxo
1080 2102 1254 2141 Eumenis,
1281 2112 1340 2134 auc

753 2148 850 2191 fitrvo
874 2148 1068 2189 Proserpina
1085 2157 1178 2190 posce
1207 2157 1339 2180 notarat

765 2195 898 2227 Coecibus
911 2196 1091 2225 adsumtum
1101 2195 1215 2238 furvis.
1231 2198 1336 2228 Revo-

763 2243 846 2273 cavit
860 2241 913 2273 ille
929 2253 995 2273 rem
1012 2242 1051 2273 ad
1064 2243 1285 2274 lustrationem
1304 2250 1337 2274 et
