1402 2460
595 110 718 140 LIBER
743 110 800 138 IV.

1236 110 1297 137 321

100 172 174 206 Ter
191 177 341 206 centum
359 175 461 204 tonat
482 180 548 203 ore
566 168 675 213 deos,
692 167 935 217 Erebumque
947 196 957 214 ,
981 167 1198 217 Chaosque,
1255 177 1303 200 διο

100 228 439 278 Tergeminamque
457 230 642 273 Hecaten,
662 227 734 264 tria
752 228 910 277 virginis
927 241 994 264 ora
1011 228 1155 265 Dianae.

100 291 299 338 Sparserat
318 296 354 325 et
374 288 502 325 latices
519 288 713 325 simulatos
734 288 848 325 fontis
867 288 1021 325 Averni.

99 348 273 385 Falcibus
290 356 326 384 et
343 361 472 385 messae
493 348 539 384 ad
555 350 701 385 Lunam
718 357 943 397 quaeruntur
962 348 1064 385 aenis

100 408 287 446 Pubentes
307 408 454 455 herbae,
474 409 573 459 nigri
591 422 678 446 cum
693 409 790 446 lacte
811 410 957 446 veneni.

101 469 295 516 Quaeritur
310 479 347 507 et
365 470 550 507 nascentis
571 470 660 520 equi
680 469 727 507 de
744 470 868 507 fronte
889 469 1057 506 revolsus
1258 477 1306 501 515

102 616 186 645 mina
210 615 360 652 recitans,
383 616 440 656 qui
462 617 496 645 iu
517 616 566 646 his
586 618 678 647 sacris

103 661 307 702 (exemplum
326 663 360 691 in
379 663 445 702 ipsa
462 662 574 692 Medea
590 674 620 693 v.
644 664 679 692 in

104 707 198 737 Ovid.
219 709 297 738 Met.
318 710 398 744 VII,
421 719 482 748 192
504 708 594 749 sqq.)
610 720 679 738 mos

104 760 186 790 erat,
203 755 400 794 omninoque
416 755 450 784 in
474 754 603 795 hymnis
626 765 679 785 ve-

104 806 208 829 terum
232 807 263 830 et
281 801 425 830 formulis
443 802 550 831 sacris.
577 802 680 830 Etiam

103 845 166 875 hoc
182 857 223 876 ex
237 857 325 876 more
336 870 344 884 ,
361 846 449 886 quod
467 846 606 885 ejusdem
620 857 680 876 nu-

105 892 200 922 minis
223 892 315 933 plura
336 894 467 923 nomina
486 895 679 930 recitantur,

105 938 144 967 ad
158 939 240 968 vires
258 946 289 969 et
304 946 474 980 potestates
489 949 545 968 seu
559 946 682 969 naturae

105 995 161 1015 seu
184 986 324 1015 numinis
350 984 489 1014 diversas
520 985 683 1014 declaran-

106 1031 179 1068 das;
209 1038 246 1061 ut
268 1031 307 1061 ad
331 1033 506 1072 potentiam
534 1031 601 1061 deae
624 1042 681 1071 per

106 1087 220 1118 supera
256 1085 287 1107 et
322 1079 423 1106 infera
454 1084 485 1106 et
524 1078 682 1107 terrestria

108 1130 264 1153 meantem
274 1123 494 1153 declarandam
505 1123 612 1153 eadem
623 1125 684 1153 He-

108 1177 179 1199 cate
216 1169 329 1210 triceps
369 1168 609 1212 τρισσοκέφοιλος
648 1171 683 1199 in

108 1216 209 1256 Orph.
240 1218 362 1257 Argon.
392 1222 459 1255 974
484 1215 565 1256 (ubi
592 1216 683 1246 facile

109 1269 237 1302 apparet
252 1262 312 1303 leg.
329 1260 579 1304 τρισσοκοὶρηνος)
589 1264 684 1292 etiam

109 1307 222 1338 Diana
243 1315 290 1338 est
306 1306 522 1351 τριπρόσωπος
545 1308 680 1348 triplex,

108 1352 278 1395 triformis,
295 1352 471 1397 τρίμορφος.
487 1355 572 1384 conf.
590 1354 683 1385 Cerd.

109 1407 141 1430 et
157 1401 264 1431 Urs-in.
287 1402 348 1431 Pro
372 1400 485 1430 Diana
502 1400 600 1442 virgo
623 1400 685 1430 tria

110 1456 169 1476 ora
191 1445 310 1476 habens
332 1446 459 1477 doctius
483 1448 591 1487 posuit
609 1447 684 1476 alte-

109 1503 182 1522 rum
198 1500 303 1533 poeta.
327 1493 427 1534 Quod
445 1500 551 1523 autem
572 1495 685 1524 Maura

111 1549 189 1569 anus
203 1540 333 1569 nomina
352 1540 487 1570 deorum
501 1550 599 1581 graeca
613 1550 686 1580 pro-

110 1586 251 1623 nuntiat,
271 1585 321 1623 id,
344 1587 508 1616 communi
527 1589 686 1617 Romano-

110 1643 184 1662 rum
205 1642 294 1662 more
315 1632 400 1673 apud
415 1639 523 1673 poetas
541 1640 572 1662 et
586 1633 686 1662 histo-

112 1680 195 1710 ricos
217 1685 396 1719 receptum,
421 1680 478 1718 qui
499 1686 554 1708 aut
575 1678 687 1708 barba-

112 1735 223 1755 rorum
236 1725 405 1766 religiones
418 1726 483 1754 suis
502 1724 687 1754 nominibus

112 1774 380 1812 interpretantur,
394 1777 450 1800 aut
461 1771 604 1800 barbaris
615 1781 688 1800 suas

114 1817 281 1859 religiones
302 1817 443 1847 tribuere
467 1817 584 1855 solent,
609 1818 688 1847 vitio

114 1864 196 1894 verti
213 1870 316 1904 poetae
330 1864 453 1904 nequit.
465 1861 591 1906 (Minus
606 1864 688 1894 bene

114 1912 317 1941 Burmannus
341 1921 408 1940 rem
432 1910 582 1951 expedire
599 1910 688 1940 vide-

116 1955 202 1998 tur.)
219 1974 264 1980 —-
284 1957 361 1987 510.
390 1958 452 1986 Ter
468 1964 612 1994 centum,
640 1957 688 1988 di-

85 2026 90 2031 ,
115 2005 225 2042 visim,
250 2010 288 2033 ut
310 2005 351 2033 sit
373 2010 421 2033 ter
442 2011 537 2034 tonat
559 2011 688 2034 centum

117 2049 211 2086 deos,
233 2050 378 2080 scribunt
392 2050 443 2080 alii
457 2050 552 2082 codd.
571 2058 602 2081 et
615 2051 688 2082 edd.

118 2095 203 2136 apud
232 2097 340 2128 Burm.
366 2098 472 2127 Sonat
494 2098 611 2128 Hamb.
640 2109 689 2138 pr.

119 2142 266 2173 Praeferas
277 2143 368 2174 facile
381 2144 545 2186 vulgatum
557 2145 593 2175 in
607 2151 692 2175 utro-

120 2199 182 2230 que
198 2189 283 2220 loco.
296 2192 378 2222 Sunt
390 2193 523 2222 trecenti
541 2192 597 2222 dii.

169 2236 233 2266 512
250 2254 296 2261 -—-
316 2237 393 2268 516.
424 2238 626 2276 Effundam,
657 2238 692 2268 in

732 627 847 657 rogum
866 626 906 645 an
930 617 964 645 in
989 624 1187 654 aras,.aqua,
1205 624 1276 653 quae
1292 625 1307 643 e

732 665 828 703 Styge
845 663 940 702 petita
960 672 1024 691 esse
1044 661 1144 690 videri
1161 659 1306 689 debebat.

735 709 928 743 Simulatos,
950 708 1078 748 proprie
1093 707 1125 736 h.
1142 706 1164 736 l,
1180 706 1221 735 cf.
1242 707 1307 742 111,

736 756 800 785 302
813 777 822 792 ,
851 755 933 793 349,
954 764 1035 793 quos
1055 752 1197 793 fingebat
1221 762 1308 782 aver-

734 801 826 831 nales
848 799 907 841 (ut
924 802 1034 829 Horat.
1055 798 1157 839 Epod.
1177 801 1218 835 V,
1243 798 1310 839 26)

734 854 766 877 et
789 858 829 877 ex
851 846 932 876 locis
954 846 1066 875 inferis
1092 846 1208 885 petitos
1234 855 1309 875 esse.

734 894 980 934 superstitiones
1022 893 1156 933 magicas
1197 890 1312 921 diserte

735 950 880 970 enarrare
903 938 984 969 nihil
1008 939 1137 975 attinet3
1163 937 1237 967 vide
1260 938 1313 967 vel

737 986 882 1016 Cerdam.
905 988 1011 1015 Inerat
1028 985 1066 1013 iis
1091 985 1180 1014 lusus
1199 984 1312 1024 aliquis

736 1042 752 1061 a
779 1031 985 1062 similitudine
1017 1041 1142 1067 rerum,
1169 1030 1312 1070 plerum-

737 1088 798 1118 que
827 1078 1012 1118 allegorice,
1042 1078 1158 1117 petitus
1182 1085 1190 1106 :
1214 1083 1251 1106 ut
1277 1077 1313 1105 in

735 1124 864 1165 ligando
875 1131 929 1153 aut
937 1122 1091 1153 solvendo
1104 1132 1221 1152 amore.
1232 1123 1315 1152 AEris

736 1172 885 1211 proprius
900 1170 935 1199 in
956 1180 990 1199 re
1009 1172 1128 1210 magica
1143 1178 1230 1199 usus.
1250 1170 1315 1198 Ae—

737 1228 832 1246 neam
841 1216 967 1257 falcem
987 1216 1027 1245 ab
1043 1214 1200 1256 Sophocle
1216 1214 1314 1244 habe-

737 1274 771 1293 re
791 1263 927 1304 virgil„
952 1262 1080 1292 volebat
1101 1261 1247 1292 Macrob.
1266 1262 1314 1298 V,

741 1319 800 1349 19,
816 1320 912 1349 quem
920 1308 987 1339 vid.
1000 1309 1159 1338 Pubentes
1175 1308 1205 1339 h.
1221 1306 1312 1348 χνῦοί·

738 1354 844 1391 ζουσαι
853 1355 885 1386 h.
897 1366 925 1385 e.
935 1355 1142 1395 lanuginosae.
1155 1354 1194 1385 cf.
1206 1356 1314 1384 Becm.

739 1401 778 1431 ad
790 1402 945 1443 Antigon.
964 1402 1087 1442 Caryst.
1104 1412 1136 1441 p.
1154 1402 1209 1432 66.
1221 1400 1319 1442 Nigri

737 1459 807 1478 cum
836 1448 920 1477 Iacce
951 1447 1091 1483 veneni,
1121 1448 1181 1477 int.
1207 1457 1317 1477 succos

719 1501 910 1525 evenenatos
939 1493 1113 1523 herbarum
1142 1493 1193 1523 vel
1225 1494 1317 1523 serni-

738 1551 828 1571 num.
843 1542 888 1570 Ec
899 1539 1061 1570 nascentis
1074 1539 1150 1580 equi
1159 1539 1318 1581 defi-onte

740 1588 877 1617 revolsus
889 1597 984 1616 amor
995 1597 1005 1616 .·
1023 1586 1242 1627 hippomanes.
1255 1587 1318 1616 No—

742 1640 771 1662 ta
790 1644 850 1663 res.
874 1644 906 1663 v.
929 1634 1063 1662 Aristot.
1088 1633 1152 1669 VI,
1172 1633 1255 1662 Hist.
1275 1634 1316 1662 A.

743 1689 802 1716 2⁴23
816 1680 914 1716 VIII,
927 1685 988 1716 243
1002 1679 1117 1708 AElian.
1139 1680 1220 1708 XIV
1235 1679 1320 1709 Hist.

741 1727 850 1756 Anim.
872 1725 924 1762 18,
944 1731 975 1754 et
990 1725 1082 1764 plura
1097 1734 1146 1764 ap.
1163 1723 1298 1755 Cerdam
1309 1749 1318 1763 ,

743 1772 783 1802 cf.
797 1782 869 1813 sup.
883 1777 960 1801 nota
975 1771 1014 1800 ad
1024 1771 1140 1812 Georg.
1157 1772 1223 1809 111,
1239 1771 1317 1801 280.

743 1818 803 1849 Sed
816 1818 856 1848 ad
872 1817 1097 1847 illustrandum
1111 1824 1238 1858 poetam
1256 1817 1320 1848 Pli-

742 1866 789 1894 nii
802 1865 891 1895 locus
910 1862 1029 1893 sufficit
1039 1865 1132 1901 VIII,
1151 1871 1240 1902 42,5.
1252 1864 1314 1894 66:

741 1913 789 1942 Ec
818 1922 896 1942 sane
928 1910 1018 1951 equis
1047 1911 1166 1941 amoris
1193 1910 1321 1941 innasci

740 1959 954 2002 veneficium,
975 1956 1187 1998 hippomanes
1207 1958 1318 1998 appel-

743 2004 843 2034 latum
854 2028 863 2041 ,
881 2003 1046 2047 infionce,
1065 2004 1182 2035 caricoe
1194 2005 1319 2047 magni-

744 2052 873 2087 tudine,
894 2050 999 2081 colore
1017 2050 1110 2093 nigro
1126 2062 1137 2080 :
1151 2051 1239 2093 quod
1252 2058 1317 2080 sca-

744 2098 801 2128 tim
834 2097 920 2128 edito
944 2105 1043 2138 partu
1069 2099 1202 2129 devorat
1219 2097 1296 2140 feta
1306 2122 1314 2133 ‚

745 2152 802 2175 aut
810 2152 942 2185 partum
958 2144 1006 2174 ad
1018 2144 1116 2176 ubera
1130 2156 1194 2176 non
1205 2145 1319 2175 admit-

745 2191 792 2222 tit.
820 2191 856 2221 Si
879 2191 949 2232 quis
965 2201 1160 2233 proereptum
1179 2192 1313 2227 habeat,

745 2238 866 2280 olfactu
890 2238 923 2268 in
940 2238 1060 2270 rabiem
1080 2240 1116 2270 id
1128 2250 1232 2282 genus
1250 2238 1318 2279 agi-
