<?xml version="1.0" encoding="UTF-8"?>
<!DOCTYPE html PUBLIC "-//W3C//DTD XHTML 1.0 Transitional//EN"
    "http://www.w3.org/TR/xhtml1/DTD/xhtml1-transitional.dtd">
<html xmlns="http://www.w3.org/1999/xhtml" xml:lang="en" lang="en">
 <head>
  <title>
</title>
<meta http-equiv="Content-Type" content="text/html;charset=utf-8" />
  <meta name='ocr-system' content='tesseract 3.04.00' />
  <meta name='ocr-capabilities' content='ocr_page ocr_carea ocr_par ocr_line ocrx_word'/>
</head>
<body>
  <div class='ocr_page' id='page_1' title='image "./operahey02virguoft_0187.png"; bbox 0 0 1402 2460; ppageno 0'>
   <div class='ocr_carea' id='block_1_1' title="bbox 545 106 733 137">
    <p class='ocr_par' dir='ltr' id='par_1_1' title="bbox 545 106 733 137">
     <span class='ocr_line' id='line_1_1' title="bbox 545 106 733 137; baseline -0.011 -1"><span class='ocrx_word' id='word_1_1' title='bbox 545 106 667 137; x_wconf 82' lang='lat' dir='ltr'>LIBER</span> <span class='ocrx_word' id='word_1_2' title='bbox 692 106 733 135; x_wconf 85' lang='lat'>11.</span> 
     </span>
    </p>
   </div>
   <div class='ocr_carea' id='block_1_2' title="bbox 44 161 989 274">
    <p class='ocr_par' dir='ltr' id='par_1_2' title="bbox 44 161 989 274">
     <span class='ocr_line' id='line_1_2' title="bbox 44 161 989 212; baseline -0.004 -10"><span class='ocrx_word' id='word_1_3' title='bbox 44 165 214 202; x_wconf 57' lang='lat' dir='ltr'>Vidimus</span> <span class='ocrx_word' id='word_1_4' title='bbox 233 163 400 209; x_wconf 78' lang='lat' dir='ltr'>excidia,</span> <span class='ocrx_word' id='word_1_5' title='bbox 420 172 456 199; x_wconf 79' lang='lat' dir='ltr'>ct</span> <span class='ocrx_word' id='word_1_6' title='bbox 474 170 593 212; x_wconf 85' lang='lat' dir='ltr'>captae</span> <span class='ocrx_word' id='word_1_7' title='bbox 608 161 871 212; x_wconf 79' lang='lat' dir='ltr'>superavimus</span> <span class='ocrx_word' id='word_1_8' title='bbox 891 161 989 198; x_wconf 83' lang='lat' dir='ltr'>urbi.</span> 
     </span>
     <span class='ocr_line' id='line_1_3' title="bbox 45 222 928 274; baseline -0.005 -12"><span class='ocrx_word' id='word_1_9' title='bbox 45 228 106 263; x_wconf 86' lang='lat' dir='ltr'>Sic</span> <span class='ocrx_word' id='word_1_10' title='bbox 126 238 167 271; x_wconf 86' lang='grc' dir='ltr'>ο,</span> <span class='ocrx_word' id='word_1_11' title='bbox 185 225 238 262; x_wconf 90' lang='lat' dir='ltr'>sic</span> <span class='ocrx_word' id='word_1_12' title='bbox 255 224 420 274; x_wconf 85' lang='lat' dir='ltr'>positum</span> <span class='ocrx_word' id='word_1_13' title='bbox 442 223 557 259; x_wconf 85' lang='lat' dir='ltr'>adfati</span> <span class='ocrx_word' id='word_1_14' title='bbox 577 222 760 260; x_wconf 81' lang='lat' dir='ltr'>discedite</span> <span class='ocrx_word' id='word_1_15' title='bbox 778 235 928 272; x_wconf 76' lang='lat' dir='ltr'>corpus.</span> 
     </span>
    </p>
   </div>
   <div class='ocr_carea' id='block_1_3' title="bbox 44 283 1077 336">
    <p class='ocr_par' dir='ltr' id='par_1_3' title="bbox 44 283 1077 336">
     <span class='ocr_line' id='line_1_4' title="bbox 44 283 1077 336; baseline -0.001 -14"><span class='ocrx_word' id='word_1_16' title='bbox 44 290 130 336; x_wconf 86' lang='lat' dir='ltr'>Ipse</span> <span class='ocrx_word' id='word_1_17' title='bbox 144 298 258 322; x_wconf 81' lang='lat' dir='ltr'>manu</span> <span class='ocrx_word' id='word_1_18' title='bbox 274 294 434 322; x_wconf 84' lang='lat' dir='ltr'>mortem</span> <span class='ocrx_word' id='word_1_19' title='bbox 451 285 653 322; x_wconf 84' lang='lat' dir='ltr'>inveniam.</span> <span class='ocrx_word' id='word_1_20' title='bbox 674 283 922 320; x_wconf 82' lang='lat' dir='ltr'>Miserebitur</span> <span class='ocrx_word' id='word_1_21' title='bbox 939 283 1057 322; x_wconf 88' lang='lat' dir='ltr'>hostis</span> <span class='ocrx_word' id='word_1_22' title='bbox 1068 312 1077 330; x_wconf 91' lang='lat'>‚</span> 
     </span>
    </p>
   </div>
   <div class='ocr_carea' id='block_1_4' title="bbox 1195 295 1243 322">
    <p class='ocr_par' dir='ltr' id='par_1_4' title="bbox 1195 295 1243 322">
     <span class='ocr_line' id='line_1_5' title="bbox 1195 295 1243 322; baseline 0 -4"><span class='ocrx_word' id='word_1_23' title='bbox 1195 295 1243 322; x_wconf 65' lang='lat'>0225</span> 
     </span>
    </p>
   </div>
   <div class='ocr_carea' id='block_1_5' title="bbox 44 345 1247 637">
    <p class='ocr_par' dir='ltr' id='par_1_5' title="bbox 44 345 1247 637">
     <span class='ocr_line' id='line_1_6' title="bbox 44 345 921 395; baseline -0.001 -13"><span class='ocrx_word' id='word_1_24' title='bbox 44 346 285 395; x_wconf 75' lang='lat' dir='ltr'>Exuviasque</span> <span class='ocrx_word' id='word_1_25' title='bbox 301 354 414 395; x_wconf 87' lang='lat' dir='ltr'>petet.</span> <span class='ocrx_word' id='word_1_26' title='bbox 431 346 566 383; x_wconf 88' lang='lat' dir='ltr'>Facilis</span> <span class='ocrx_word' id='word_1_27' title='bbox 578 345 729 395; x_wconf 80' lang='lat' dir='ltr'>jactura</span> <span class='ocrx_word' id='word_1_28' title='bbox 745 345 921 395; x_wconf 77' lang='lat' dir='ltr'><strong>sepulcri.</strong></span> 
     </span>
     <span class='ocr_line' id='line_1_7' title="bbox 44 405 961 456; baseline -0.001 -12"><span class='ocrx_word' id='word_1_29' title='bbox 44 410 127 444; x_wconf 86' lang='lat' dir='ltr'>Jam</span> <span class='ocrx_word' id='word_1_30' title='bbox 145 406 292 456; x_wconf 79' lang='lat' dir='ltr'>pridem</span> <span class='ocrx_word' id='word_1_31' title='bbox 311 406 455 443; x_wconf 84' lang='lat' dir='ltr'>invisus</span> <span class='ocrx_word' id='word_1_32' title='bbox 474 405 591 452; x_wconf 90' lang='lat' dir='ltr'>divis,</span> <span class='ocrx_word' id='word_1_33' title='bbox 609 415 646 442; x_wconf 85' lang='lat' dir='ltr'>et</span> <span class='ocrx_word' id='word_1_34' title='bbox 665 405 827 451; x_wconf 88' lang='lat' dir='ltr'>inutilis,</span> <span class='ocrx_word' id='word_1_35' title='bbox 845 418 961 443; x_wconf 87' lang='lat' dir='ltr'>annos</span> 
     </span>
     <span class='ocr_line' id='line_1_8' title="bbox 45 466 1184 516; baseline 0.001 -13"><span class='ocrx_word' id='word_1_36' title='bbox 45 469 232 504; x_wconf 83' lang='lat' dir='ltr'>Demoror</span> <span class='ocrx_word' id='word_1_37' title='bbox 244 495 254 513; x_wconf 86' lang='lat'><strong><em>,</em></strong></span> <span class='ocrx_word' id='word_1_38' title='bbox 271 480 318 503; x_wconf 83' lang='lat' dir='ltr'>ex</span> <span class='ocrx_word' id='word_1_39' title='bbox 334 479 411 516; x_wconf 89' lang='lat' dir='ltr'>quo</span> <span class='ocrx_word' id='word_1_40' title='bbox 427 479 486 503; x_wconf 90' lang='lat' dir='ltr'>me</span> <span class='ocrx_word' id='word_1_41' title='bbox 504 466 634 503; x_wconf 85' lang='lat' dir='ltr'>divum</span> <span class='ocrx_word' id='word_1_42' title='bbox 650 474 758 516; x_wconf 84' lang='lat' dir='ltr'>pater</span> <span class='ocrx_word' id='word_1_43' title='bbox 774 475 888 516; x_wconf 87' lang='lat' dir='ltr'>atque</span> <span class='ocrx_word' id='word_1_44' title='bbox 905 466 1102 504; x_wconf 84' lang='lat' dir='ltr'>hominum</span> <span class='ocrx_word' id='word_1_45' title='bbox 1119 481 1184 504; x_wconf 83' lang='lat' dir='ltr'>rex</span> 
     </span>
     <span class='ocr_line' id='line_1_9' title="bbox 45 527 936 577; baseline 0 -13"><span class='ocrx_word' id='word_1_46' title='bbox 45 528 227 565; x_wconf 85' lang='lat' dir='ltr'>Fulminis</span> <span class='ocrx_word' id='word_1_47' title='bbox 248 527 402 565; x_wconf 83' lang='lat' dir='ltr'>adflavit</span> <span class='ocrx_word' id='word_1_48' title='bbox 417 528 559 573; x_wconf 69' lang='lat' dir='ltr'>ventis,</span> <span class='ocrx_word' id='word_1_49' title='bbox 577 535 614 564; x_wconf 88' lang='lat' dir='ltr'>et</span> <span class='ocrx_word' id='word_1_50' title='bbox 633 527 792 577; x_wconf 80' lang='lat' dir='ltr'>contigit</span> <span class='ocrx_word' id='word_1_51' title='bbox 812 527 901 577; x_wconf 82' lang='lat' dir='ltr'>igni.</span> <span class='ocrx_word' id='word_1_52' title='bbox 921 544 936 559; x_wconf 87' lang='lat'>»</span> 
     </span>
     <span class='ocr_line' id='line_1_10' title="bbox 96 587 1247 637; baseline -0.003 -13"><span class='ocrx_word' id='word_1_53' title='bbox 96 588 202 624; x_wconf 84' lang='lat' dir='ltr'>Talia</span> <span class='ocrx_word' id='word_1_54' title='bbox 219 587 415 637; x_wconf 80' lang='lat' dir='ltr'>perstabat</span> <span class='ocrx_word' id='word_1_55' title='bbox 435 600 666 632; x_wconf 79' lang='lat' dir='ltr'>memorans,</span> <span class='ocrx_word' id='word_1_56' title='bbox 685 587 858 636; x_wconf 78' lang='lat' dir='ltr'>fixusque</span> <span class='ocrx_word' id='word_1_57' title='bbox 874 587 1063 625; x_wconf 80' lang='lat' dir='ltr'>manebat.</span> <span class='ocrx_word' id='word_1_58' title='bbox 1199 597 1247 622; x_wconf 58' lang='lat'>050</span> 
     </span>
    </p>
   </div>
   <div class='ocr_carea' id='block_1_6' title="bbox 0 714 630 2278">
    <p class='ocr_par' dir='ltr' id='par_1_6' title="bbox 45 714 619 985">
     <span class='ocr_line' id='line_1_11' title="bbox 46 714 618 754; baseline 0 -11"><span class='ocrx_word' id='word_1_59' title='bbox 46 714 100 744; x_wconf 81' lang='lat' dir='ltr'>dia</span> <span class='ocrx_word' id='word_1_60' title='bbox 114 714 255 744; x_wconf 72' lang='lat' dir='ltr'>vidimus</span> <span class='ocrx_word' id='word_1_61' title='bbox 265 737 273 750; x_wconf 93' lang='lat'>‚</span> <span class='ocrx_word' id='word_1_62' title='bbox 293 715 449 754; x_wconf 83' lang='lat' dir='ltr'>exquisite</span> <span class='ocrx_word' id='word_1_63' title='bbox 461 725 468 750; x_wconf 87' lang='lat'>;</span> <span class='ocrx_word' id='word_1_64' title='bbox 483 715 556 743; x_wconf 86' lang='lat' dir='ltr'>satis</span> <span class='ocrx_word' id='word_1_65' title='bbox 568 724 618 743; x_wconf 88' lang='lat' dir='ltr'>su-</span> 
     </span>
     <span class='ocr_line' id='line_1_12' title="bbox 45 760 618 801; baseline -0.002 -11"><span class='ocrx_word' id='word_1_66' title='bbox 45 771 164 801; x_wconf 82' lang='lat' dir='ltr'>perque</span> <span class='ocrx_word' id='word_1_67' title='bbox 180 768 243 797; x_wconf 88' lang='lat' dir='ltr'>est,</span> <span class='ocrx_word' id='word_1_68' title='bbox 266 760 354 800; x_wconf 88' lang='lat' dir='ltr'>quod</span> <span class='ocrx_word' id='word_1_69' title='bbox 374 760 470 789; x_wconf 88' lang='lat' dir='ltr'>semel</span> <span class='ocrx_word' id='word_1_70' title='bbox 491 760 618 797; x_wconf 82' lang='lat' dir='ltr'>Trojam</span> 
     </span>
     <span class='ocr_line' id='line_1_13' title="bbox 45 805 619 847; baseline -0.003 -11"><span class='ocrx_word' id='word_1_71' title='bbox 45 807 107 847; x_wconf 89' lang='lat' dir='ltr'>(ab</span> <span class='ocrx_word' id='word_1_72' title='bbox 123 807 260 836; x_wconf 85' lang='lat' dir='ltr'>Hercule</span> <span class='ocrx_word' id='word_1_73' title='bbox 276 812 407 846; x_wconf 87' lang='lat' dir='ltr'>propter</span> <span class='ocrx_word' id='word_1_74' title='bbox 426 805 619 836; x_wconf 87' lang='lat' dir='ltr'>Laomedon-</span> 
     </span>
     <span class='ocr_line' id='line_1_14' title="bbox 46 851 618 893; baseline -0.002 -12"><span class='ocrx_word' id='word_1_75' title='bbox 46 854 84 881; x_wconf 85' lang='lat' dir='ltr'>tis</span> <span class='ocrx_word' id='word_1_76' title='bbox 105 851 295 893; x_wconf 80' lang='lat' dir='ltr'>perfidiam)</span> <span class='ocrx_word' id='word_1_77' title='bbox 317 859 528 893; x_wconf 78' lang='lat' dir='ltr'>expugnatam</span> <span class='ocrx_word' id='word_1_78' title='bbox 553 851 618 881; x_wconf 72' lang='lat' dir='ltr'>vidi</span> 
     </span>
     <span class='ocr_line' id='line_1_15' title="bbox 45 897 618 938; baseline 0 -11"><span class='ocrx_word' id='word_1_79' title='bbox 45 905 76 927; x_wconf 86' lang='lat' dir='ltr'>et</span> <span class='ocrx_word' id='word_1_80' title='bbox 97 898 170 928; x_wconf 83' lang='lat' dir='ltr'>urbi</span> <span class='ocrx_word' id='word_1_81' title='bbox 187 905 285 938; x_wconf 82' lang='lat' dir='ltr'>captae</span> <span class='ocrx_word' id='word_1_82' title='bbox 302 899 485 938; x_wconf 76' lang='lat' dir='ltr'>supervixi,</span> <span class='ocrx_word' id='word_1_83' title='bbox 507 908 547 927; x_wconf 88' lang='lat' dir='ltr'>ne</span> <span class='ocrx_word' id='word_1_84' title='bbox 570 897 618 927; x_wconf 85' lang='lat' dir='ltr'>bis</span> 
     </span>
     <span class='ocr_line' id='line_1_16' title="bbox 45 943 308 985; baseline 0.004 -12"><span class='ocrx_word' id='word_1_85' title='bbox 45 943 128 973; x_wconf 84' lang='lat' dir='ltr'>idem</span> <span class='ocrx_word' id='word_1_86' title='bbox 155 946 308 985; x_wconf 83' lang='lat' dir='ltr'>experiar.</span> 
     </span>
    </p>

    <p class='ocr_par' dir='ltr' id='par_1_7' title="bbox 0 990 622 1676">
     <span class='ocr_line' id='line_1_17' title="bbox 92 990 619 1026; baseline -0.004 -5"><span class='ocrx_word' id='word_1_87' title='bbox 92 991 170 1026; x_wconf 72' lang='grc'>644.</span> <span class='ocrx_word' id='word_1_88' title='bbox 198 990 355 1021; x_wconf 77' lang='lat' dir='ltr'>Abfuerat</span> <span class='ocrx_word' id='word_1_89' title='bbox 383 990 421 1019; x_wconf 83' lang='lat' dir='ltr'>ab</span> <span class='ocrx_word' id='word_1_90' title='bbox 444 990 538 1019; x_wconf 85' lang='lat' dir='ltr'>initio</span> <span class='ocrx_word' id='word_1_91' title='bbox 566 990 619 1019; x_wconf 91' lang='lat' dir='ltr'>hic</span> 
     </span>
     <span class='ocr_line' id='line_1_18' title="bbox 45 1035 619 1076; baseline -0.002 -10"><span class='ocrx_word' id='word_1_92' title='bbox 45 1047 153 1066; x_wconf 74' lang='lat' dir='ltr'>versus</span> <span class='ocrx_word' id='word_1_93' title='bbox 178 1047 195 1066; x_wconf 87' lang='lat' dir='ltr'>a</span> <span class='ocrx_word' id='word_1_94' title='bbox 219 1036 379 1066; x_wconf 79' lang='lat' dir='ltr'>Mediceo.</span> <span class='ocrx_word' id='word_1_95' title='bbox 412 1035 546 1066; x_wconf 83' lang='lat' dir='ltr'>Dimitte</span> <span class='ocrx_word' id='word_1_96' title='bbox 570 1047 619 1076; x_wconf 85' lang='lat' dir='ltr'>pr.</span> 
     </span>
     <span class='ocr_line' id='line_1_19' title="bbox 46 1082 618 1122; baseline -0.003 -10"><span class='ocrx_word' id='word_1_97' title='bbox 46 1083 162 1113; x_wconf 84' lang='lat' dir='ltr'>Hamb.</span> <span class='ocrx_word' id='word_1_98' title='bbox 184 1100 231 1106; x_wconf 89' lang='lat'>-—-</span> <span class='ocrx_word' id='word_1_99' title='bbox 252 1082 304 1112; x_wconf 89' lang='lat' dir='ltr'>Sic</span> <span class='ocrx_word' id='word_1_100' title='bbox 322 1082 464 1122; x_wconf 86' lang='lat' dir='ltr'>positum</span> <span class='ocrx_word' id='word_1_101' title='bbox 485 1093 597 1121; x_wconf 83' lang='lat' dir='ltr'>corpus</span> <span class='ocrx_word' id='word_1_102' title='bbox 610 1105 618 1118; x_wconf 89' lang='lat'><strong>‚</strong></span> 
     </span>
     <span class='ocr_line' id='line_1_20' title="bbox 45 1126 620 1171; baseline -0.002 -13"><span class='ocrx_word' id='word_1_103' title='bbox 45 1140 106 1169; x_wconf 91' lang='lat' dir='ltr'>pro</span> <span class='ocrx_word' id='word_1_104' title='bbox 122 1140 171 1158; x_wconf 88' lang='lat' dir='ltr'>me</span> <span class='ocrx_word' id='word_1_105' title='bbox 183 1152 192 1166; x_wconf 94' lang='lat'>‚</span> <span class='ocrx_word' id='word_1_106' title='bbox 214 1126 350 1171; x_wconf 66' lang='grc' dir='ltr'>κείμενον</span> <span class='ocrx_word' id='word_1_107' title='bbox 363 1151 371 1164; x_wconf 89' lang='grc'><em>,</em></span> <span class='ocrx_word' id='word_1_108' title='bbox 392 1129 483 1169; x_wconf 86' lang='lat' dir='ltr'>quasi</span> <span class='ocrx_word' id='word_1_109' title='bbox 493 1129 557 1166; x_wconf 88' lang='lat' dir='ltr'>jam</span> <span class='ocrx_word' id='word_1_110' title='bbox 571 1128 620 1157; x_wconf 88' lang='lat' dir='ltr'>fu-</span> 
     </span>
     <span class='ocr_line' id='line_1_21' title="bbox 46 1174 620 1214; baseline -0.003 -9"><span class='ocrx_word' id='word_1_111' title='bbox 46 1185 127 1212; x_wconf 87' lang='lat' dir='ltr'>nus,</span> <span class='ocrx_word' id='word_1_112' title='bbox 151 1176 216 1205; x_wconf 87' lang='lat' dir='ltr'>sive</span> <span class='ocrx_word' id='word_1_113' title='bbox 237 1177 301 1214; x_wconf 84' lang='lat' dir='ltr'>jam</span> <span class='ocrx_word' id='word_1_114' title='bbox 321 1174 517 1204; x_wconf 87' lang='lat' dir='ltr'>efferendum</span> <span class='ocrx_word' id='word_1_115' title='bbox 529 1197 537 1210; x_wconf 85' lang='lat'>‚</span> <span class='ocrx_word' id='word_1_116' title='bbox 554 1175 620 1203; x_wconf 84' lang='lat' dir='ltr'>sive</span> 
     </span>
     <span class='ocr_line' id='line_1_22' title="bbox 45 1221 618 1262; baseline -0.002 -12"><span class='ocrx_word' id='word_1_117' title='bbox 45 1222 109 1259; x_wconf 89' lang='lat' dir='ltr'>jam</span> <span class='ocrx_word' id='word_1_118' title='bbox 123 1221 284 1262; x_wconf 88' lang='lat' dir='ltr'>sepultum</span> <span class='ocrx_word' id='word_1_119' title='bbox 296 1244 304 1258; x_wconf 96' lang='lat'>‚</span> <span class='ocrx_word' id='word_1_120' title='bbox 323 1221 369 1250; x_wconf 83' lang='lat' dir='ltr'>sic</span> <span class='ocrx_word' id='word_1_121' title='bbox 379 1244 386 1256; x_wconf 88' lang='lat'><strong>,</strong></span> <span class='ocrx_word' id='word_1_122' title='bbox 415 1227 451 1250; x_wconf 89' lang='lat' dir='ltr'>ut</span> <span class='ocrx_word' id='word_1_123' title='bbox 463 1231 532 1250; x_wconf 89' lang='lat' dir='ltr'>sum</span> <span class='ocrx_word' id='word_1_124' title='bbox 544 1244 552 1257; x_wconf 76' lang='lat'>‚</span> <span class='ocrx_word' id='word_1_125' title='bbox 568 1231 618 1249; x_wconf 85' lang='lat' dir='ltr'>me</span> 
     </span>
     <span class='ocr_line' id='line_1_23' title="bbox 0 1263 618 1307; baseline -0.002 -11"><span class='ocrx_word' id='word_1_126' title='bbox 0 1263 1 1275; x_wconf 59' lang='lat'>³</span> <span class='ocrx_word' id='word_1_127' title='bbox 47 1266 156 1307; x_wconf 85' lang='lat' dir='ltr'>adfati</span> <span class='ocrx_word' id='word_1_128' title='bbox 168 1274 345 1297; x_wconf 81' lang='lat' dir='ltr'>extremum</span> <span class='ocrx_word' id='word_1_129' title='bbox 364 1266 446 1296; x_wconf 82' lang='lat' dir='ltr'>fflud</span> <span class='ocrx_word' id='word_1_130' title='bbox 458 1267 536 1296; x_wconf 79' lang='lat' dir='ltr'>Vale</span> <span class='ocrx_word' id='word_1_131' title='bbox 548 1268 554 1296; x_wconf 86' lang='lat'>!</span> <span class='ocrx_word' id='word_1_132' title='bbox 568 1277 618 1295; x_wconf 72' lang='lat' dir='ltr'>va-</span> 
     </span>
     <span class='ocr_line' id='line_1_24' title="bbox 44 1311 619 1353; baseline -0.002 -11"><span class='ocrx_word' id='word_1_133' title='bbox 44 1313 92 1342; x_wconf 87' lang='lat' dir='ltr'>le!</span> <span class='ocrx_word' id='word_1_134' title='bbox 110 1323 186 1353; x_wconf 90' lang='lat' dir='ltr'>pro,</span> <span class='ocrx_word' id='word_1_135' title='bbox 206 1314 298 1343; x_wconf 83' lang='lat' dir='ltr'>sinite</span> <span class='ocrx_word' id='word_1_136' title='bbox 314 1323 381 1350; x_wconf 89' lang='lat' dir='ltr'>me,</span> <span class='ocrx_word' id='word_1_137' title='bbox 402 1319 439 1341; x_wconf 91' lang='lat' dir='ltr'>ut</span> <span class='ocrx_word' id='word_1_138' title='bbox 456 1323 526 1341; x_wconf 91' lang='lat' dir='ltr'>sum</span> <span class='ocrx_word' id='word_1_139' title='bbox 537 1336 545 1349; x_wconf 87' lang='lat'><strong>‚</strong></span> <span class='ocrx_word' id='word_1_140' title='bbox 558 1311 619 1341; x_wconf 81' lang='lat' dir='ltr'>dis·</span> 
     </span>
     <span class='ocr_line' id='line_1_25' title="bbox 49 1358 620 1399; baseline -0.002 -10"><span class='ocrx_word' id='word_1_141' title='bbox 49 1358 161 1389; x_wconf 87' lang='lat' dir='ltr'>cedite.</span> <span class='ocrx_word' id='word_1_142' title='bbox 176 1361 260 1389; x_wconf 90' lang='lat' dir='ltr'>Bene</span> <span class='ocrx_word' id='word_1_143' title='bbox 276 1361 432 1399; x_wconf 88' lang='lat' dir='ltr'>Pompon.</span> <span class='ocrx_word' id='word_1_144' title='bbox 448 1358 520 1389; x_wconf 86' lang='lat' dir='ltr'>Sab.</span> <span class='ocrx_word' id='word_1_145' title='bbox 538 1368 620 1399; x_wconf 75' lang='lat' dir='ltr'>prce-</span> 
     </span>
     <span class='ocr_line' id='line_1_26' title="bbox 46 1404 622 1447; baseline 0 -13"><span class='ocrx_word' id='word_1_146' title='bbox 46 1412 127 1435; x_wconf 78' lang='lat' dir='ltr'>seate</span> <span class='ocrx_word' id='word_1_147' title='bbox 137 1404 218 1434; x_wconf 88' lang='lat' dir='ltr'>milzi</span> <span class='ocrx_word' id='word_1_148' title='bbox 217 1405 356 1446; x_wconf 84' lang='lat' dir='ltr'>funebre</span> <span class='ocrx_word' id='word_1_149' title='bbox 367 1404 515 1447; x_wconf 85' lang='lat' dir='ltr'>officium,</span> <span class='ocrx_word' id='word_1_150' title='bbox 529 1413 561 1434; x_wconf 82' lang='lat' dir='ltr'>et</span> <span class='ocrx_word' id='word_1_151' title='bbox 568 1404 622 1434; x_wconf 78' lang='lat' dir='ltr'>ubi</span> 
     </span>
     <span class='ocr_line' id='line_1_27' title="bbox 49 1451 620 1492; baseline 0 -11"><span class='ocrx_word' id='word_1_152' title='bbox 49 1451 144 1492; x_wconf 76' lang='lat' dir='ltr'>effati</span> <span class='ocrx_word' id='word_1_153' title='bbox 151 1451 224 1481; x_wconf 84' lang='lat' dir='ltr'>escis</span> <span class='ocrx_word' id='word_1_154' title='bbox 245 1451 358 1481; x_wconf 86' lang='lat' dir='ltr'>ultima</span> <span class='ocrx_word' id='word_1_155' title='bbox 368 1451 426 1481; x_wconf 84' lang='lat' dir='ltr'>illa</span> <span class='ocrx_word' id='word_1_156' title='bbox 438 1451 539 1480; x_wconf 81' lang='lat' dir='ltr'>verba</span> <span class='ocrx_word' id='word_1_157' title='bbox 549 1462 620 1492; x_wconf 82' lang='lat' dir='ltr'>quoe</span> 
     </span>
     <span class='ocr_line' id='line_1_28' title="bbox 49 1496 617 1533; baseline -0.002 -6"><span class='ocrx_word' id='word_1_158' title='bbox 49 1497 114 1527; x_wconf 82' lang='lat' dir='ltr'><em>dici</em></span> <span class='ocrx_word' id='word_1_159' title='bbox 124 1498 231 1527; x_wconf 84' lang='lat' dir='ltr'>solent</span> <span class='ocrx_word' id='word_1_160' title='bbox 241 1497 372 1527; x_wconf 81' lang='lat' dir='ltr'>mortuis</span> <span class='ocrx_word' id='word_1_161' title='bbox 381 1520 390 1533; x_wconf 88' lang='lat'>‚</span> <span class='ocrx_word' id='word_1_162' title='bbox 407 1496 568 1528; x_wconf 80' lang='lat' dir='ltr'>discedite.</span> <span class='ocrx_word' id='word_1_163' title='bbox 579 1497 617 1527; x_wconf 91' lang='lat' dir='ltr'>cf.</span> 
     </span>
     <span class='ocr_line' id='line_1_29' title="bbox 48 1543 620 1585; baseline 0 -12"><span class='ocrx_word' id='word_1_164' title='bbox 48 1543 86 1573; x_wconf 83' lang='lat' dir='ltr'>ad</span> <span class='ocrx_word' id='word_1_165' title='bbox 100 1544 219 1574; x_wconf 84' lang='lat' dir='ltr'>Tibull.</span> <span class='ocrx_word' id='word_1_166' title='bbox 236 1545 304 1580; x_wconf 88' lang='grc' dir='ltr'>ΙΙΙ,</span> <span class='ocrx_word' id='word_1_167' title='bbox 326 1555 344 1573; x_wconf 85' lang='lat'><strong>2</strong></span> <span class='ocrx_word' id='word_1_168' title='bbox 355 1566 364 1579; x_wconf 94' lang='lat'><strong><em>,</em></strong></span> <span class='ocrx_word' id='word_1_169' title='bbox 391 1544 429 1573; x_wconf 81' lang='lat'>15</span> <span class='ocrx_word' id='word_1_170' title='bbox 442 1553 450 1574; x_wconf 88' lang='lat'>:</span> <span class='ocrx_word' id='word_1_171' title='bbox 468 1543 620 1585; x_wconf 82' lang='lat' dir='ltr'>Praesatae</span> 
     </span>
     <span class='ocr_line' id='line_1_30' title="bbox 49 1589 620 1631; baseline 0.002 -13"><span class='ocrx_word' id='word_1_172' title='bbox 49 1598 126 1619; x_wconf 85' lang='lat' dir='ltr'>ante</span> <span class='ocrx_word' id='word_1_173' title='bbox 145 1600 231 1620; x_wconf 85' lang='lat' dir='ltr'>meos</span> <span class='ocrx_word' id='word_1_174' title='bbox 254 1591 390 1628; x_wconf 65' lang='lat' dir='ltr'>Blanes,</span> <span class='ocrx_word' id='word_1_175' title='bbox 411 1589 620 1631; x_wconf 79' lang='lat' dir='ltr'>animamque</span> 
     </span>
     <span class='ocr_line' id='line_1_31' title="bbox 45 1643 201 1676; baseline 0.013 -12"><span class='ocrx_word' id='word_1_176' title='bbox 45 1643 201 1676; x_wconf 72' lang='lat' dir='ltr'>precata?-</span> 
     </span>
    </p>

    <p class='ocr_par' dir='ltr' id='par_1_8' title="bbox 51 1683 630 2278">
     <span class='ocr_line' id='line_1_32' title="bbox 98 1683 622 1720; baseline 0.002 -9"><span class='ocrx_word' id='word_1_177' title='bbox 98 1683 174 1717; x_wconf 71' lang='lat'>645.</span> <span class='ocrx_word' id='word_1_178' title='bbox 186 1684 288 1712; x_wconf 86' lang='lat' dir='ltr'>Manu</span> <span class='ocrx_word' id='word_1_179' title='bbox 300 1693 367 1713; x_wconf 90' lang='lat' dir='ltr'>non</span> <span class='ocrx_word' id='word_1_180' title='bbox 376 1706 384 1720; x_wconf 91' lang='lat'>‚</span> <span class='ocrx_word' id='word_1_181' title='bbox 398 1694 466 1713; x_wconf 85' lang='lat' dir='ltr'>mea</span> <span class='ocrx_word' id='word_1_182' title='bbox 477 1705 485 1720; x_wconf 91' lang='lat'>‚</span> <span class='ocrx_word' id='word_1_183' title='bbox 502 1690 539 1713; x_wconf 91' lang='lat' dir='ltr'>ut</span> <span class='ocrx_word' id='word_1_184' title='bbox 551 1685 622 1714; x_wconf 79' lang='lat' dir='ltr'>Cer-</span> 
     </span>
     <span class='ocr_line' id='line_1_33' title="bbox 51 1728 622 1768; baseline 0.002 -11"><span class='ocrx_word' id='word_1_185' title='bbox 51 1728 89 1758; x_wconf 91' lang='lat' dir='ltr'>da</span> <span class='ocrx_word' id='word_1_186' title='bbox 106 1734 177 1768; x_wconf 88' lang='lat' dir='ltr'>post</span> <span class='ocrx_word' id='word_1_187' title='bbox 195 1728 378 1765; x_wconf 86' lang='lat' dir='ltr'>Guellium,</span> <span class='ocrx_word' id='word_1_188' title='bbox 399 1740 473 1759; x_wconf 90' lang='lat' dir='ltr'>cum</span> <span class='ocrx_word' id='word_1_189' title='bbox 486 1729 622 1759; x_wconf 76' lang='lat' dir='ltr'>imbellis</span> 
     </span>
     <span class='ocr_line' id='line_1_34' title="bbox 53 1774 623 1811; baseline 0 -7"><span class='ocrx_word' id='word_1_190' title='bbox 53 1785 150 1804; x_wconf 76' lang='lat' dir='ltr'>senex</span> <span class='ocrx_word' id='word_1_191' title='bbox 173 1775 227 1811; x_wconf 84' lang='lat' dir='ltr'>sit,</span> <span class='ocrx_word' id='word_1_192' title='bbox 261 1774 317 1804; x_wconf 84' lang='lat' dir='ltr'>sed</span> <span class='ocrx_word' id='word_1_193' title='bbox 338 1774 457 1811; x_wconf 87' lang='lat' dir='ltr'>hostis,</span> <span class='ocrx_word' id='word_1_194' title='bbox 483 1782 521 1804; x_wconf 88' lang='lat' dir='ltr'>ut</span> <span class='ocrx_word' id='word_1_195' title='bbox 542 1775 623 1804; x_wconf 89' lang='lat' dir='ltr'>bene</span> 
     </span>
     <span class='ocr_line' id='line_1_35' title="bbox 51 1819 626 1861; baseline -0.002 -11"><span class='ocrx_word' id='word_1_196' title='bbox 51 1821 212 1851; x_wconf 80' lang='lat' dir='ltr'>Burm.ex</span> <span class='ocrx_word' id='word_1_197' title='bbox 235 1831 323 1861; x_wconf 87' lang='lat' dir='ltr'>sequ.</span> <span class='ocrx_word' id='word_1_198' title='bbox 340 1820 536 1850; x_wconf 79' lang='lat' dir='ltr'>miserebitur</span> <span class='ocrx_word' id='word_1_199' title='bbox 560 1819 626 1850; x_wconf 71' lang='grc' dir='ltr'><em>ἧος-</em></span> 
     </span>
     <span class='ocr_line' id='line_1_36' title="bbox 53 1867 626 1903; baseline 0 -7"><span class='ocrx_word' id='word_1_200' title='bbox 53 1867 106 1903; x_wconf 86' lang='lat' dir='ltr'>tis,</span> <span class='ocrx_word' id='word_1_201' title='bbox 123 1873 159 1896; x_wconf 90' lang='lat' dir='ltr'>ut</span> <span class='ocrx_word' id='word_1_202' title='bbox 173 1867 226 1898; x_wconf 89' lang='lat' dir='ltr'>vel</span> <span class='ocrx_word' id='word_1_203' title='bbox 238 1868 439 1897; x_wconf 86' lang='lat' dir='ltr'>miseratione</span> <span class='ocrx_word' id='word_1_204' title='bbox 452 1874 557 1896; x_wconf 85' lang='lat' dir='ltr'>motus</span> <span class='ocrx_word' id='word_1_205' title='bbox 575 1877 626 1896; x_wconf 88' lang='lat' dir='ltr'>me</span> 
     </span>
     <span class='ocr_line' id='line_1_37' title="bbox 53 1912 625 1953; baseline 0 -11"><span class='ocrx_word' id='word_1_206' title='bbox 53 1912 297 1953; x_wconf 83' lang='lat' dir='ltr'>supplicantem,</span> <span class='ocrx_word' id='word_1_207' title='bbox 310 1920 347 1942; x_wconf 90' lang='lat' dir='ltr'>ut</span> <span class='ocrx_word' id='word_1_208' title='bbox 361 1915 424 1943; x_wconf 82' lang='lat' dir='ltr'>vita</span> <span class='ocrx_word' id='word_1_209' title='bbox 437 1913 550 1943; x_wconf 88' lang='lat' dir='ltr'>liberet</span> <span class='ocrx_word' id='word_1_210' title='bbox 563 1923 625 1949; x_wconf 88' lang='lat' dir='ltr'>me,</span> 
     </span>
     <span class='ocr_line' id='line_1_38' title="bbox 54 1958 626 2000; baseline 0.002 -12"><span class='ocrx_word' id='word_1_211' title='bbox 54 1958 196 1996; x_wconf 83' lang='lat' dir='ltr'>occidat;</span> <span class='ocrx_word' id='word_1_212' title='bbox 228 1959 280 1989; x_wconf 81' lang='lat' dir='ltr'>vel</span> <span class='ocrx_word' id='word_1_213' title='bbox 303 1959 436 1989; x_wconf 74' lang='lat' dir='ltr'>exuvias</span> <span class='ocrx_word' id='word_1_214' title='bbox 451 1967 559 2000; x_wconf 79' lang='lat' dir='ltr'>petet,</span> <span class='ocrx_word' id='word_1_215' title='bbox 595 1966 626 1989; x_wconf 88' lang='lat' dir='ltr'>et</span> 
     </span>
     <span class='ocr_line' id='line_1_39' title="bbox 55 2005 626 2046; baseline -0.002 -11"><span class='ocrx_word' id='word_1_216' title='bbox 55 2005 179 2036; x_wconf 88' lang='lat' dir='ltr'>occidet</span> <span class='ocrx_word' id='word_1_217' title='bbox 194 2016 244 2035; x_wconf 89' lang='lat' dir='ltr'>me</span> <span class='ocrx_word' id='word_1_218' title='bbox 255 2028 263 2043; x_wconf 94' lang='lat'>,</span> <span class='ocrx_word' id='word_1_219' title='bbox 282 2012 318 2034; x_wconf 89' lang='lat' dir='ltr'>ut</span> <span class='ocrx_word' id='word_1_220' title='bbox 331 2006 446 2046; x_wconf 83' lang='lat' dir='ltr'>spoliet</span> <span class='ocrx_word' id='word_1_221' title='bbox 461 2017 520 2036; x_wconf 87' lang='lat' dir='ltr'>me.</span> <span class='ocrx_word' id='word_1_222' title='bbox 538 2007 626 2036; x_wconf 90' lang='lat' dir='ltr'>Prio-</span> 
     </span>
     <span class='ocr_line' id='line_1_40' title="bbox 56 2051 628 2093; baseline 0 -12"><span class='ocrx_word' id='word_1_223' title='bbox 56 2062 122 2082; x_wconf 85' lang='lat' dir='ltr'>rem</span> <span class='ocrx_word' id='word_1_224' title='bbox 138 2058 261 2093; x_wconf 84' lang='lat' dir='ltr'>partem</span> <span class='ocrx_word' id='word_1_225' title='bbox 276 2054 403 2083; x_wconf 80' lang='lat' dir='ltr'>Servius</span> <span class='ocrx_word' id='word_1_226' title='bbox 418 2052 513 2082; x_wconf 86' lang='lat' dir='ltr'>habet</span> <span class='ocrx_word' id='word_1_227' title='bbox 524 2061 531 2081; x_wconf 90' lang='lat'>:</span> <span class='ocrx_word' id='word_1_228' title='bbox 542 2051 628 2081; x_wconf 73' lang='lat' dir='ltr'>dixit</span> 
     </span>
     <span class='ocr_line' id='line_1_41' title="bbox 56 2097 626 2139; baseline 0.004 -13"><span class='ocrx_word' id='word_1_229' title='bbox 56 2097 176 2139; x_wconf 71' lang='lat' dir='ltr'>affectu</span> <span class='ocrx_word' id='word_1_230' title='bbox 191 2098 278 2139; x_wconf 84' lang='lat' dir='ltr'>ejus,</span> <span class='ocrx_word' id='word_1_231' title='bbox 300 2097 356 2139; x_wconf 88' lang='lat' dir='ltr'>qui</span> <span class='ocrx_word' id='word_1_232' title='bbox 369 2098 517 2139; x_wconf 81' lang='lat' dir='ltr'>cupiebat</span> <span class='ocrx_word' id='word_1_233' title='bbox 529 2098 626 2128; x_wconf 83' lang='lat' dir='ltr'>inter-</span> 
     </span>
     <span class='ocr_line' id='line_1_42' title="bbox 59 2143 625 2186; baseline 0.004 -14"><span class='ocrx_word' id='word_1_234' title='bbox 59 2143 133 2179; x_wconf 83' lang='lat' dir='ltr'>imi,</span> <span class='ocrx_word' id='word_1_235' title='bbox 160 2151 195 2173; x_wconf 84' lang='lat' dir='ltr'>ut</span> <span class='ocrx_word' id='word_1_236' title='bbox 210 2155 281 2174; x_wconf 84' lang='lat' dir='ltr'>eum</span> <span class='ocrx_word' id='word_1_237' title='bbox 304 2143 401 2174; x_wconf 75' lang='lat' dir='ltr'>hostis</span> <span class='ocrx_word' id='word_1_238' title='bbox 422 2144 518 2186; x_wconf 84' lang='lat' dir='ltr'>quasi</span> <span class='ocrx_word' id='word_1_239' title='bbox 536 2145 625 2175; x_wconf 82' lang='lat' dir='ltr'>mise-</span> 
     </span>
     <span class='ocr_line' id='line_1_43' title="bbox 57 2190 628 2231; baseline 0.007 -13"><span class='ocrx_word' id='word_1_240' title='bbox 57 2197 146 2219; x_wconf 82' lang='lat' dir='ltr'>ratus</span> <span class='ocrx_word' id='word_1_241' title='bbox 157 2190 327 2226; x_wconf 79' lang='lat' dir='ltr'>occideret,</span> <span class='ocrx_word' id='word_1_242' title='bbox 343 2198 380 2220; x_wconf 91' lang='lat' dir='ltr'>ut</span> <span class='ocrx_word' id='word_1_243' title='bbox 394 2191 450 2222; x_wconf 90' lang='lat' dir='ltr'>inf.</span> <span class='ocrx_word' id='word_1_244' title='bbox 466 2194 523 2228; x_wconf 81' lang='lat' dir='ltr'>IX,</span> <span class='ocrx_word' id='word_1_245' title='bbox 541 2192 606 2231; x_wconf 72' lang='lat'>495</span> <span class='ocrx_word' id='word_1_246' title='bbox 620 2202 628 2227; x_wconf 82' lang='lat'><em>3</em></span> 
     </span>
     <span class='ocr_line' id='line_1_44' title="bbox 58 2236 630 2278; baseline 0.002 -12"><span class='ocrx_word' id='word_1_247' title='bbox 58 2238 90 2266; x_wconf 80' lang='lat' dir='ltr'>X</span> <span class='ocrx_word' id='word_1_248' title='bbox 101 2258 109 2274; x_wconf 83' lang='lat'><strong><em>,</em></strong></span> <span class='ocrx_word' id='word_1_249' title='bbox 127 2236 204 2274; x_wconf 77' lang='lat'>676.</span> <span class='ocrx_word' id='word_1_250' title='bbox 219 2236 359 2268; x_wconf 82' lang='lat' dir='ltr'>Cadaver</span> <span class='ocrx_word' id='word_1_251' title='bbox 370 2238 564 2278; x_wconf 87' lang='lat' dir='ltr'>insepultum</span> <span class='ocrx_word' id='word_1_252' title='bbox 579 2238 630 2268; x_wconf 81' lang='lat' dir='ltr'>ab·</span> 
     </span>
    </p>
   </div>
   <div class='ocr_carea' id='block_1_7' title="bbox 664 712 1254 2280">
    <p class='ocr_par' dir='ltr' id='par_1_9' title="bbox 669 712 1248 1021">
     <span class='ocr_line' id='line_1_45' title="bbox 669 712 1245 754; baseline 0.002 -11"><span class='ocrx_word' id='word_1_253' title='bbox 669 715 744 753; x_wconf 86' lang='lat' dir='ltr'>jici,</span> <span class='ocrx_word' id='word_1_254' title='bbox 761 712 849 754; x_wconf 87' lang='lat' dir='ltr'>quod</span> <span class='ocrx_word' id='word_1_255' title='bbox 866 713 934 742; x_wconf 84' lang='lat' dir='ltr'>aliis</span> <span class='ocrx_word' id='word_1_256' title='bbox 950 719 1014 742; x_wconf 80' lang='lat' dir='ltr'>tam</span> <span class='ocrx_word' id='word_1_257' title='bbox 1032 713 1245 750; x_wconf 72' lang='lat' dir='ltr'>horrendum,</span> 
     </span>
     <span class='ocr_line' id='line_1_46' title="bbox 672 759 1248 800; baseline 0 -11"><span class='ocrx_word' id='word_1_258' title='bbox 672 759 750 789; x_wconf 88' lang='lat' dir='ltr'>mihi</span> <span class='ocrx_word' id='word_1_259' title='bbox 759 770 852 800; x_wconf 82' lang='lat' dir='ltr'>grave</span> <span class='ocrx_word' id='word_1_260' title='bbox 862 769 929 788; x_wconf 89' lang='lat' dir='ltr'>non</span> <span class='ocrx_word' id='word_1_261' title='bbox 939 759 1248 790; x_wconf 76' lang='lat' dir='ltr'>est.--Me&#39;serubicur</span> 
     </span>
     <span class='ocr_line' id='line_1_47' title="bbox 672 806 1246 846; baseline 0.002 -11"><span class='ocrx_word' id='word_1_262' title='bbox 672 808 754 835; x_wconf 71' lang='lat' dir='ltr'>Ven.</span> <span class='ocrx_word' id='word_1_263' title='bbox 767 812 798 835; x_wconf 87' lang='lat' dir='ltr'>et</span> <span class='ocrx_word' id='word_1_264' title='bbox 811 807 928 835; x_wconf 87' lang='lat' dir='ltr'>Moret.</span> <span class='ocrx_word' id='word_1_265' title='bbox 937 816 998 836; x_wconf 87' lang='lat' dir='ltr'>sec.</span> <span class='ocrx_word' id='word_1_266' title='bbox 1015 808 1067 835; x_wconf 81' lang='lat' dir='ltr'>An</span> <span class='ocrx_word' id='word_1_267' title='bbox 1082 806 1185 846; x_wconf 81' lang='lat' dir='ltr'>placet</span> <span class='ocrx_word' id='word_1_268' title='bbox 1197 808 1246 836; x_wconf 89' lang='lat' dir='ltr'>in-</span> 
     </span>
     <span class='ocr_line' id='line_1_48' title="bbox 673 853 1246 892; baseline 0.002 -11"><span class='ocrx_word' id='word_1_269' title='bbox 673 859 862 892; x_wconf 75' lang='lat' dir='ltr'>terpungere</span> <span class='ocrx_word' id='word_1_270' title='bbox 880 862 887 881; x_wconf 70' lang='grc' dir='ltr'><em>ι</em></span> <span class='ocrx_word' id='word_1_271' title='bbox 906 853 978 891; x_wconf 80' lang='lat' dir='ltr'>Ipse</span> <span class='ocrx_word' id='word_1_272' title='bbox 1000 863 1097 881; x_wconf 79' lang='lat' dir='ltr'>mauu</span> <span class='ocrx_word' id='word_1_273' title='bbox 1114 860 1246 882; x_wconf 79' lang='lat' dir='ltr'>mortem</span> 
     </span>
     <span class='ocr_line' id='line_1_49' title="bbox 675 897 1247 935; baseline 0.002 -8"><span class='ocrx_word' id='word_1_274' title='bbox 675 897 854 933; x_wconf 83' lang='lat' dir='ltr'>inveniam,</span> <span class='ocrx_word' id='word_1_275' title='bbox 885 898 1098 934; x_wconf 75' lang='lat' dir='ltr'>miserebitur,</span> <span class='ocrx_word' id='word_1_276' title='bbox 1127 898 1223 928; x_wconf 77' lang='lat' dir='ltr'>hostis</span> <span class='ocrx_word' id='word_1_277' title='bbox 1234 912 1247 935; x_wconf 85' lang='lat'>,-</span> 
     </span>
     <span class='ocr_line' id='line_1_50' title="bbox 674 944 1247 986; baseline 0.002 -13"><span class='ocrx_word' id='word_1_278' title='bbox 674 944 879 984; x_wconf 67' lang='lat' dir='ltr'>Exzwiasque</span> <span class='ocrx_word' id='word_1_279' title='bbox 903 952 1011 984; x_wconf 82' lang='lat' dir='ltr'>petet,</span> <span class='ocrx_word' id='word_1_280' title='bbox 1039 952 1073 974; x_wconf 90' lang='lat' dir='ltr'>ut</span> <span class='ocrx_word' id='word_1_281' title='bbox 1102 946 1215 986; x_wconf 83' lang='lat' dir='ltr'>jungas</span> <span class='ocrx_word' id='word_1_282' title='bbox 1240 955 1247 974; x_wconf 74' lang='grc' dir='ltr'><em>ε</em></span> 
     </span>
     <span class='ocr_line' id='line_1_51' title="bbox 675 989 896 1021; baseline 0.005 -2"><span class='ocrx_word' id='word_1_283' title='bbox 675 1001 774 1019; x_wconf 82' lang='lat' dir='ltr'>manu</span> <span class='ocrx_word' id='word_1_284' title='bbox 789 989 896 1021; x_wconf 77' lang='lat' dir='ltr'>hostis.</span> 
     </span>
    </p>

    <p class='ocr_par' dir='ltr' id='par_1_10' title="bbox 664 1036 1254 2280">
     <span class='ocr_line' id='line_1_52' title="bbox 721 1036 1247 1076; baseline 0.004 -11"><span class='ocrx_word' id='word_1_285' title='bbox 721 1036 916 1076; x_wconf 71' lang='lat'>647—649.</span> <span class='ocrx_word' id='word_1_286' title='bbox 936 1036 1068 1066; x_wconf 87' lang='lat' dir='ltr'>Fundus</span> <span class='ocrx_word' id='word_1_287' title='bbox 1084 1036 1198 1067; x_wconf 88' lang='lat' dir='ltr'>fabulae</span> <span class='ocrx_word' id='word_1_288' title='bbox 1213 1039 1247 1067; x_wconf 89' lang='lat' dir='ltr'>in</span> 
     </span>
     <span class='ocr_line' id='line_1_53' title="bbox 674 1084 1248 1123; baseline 0.002 -11"><span class='ocrx_word' id='word_1_289' title='bbox 674 1084 805 1123; x_wconf 78' lang='lat' dir='ltr'>Hymno</span> <span class='ocrx_word' id='word_1_290' title='bbox 826 1084 861 1112; x_wconf 86' lang='lat' dir='ltr'>in</span> <span class='ocrx_word' id='word_1_291' title='bbox 883 1085 1041 1112; x_wconf 84' lang='lat' dir='ltr'>Venerem</span> <span class='ocrx_word' id='word_1_292' title='bbox 1063 1095 1093 1113; x_wconf 77' lang='lat' dir='ltr'>v.</span> <span class='ocrx_word' id='word_1_293' title='bbox 1125 1084 1186 1121; x_wconf 78' lang='lat'>287</span> <span class='ocrx_word' id='word_1_294' title='bbox 1202 1102 1248 1108; x_wconf 86' lang='lat'>-—-</span> 
     </span>
     <span class='ocr_line' id='line_1_54' title="bbox 675 1128 1247 1170; baseline 0.002 -12"><span class='ocrx_word' id='word_1_295' title='bbox 675 1129 753 1168; x_wconf 82' lang='lat'>289.</span> <span class='ocrx_word' id='word_1_296' title='bbox 768 1130 884 1158; x_wconf 80' lang='lat' dir='ltr'>Annos</span> <span class='ocrx_word' id='word_1_297' title='bbox 895 1128 1062 1166; x_wconf 83' lang='lat' dir='ltr'>demoror,</span> <span class='ocrx_word' id='word_1_298' title='bbox 1080 1131 1169 1170; x_wconf 88' lang='lat' dir='ltr'>quasi</span> <span class='ocrx_word' id='word_1_299' title='bbox 1188 1131 1247 1160; x_wconf 82' lang='lat' dir='ltr'>fes·</span> 
     </span>
     <span class='ocr_line' id='line_1_55' title="bbox 675 1174 1247 1206; baseline 0.003 -2"><span class='ocrx_word' id='word_1_300' title='bbox 675 1176 810 1204; x_wconf 84' lang='lat' dir='ltr'>tinantes</span> <span class='ocrx_word' id='word_1_301' title='bbox 846 1174 902 1204; x_wconf 80' lang='lat' dir='ltr'>dju</span> <span class='ocrx_word' id='word_1_302' title='bbox 934 1175 1073 1205; x_wconf 77' lang='lat' dir='ltr'>vivendo</span> <span class='ocrx_word' id='word_1_303' title='bbox 1109 1175 1247 1206; x_wconf 86' lang='lat' dir='ltr'>detineo.</span> 
     </span>
     <span class='ocr_line' id='line_1_56' title="bbox 676 1222 1249 1260; baseline 0.002 -10"><span class='ocrx_word' id='word_1_304' title='bbox 676 1222 759 1251; x_wconf 77' lang='lat' dir='ltr'>Serv.</span> <span class='ocrx_word' id='word_1_305' title='bbox 776 1222 907 1251; x_wconf 89' lang='lat' dir='ltr'>Dictum</span> <span class='ocrx_word' id='word_1_306' title='bbox 931 1231 990 1260; x_wconf 79' lang='lat' dir='ltr'>pro</span> <span class='ocrx_word' id='word_1_307' title='bbox 1010 1223 1128 1251; x_wconf 86' lang='lat' dir='ltr'>morari</span> <span class='ocrx_word' id='word_1_308' title='bbox 1147 1223 1181 1252; x_wconf 83' lang='lat' dir='ltr'>in</span> <span class='ocrx_word' id='word_1_309' title='bbox 1203 1224 1249 1251; x_wconf 79' lang='lat' dir='ltr'>vi-</span> 
     </span>
     <span class='ocr_line' id='line_1_57' title="bbox 673 1266 1247 1308; baseline 0.002 -12"><span class='ocrx_word' id='word_1_310' title='bbox 673 1274 712 1303; x_wconf 85' lang='lat' dir='ltr'>ta,</span> <span class='ocrx_word' id='word_1_311' title='bbox 729 1267 849 1296; x_wconf 81' lang='lat' dir='ltr'>morari</span> <span class='ocrx_word' id='word_1_312' title='bbox 860 1266 966 1296; x_wconf 80' lang='lat' dir='ltr'>vitam</span> <span class='ocrx_word' id='word_1_313' title='bbox 984 1267 1046 1307; x_wconf 82' lang='lat' dir='ltr'>(ne</span> <span class='ocrx_word' id='word_1_314' title='bbox 1060 1267 1208 1297; x_wconf 80' lang='lat' dir='ltr'>decurrat</span> <span class='ocrx_word' id='word_1_315' title='bbox 1218 1268 1230 1308; x_wconf 83' lang='lat'><em>)</em></span> <span class='ocrx_word' id='word_1_316' title='bbox 1240 1292 1247 1305; x_wconf 91' lang='lat'>‚</span> 
     </span>
     <span class='ocr_line' id='line_1_58' title="bbox 673 1319 1243 1350; baseline 0.004 -9"><span class='ocrx_word' id='word_1_317' title='bbox 673 1323 795 1348; x_wconf 79' lang='lat' dir='ltr'>anuos,</span> <span class='ocrx_word' id='word_1_318' title='bbox 834 1319 870 1341; x_wconf 94' lang='lat' dir='ltr'>ut</span> <span class='ocrx_word' id='word_1_319' title='bbox 897 1322 904 1342; x_wconf 90' lang='lat'>:</span> <span class='ocrx_word' id='word_1_320' title='bbox 937 1323 1057 1342; x_wconf 69' lang='lat' dir='ltr'>morari</span> <span class='ocrx_word' id='word_1_321' title='bbox 1093 1322 1224 1344; x_wconf 81' lang='lat' dir='ltr'>mortem</span> <span class='ocrx_word' id='word_1_322' title='bbox 1235 1338 1243 1350; x_wconf 86' lang='lat'><strong><em>,</em></strong></span> 
     </span>
     <span class='ocr_line' id='line_1_59' title="bbox 664 1358 1248 1400; baseline 0.003 -12"><span class='ocrx_word' id='word_1_323' title='bbox 664 1358 763 1400; x_wconf 82' lang='lat' dir='ltr'>fata,</span> <span class='ocrx_word' id='word_1_324' title='bbox 797 1360 931 1393; x_wconf 81' lang='lat' dir='ltr'>Orcum,</span> <span class='ocrx_word' id='word_1_325' title='bbox 960 1358 1117 1389; x_wconf 84' lang='lat' dir='ltr'>animam.</span> <span class='ocrx_word' id='word_1_326' title='bbox 1135 1361 1248 1390; x_wconf 78' lang='lat' dir='ltr'>Exem-</span> 
     </span>
     <span class='ocr_line' id='line_1_60' title="bbox 674 1404 1248 1446; baseline 0.003 -12"><span class='ocrx_word' id='word_1_327' title='bbox 674 1405 725 1446; x_wconf 81' lang='lat' dir='ltr'>pla</span> <span class='ocrx_word' id='word_1_328' title='bbox 761 1404 815 1434; x_wconf 90' lang='lat' dir='ltr'>dat</span> <span class='ocrx_word' id='word_1_329' title='bbox 839 1406 1052 1436; x_wconf 81' lang='lat' dir='ltr'>Burmannus.</span> <span class='ocrx_word' id='word_1_330' title='bbox 1090 1406 1248 1437; x_wconf 82' lang='lat' dir='ltr'>Fulminis</span> 
     </span>
     <span class='ocr_line' id='line_1_61' title="bbox 674 1450 1246 1494; baseline 0.005 -14"><span class='ocrx_word' id='word_1_331' title='bbox 674 1451 810 1494; x_wconf 78' lang='lat' dir='ltr'>adflavit</span> <span class='ocrx_word' id='word_1_332' title='bbox 831 1450 959 1487; x_wconf 71' lang='lat' dir='ltr'>ventis,</span> <span class='ocrx_word' id='word_1_333' title='bbox 994 1463 1054 1492; x_wconf 86' lang='lat' dir='ltr'>pro</span> <span class='ocrx_word' id='word_1_334' title='bbox 1087 1451 1221 1483; x_wconf 84' lang='lat' dir='ltr'>fulmine</span> <span class='ocrx_word' id='word_1_335' title='bbox 1238 1466 1246 1491; x_wconf 80' lang='lat'><em>3</em></span> 
     </span>
     <span class='ocr_line' id='line_1_62' title="bbox 675 1497 1249 1538; baseline 0.003 -11"><span class='ocrx_word' id='word_1_336' title='bbox 675 1497 934 1538; x_wconf 85' lang='lat' dir='ltr'>quandoquidem</span> <span class='ocrx_word' id='word_1_337' title='bbox 950 1508 1001 1528; x_wconf 80' lang='lat' dir='ltr'>aer</span> <span class='ocrx_word' id='word_1_338' title='bbox 1011 1498 1153 1529; x_wconf 73' lang='lat' dir='ltr'>fulminis</span> <span class='ocrx_word' id='word_1_339' title='bbox 1160 1501 1249 1538; x_wconf 79' lang='lat' dir='ltr'>jactu</span> 
     </span>
     <span class='ocr_line' id='line_1_63' title="bbox 674 1545 1248 1585; baseline 0.003 -11"><span class='ocrx_word' id='word_1_340' title='bbox 674 1545 830 1585; x_wconf 88' lang='lat' dir='ltr'>impulsus</span> <span class='ocrx_word' id='word_1_341' title='bbox 852 1551 883 1574; x_wconf 87' lang='lat' dir='ltr'>et</span> <span class='ocrx_word' id='word_1_342' title='bbox 906 1545 1074 1574; x_wconf 78' lang='lat' dir='ltr'>rarefactus</span> <span class='ocrx_word' id='word_1_343' title='bbox 1096 1546 1248 1576; x_wconf 87' lang='lat' dir='ltr'>interclu-</span> 
     </span>
     <span class='ocr_line' id='line_1_64' title="bbox 675 1591 1251 1632; baseline 0.003 -12"><span class='ocrx_word' id='word_1_344' title='bbox 675 1591 722 1621; x_wconf 77' lang='lat' dir='ltr'>dit</span> <span class='ocrx_word' id='word_1_345' title='bbox 746 1592 915 1632; x_wconf 83' lang='lat' dir='ltr'>spiritum;</span> <span class='ocrx_word' id='word_1_346' title='bbox 950 1591 1060 1621; x_wconf 85' lang='lat' dir='ltr'>saltem</span> <span class='ocrx_word' id='word_1_347' title='bbox 1083 1599 1191 1622; x_wconf 89' lang='lat' dir='ltr'>motus</span> <span class='ocrx_word' id='word_1_348' title='bbox 1220 1600 1251 1622; x_wconf 92' lang='lat' dir='ltr'>et</span> 
     </span>
     <span class='ocr_line' id='line_1_65' title="bbox 674 1638 1251 1678; baseline 0.002 -11"><span class='ocrx_word' id='word_1_349' title='bbox 674 1639 812 1678; x_wconf 86' lang='lat' dir='ltr'>impetus</span> <span class='ocrx_word' id='word_1_350' title='bbox 832 1639 911 1668; x_wconf 83' lang='lat' dir='ltr'>aeris</span> <span class='ocrx_word' id='word_1_351' title='bbox 936 1649 1010 1668; x_wconf 90' lang='lat' dir='ltr'>cum</span> <span class='ocrx_word' id='word_1_352' title='bbox 1033 1638 1166 1668; x_wconf 78' lang='lat' dir='ltr'>fulmine</span> <span class='ocrx_word' id='word_1_353' title='bbox 1183 1649 1251 1668; x_wconf 86' lang='lat' dir='ltr'>sen-</span> 
     </span>
     <span class='ocr_line' id='line_1_66' title="bbox 674 1685 1250 1722; baseline 0 -9"><span class='ocrx_word' id='word_1_354' title='bbox 674 1685 775 1715; x_wconf 82' lang='lat' dir='ltr'>titur:</span> <span class='ocrx_word' id='word_1_355' title='bbox 797 1691 881 1714; x_wconf 90' lang='lat' dir='ltr'>recte</span> <span class='ocrx_word' id='word_1_356' title='bbox 905 1685 991 1714; x_wconf 89' lang='lat' dir='ltr'>enim</span> <span class='ocrx_word' id='word_1_357' title='bbox 1016 1685 1127 1714; x_wconf 80' lang='lat' dir='ltr'>monet</span> <span class='ocrx_word' id='word_1_358' title='bbox 1150 1685 1250 1722; x_wconf 82' lang='lat' dir='ltr'>Meje-</span> 
     </span>
     <span class='ocr_line' id='line_1_67' title="bbox 676 1730 1250 1770; baseline -0.002 -10"><span class='ocrx_word' id='word_1_359' title='bbox 676 1737 761 1760; x_wconf 86' lang='lat' dir='ltr'>rotto</span> <span class='ocrx_word' id='word_1_360' title='bbox 778 1731 813 1759; x_wconf 91' lang='lat' dir='ltr'>in</span> <span class='ocrx_word' id='word_1_361' title='bbox 833 1730 944 1760; x_wconf 75' lang='lat' dir='ltr'>Dubiis</span> <span class='ocrx_word' id='word_1_362' title='bbox 965 1741 997 1770; x_wconf 91' lang='lat' dir='ltr'>p.</span> <span class='ocrx_word' id='word_1_363' title='bbox 1019 1730 1060 1759; x_wconf 85' lang='lat'>56</span> <span class='ocrx_word' id='word_1_364' title='bbox 1073 1753 1080 1767; x_wconf 79' lang='lat'><em>‚</em></span> <span class='ocrx_word' id='word_1_365' title='bbox 1109 1737 1250 1760; x_wconf 78' lang='lat' dir='ltr'>nostram</span> 
     </span>
     <span class='ocr_line' id='line_1_68' title="bbox 677 1776 1251 1817; baseline 0 -12"><span class='ocrx_word' id='word_1_366' title='bbox 677 1776 884 1805; x_wconf 82' lang='lat' dir='ltr'>subtilitatem</span> <span class='ocrx_word' id='word_1_367' title='bbox 905 1776 1067 1817; x_wconf 77' lang='lat' dir='ltr'>physicam</span> <span class='ocrx_word' id='word_1_368' title='bbox 1090 1777 1125 1805; x_wconf 89' lang='lat' dir='ltr'>in</span> <span class='ocrx_word' id='word_1_369' title='bbox 1146 1783 1251 1805; x_wconf 71' lang='lat' dir='ltr'>vetere</span> 
     </span>
     <span class='ocr_line' id='line_1_69' title="bbox 677 1821 1253 1862; baseline 0.002 -11"><span class='ocrx_word' id='word_1_370' title='bbox 677 1829 770 1862; x_wconf 83' lang='lat' dir='ltr'>poeta</span> <span class='ocrx_word' id='word_1_371' title='bbox 785 1821 894 1851; x_wconf 87' lang='lat' dir='ltr'>locum</span> <span class='ocrx_word' id='word_1_372' title='bbox 908 1832 976 1851; x_wconf 88' lang='lat' dir='ltr'>non</span> <span class='ocrx_word' id='word_1_373' title='bbox 986 1821 1103 1851; x_wconf 81' lang='lat' dir='ltr'>habere</span> <span class='ocrx_word' id='word_1_374' title='bbox 1119 1830 1126 1851; x_wconf 75' lang='lat' dir='ltr'><strong><em>z</em></strong></span> <span class='ocrx_word' id='word_1_375' title='bbox 1140 1833 1253 1852; x_wconf 70' lang='lat' dir='ltr'>verum</span> 
     </span>
     <span class='ocr_line' id='line_1_70' title="bbox 679 1867 1254 1908; baseline 0.002 -11"><span class='ocrx_word' id='word_1_376' title='bbox 679 1867 815 1897; x_wconf 89' lang='lat' dir='ltr'>docebat</span> <span class='ocrx_word' id='word_1_377' title='bbox 831 1869 898 1908; x_wconf 84' lang='lat' dir='ltr'>ipsa</span> <span class='ocrx_word' id='word_1_378' title='bbox 913 1878 962 1897; x_wconf 88' lang='lat' dir='ltr'>res</span> <span class='ocrx_word' id='word_1_379' title='bbox 973 1890 981 1904; x_wconf 93' lang='lat'>,</span> <span class='ocrx_word' id='word_1_380' title='bbox 1011 1878 1085 1897; x_wconf 88' lang='lat' dir='ltr'>cum</span> <span class='ocrx_word' id='word_1_381' title='bbox 1102 1869 1180 1898; x_wconf 82' lang='lat' dir='ltr'>aeris</span> <span class='ocrx_word' id='word_1_382' title='bbox 1198 1869 1254 1897; x_wconf 88' lang='lat' dir='ltr'>im-</span> 
     </span>
     <span class='ocr_line' id='line_1_71' title="bbox 679 1913 1252 1954; baseline 0.003 -11"><span class='ocrx_word' id='word_1_383' title='bbox 679 1914 775 1954; x_wconf 77' lang='lat' dir='ltr'>pulsu</span> <span class='ocrx_word' id='word_1_384' title='bbox 793 1913 913 1943; x_wconf 87' lang='lat' dir='ltr'>fulmen</span> <span class='ocrx_word' id='word_1_385' title='bbox 926 1913 1056 1951; x_wconf 85' lang='lat' dir='ltr'>cadere;</span> <span class='ocrx_word' id='word_1_386' title='bbox 1078 1913 1156 1944; x_wconf 87' lang='lat' dir='ltr'>hinc</span> <span class='ocrx_word' id='word_1_387' title='bbox 1174 1921 1252 1945; x_wconf 70' lang='lat' dir='ltr'>noto</span> 
     </span>
     <span class='ocr_line' id='line_1_72' title="bbox 680 1959 1251 2003; baseline 0.002 -14"><span class='ocrx_word' id='word_1_388' title='bbox 680 1970 741 1989; x_wconf 92' lang='lat' dir='ltr'>usu</span> <span class='ocrx_word' id='word_1_389' title='bbox 761 1959 914 2000; x_wconf 88' lang='lat' dir='ltr'>loquendi</span> <span class='ocrx_word' id='word_1_390' title='bbox 933 1960 1018 1990; x_wconf 87' lang='lat' dir='ltr'>dicta</span> <span class='ocrx_word' id='word_1_391' title='bbox 1039 1971 1120 1990; x_wconf 86' lang='lat' dir='ltr'>aura</span> <span class='ocrx_word' id='word_1_392' title='bbox 1134 1959 1251 2003; x_wconf 82' lang='lat' dir='ltr'>fidmi-</span> 
     </span>
     <span class='ocr_line' id='line_1_73' title="bbox 682 2006 1253 2049; baseline 0.002 -13"><span class='ocrx_word' id='word_1_393' title='bbox 682 2006 731 2036; x_wconf 85' lang='lat' dir='ltr'>nis</span> <span class='ocrx_word' id='word_1_394' title='bbox 741 2018 753 2042; x_wconf 89' lang='lat'><em>;</em></span> <span class='ocrx_word' id='word_1_395' title='bbox 784 2006 868 2036; x_wconf 90' lang='lat' dir='ltr'>unde</span> <span class='ocrx_word' id='word_1_396' title='bbox 896 2007 1001 2047; x_wconf 88' lang='lat' dir='ltr'>ipsum</span> <span class='ocrx_word' id='word_1_397' title='bbox 1028 2006 1152 2049; x_wconf 82' lang='lat' dir='ltr'>adflare</span> <span class='ocrx_word' id='word_1_398' title='bbox 1175 2006 1253 2037; x_wconf 88' lang='lat' dir='ltr'>due-</span> 
     </span>
     <span class='ocr_line' id='line_1_74' title="bbox 681 2053 1254 2094; baseline 0.003 -12"><span class='ocrx_word' id='word_1_399' title='bbox 681 2060 763 2082; x_wconf 83' lang='lat' dir='ltr'>tum.</span> <span class='ocrx_word' id='word_1_400' title='bbox 777 2070 824 2075; x_wconf 91' lang='lat'>—</span> <span class='ocrx_word' id='word_1_401' title='bbox 837 2053 914 2093; x_wconf 73' lang='lat'>649.</span> <span class='ocrx_word' id='word_1_402' title='bbox 944 2054 1026 2094; x_wconf 78' lang='lat' dir='ltr'>Igne</span> <span class='ocrx_word' id='word_1_403' title='bbox 1043 2053 1176 2084; x_wconf 86' lang='lat' dir='ltr'>Oudart.</span> <span class='ocrx_word' id='word_1_404' title='bbox 1199 2053 1254 2084; x_wconf 81' lang='lat' dir='ltr'>sed</span> 
     </span>
     <span class='ocr_line' id='line_1_75' title="bbox 681 2098 1254 2140; baseline 0.003 -12"><span class='ocrx_word' id='word_1_405' title='bbox 681 2098 811 2129; x_wconf 88' lang='lat' dir='ltr'>alteram</span> <span class='ocrx_word' id='word_1_406' title='bbox 831 2098 964 2130; x_wconf 87' lang='lat' dir='ltr'>formam</span> <span class='ocrx_word' id='word_1_407' title='bbox 975 2099 1129 2140; x_wconf 79' lang='lat' dir='ltr'>Virgilius</span> <span class='ocrx_word' id='word_1_408' title='bbox 1149 2102 1254 2140; x_wconf 85' lang='lat' dir='ltr'>sequi-</span> 
     </span>
     <span class='ocr_line' id='line_1_76' title="bbox 682 2146 1251 2183; baseline 0.002 -9"><span class='ocrx_word' id='word_1_409' title='bbox 682 2152 745 2175; x_wconf 87' lang='lat' dir='ltr'>tur.</span> <span class='ocrx_word' id='word_1_410' title='bbox 763 2146 802 2176; x_wconf 85' lang='lat' dir='ltr'>cf.</span> <span class='ocrx_word' id='word_1_411' title='bbox 817 2147 966 2176; x_wconf 87' lang='lat' dir='ltr'>Burman.</span> <span class='ocrx_word' id='word_1_412' title='bbox 981 2163 1029 2169; x_wconf 89' lang='lat'>—-</span> <span class='ocrx_word' id='word_1_413' title='bbox 1043 2146 1122 2176; x_wconf 86' lang='lat'><strong>650.</strong></span> <span class='ocrx_word' id='word_1_414' title='bbox 1138 2146 1251 2183; x_wconf 75' lang='lat' dir='ltr'>Fixus,</span> 
     </span>
     <span class='ocr_line' id='line_1_77' title="bbox 683 2190 1254 2230; baseline 0.005 -10"><span class='ocrx_word' id='word_1_415' title='bbox 683 2190 798 2222; x_wconf 81' lang='lat' dir='ltr'>affixus</span> <span class='ocrx_word' id='word_1_416' title='bbox 816 2192 889 2223; x_wconf 93' lang='lat' dir='ltr'>loco</span> <span class='ocrx_word' id='word_1_417' title='bbox 900 2215 908 2230; x_wconf 89' lang='lat'>‚</span> <span class='ocrx_word' id='word_1_418' title='bbox 931 2203 999 2223; x_wconf 89' lang='lat' dir='ltr'>non</span> <span class='ocrx_word' id='word_1_419' title='bbox 1017 2191 1178 2224; x_wconf 77' lang='lat' dir='ltr'>discedens</span> <span class='ocrx_word' id='word_1_420' title='bbox 1198 2192 1254 2223; x_wconf 89' lang='lat' dir='ltr'>do-</span> 
     </span>
     <span class='ocr_line' id='line_1_78' title="bbox 683 2238 951 2280; baseline 0.004 -11"><span class='ocrx_word' id='word_1_421' title='bbox 683 2249 745 2269; x_wconf 91' lang='lat' dir='ltr'>mo.</span> <span class='ocrx_word' id='word_1_422' title='bbox 768 2238 852 2270; x_wconf 87' lang='lat' dir='ltr'>conf.</span> <span class='ocrx_word' id='word_1_423' title='bbox 873 2239 951 2280; x_wconf 88' lang='lat'><strong>699.</strong></span> 
     </span>
    </p>
   </div>
   <div class='ocr_carea' id='block_1_8' title="bbox 1029 2303 1067 2317">
    <p class='ocr_par' dir='ltr' id='par_1_11' title="bbox 1029 2303 1067 2317">
     <span class='ocr_line' id='line_1_79' title="bbox 1029 2303 1067 2317; baseline 0.026 -1"><span class='ocrx_word' id='word_1_424' title='bbox 1029 2303 1067 2317; x_wconf 63' lang='lat' dir='ltr'>P*</span> 
     </span>
    </p>
   </div>
   <div class='ocr_carea' id='block_1_9' title="bbox 1003 2317 1046 2340">
    <p class='ocr_par' dir='ltr' id='par_1_12' title="bbox 1003 2317 1046 2340">
     <span class='ocr_line' id='line_1_80' title="bbox 1003 2317 1046 2340; baseline -0.023 0"><span class='ocrx_word' id='word_1_425' title='bbox 1003 2317 1046 2340; x_wconf 74' lang='lat'>1¹.)</span> 
     </span>
    </p>
   </div>
  </div>
 </body>
</html>
