1433 2460
159 142 217 170 124

661 133 853 163 AENEIDOS

150 193 263 240 Quod
286 203 338 236 te,
358 204 425 241 per
444 204 621 241 superos,
639 200 675 229 et
692 192 843 228 cons-cia
862 191 1016 228 numina
1038 190 1141 236 veri,

148 256 236 299 Per,
256 253 286 289 si
307 265 381 301 qua
402 259 474 298 est,
495 265 580 302 quae
600 260 713 290 restet
730 252 855 289 adhuc
876 251 1100 289 moi-talibus
1122 262 1279 300 usquam

149 317 375 350 Intvuwrata
396 311 504 359 sides,
521 325 609 359 oro,
628 312 807 350 miserere
829 313 1008 350 laborum

145 377 369 419 Tantorum3
388 373 566 410 miserere
586 373 701 409 animi
717 387 793 410 non
812 374 926 423 (ligna
945 373 1120 410 serentis!
1138 390 1152 403 υ

199 433 265 470 llis
286 432 448 469 lacrimis
466 433 581 468 vitam
601 432 752 477 damus,
773 441 810 469 et
831 433 1107 469 miserescimus
1127 432 1239 468 ultro.
1301 440 1348 469 ια’)

146 495 231 542 lpse
247 492 330 528 viro
348 491 492 542 primus
514 491 678 528 manicas
699 500 813 540 atque
833 501 914 528 arta
934 492 1052 528 levari

145 552 396 602 Vinclajubet
416 553 604 599 Priamus;
623 551 809 601 dictisque
830 552 880 588 ita
902 552 1002 588 satur
1022 551 1151 588 amicis
1169 567 1176 588 :

147 635 159 646 ιι
183 614 364 664 Quisquis
385 627 442 660 es,
459 613 614 650 amissos
635 613 813 663 hincjam
833 612 1058 649 obliviscere
1075 612 1229 659 Graios;

146 678 284 713 Noster
305 675 396 721 eris;
419 674 590 724 mihique
608 674 688 711 haec
708 673 875 711 edissere
895 687 986 710 vera
1007 673 1167 723 roganti.

147 740 235 783 Quo
251 736 387 772 molem
406 735 502 772 hauc
522 735 694 772 immanis
713 735 801 784 equi
821 736 1011 772 statuere?
1028 734 1112 784 quis
1130 735 1285 771 auctor?
1305 743 1351 767 150

148 797 326 846 Quidque
349 798 503 845 petunt?
524 809 609 845 quae
626 795 794 845 relligio?
816 803 880 831 aut
901 808 985 844 quae
1002 794 1175 831 machina
1190 793 1305 831 belli?
1327 809 1342 825 »ι

203 858 373 894 Dixerat.
393 857 460 893 llle
477 857 571 893 dolis
593 856 796 892 instructus
817 863 853 891 et
870 863 950 891 arte
971 856 1145 906 Pelasga,

151 917 312 956 Sustulit
328 925 459 954 exutas
476 917 610 953 vinclis
629 915 677 953 ad
696 916 822 954 sidera
839 915 984 966 palmas
1004 930 1011 951 ε

149 1058 249 1093 citur,
265 1055 338 1085 dare
361 1055 411 1084 vel
436 1055 538 1085 facere
553 1055 669 1096 possit3
693 1061 723 1084 at

149 1103 207 1133 filii
234 1105 294 1144 ipsi
319 1103 446 1133 Sinonis
475 1103 544 1132 vice
567 1100 724 1142 puniendi

148 1150 372 1190 poscebantur.

202 1203 277 1232 141.
295 1194 406 1236 Quod,
423 1204 486 1234 qua
502 1195 536 1224 in
551 1205 602 1231 re,
619 1200 655 1223 ut
670 1204 724 1223 sae-

149 1253 188 1283 pe
203 1242 350 1272 transitui
362 1242 470 1271 servit.
490 1243 577 1271 Serv.
594 1247 726 1281 propter

148 1288 237 1328 quod
252 1295 282 1318 te
298 1298 367 1317 oro.
385 1287 426 1318 cf.
445 1288 596 1317 Burman.
616 1288 670 1317 Est
685 1297 726 1316 ex

150 1335 207 1365 Gr.
231 1332 320 1374 &pro
339 1334 409 1363 καθ’
426 1331 452 1371 ὃ,
477 1329 518 1362 δι’
540 1331 566 1363 ὅ.
593 1333 726 1363 Conscia

150 1380 286 1410 numina
300 1380 391 1416 veri,
410 1381 604 1420 inspectores
619 1390 654 1409 ac
669 1387 725 1409 tes·

149 1434 212 1463 tes,
235 1437 284 1456 me
300 1437 373 1455 vera
395 1437 531 1456 narrare.
555 1427 637 1456 Mox
660 1427 722 1462 143

139 1473 246 1516 fides,
280 1483 374 1513 quam
401 1472 454 1501 hic
481 1472 652 1510 inclamat,
678 1479 725 1502 est

147 1521 223 1559 justi
246 1520 387 1559 rectique
411 1519 627 1556 observantia,
651 1519 722 1549 h.1.

146 1567 226 1606 juris
258 1566 361 1595 divini
388 1572 418 1594 et
445 1565 660 1595 humanitatis.
677 1583 724 1588 —

153 1619 227 1649 142.
242 1614 349 1642 Restec
362 1612 400 1641 ab
415 1612 524 1642 Heius.
540 1618 703 1651 receptum
715 1634 724 1648 ‚

148 1660 267 1700 quippe
303 1658 474 1699 elegantius
507 1664 580 1698 post
603 1657 631 1686 si
659 1668 724 1697 qua

148 1713 211 1741 est,
231 1716 271 1734 ex
291 1704 410 1735 Medic.
435 1715 451 1733 a
470 1714 553 1734 man.
577 1714 638 1733 sec.
656 1704 721 1732 Gu-

148 1752 243 1782 diano
266 1761 329 1781 sec.
355 1757 386 1780 et
410 1757 481 1780 tert.
513 1749 665 1781 Rottend.
692 1757 723 1779 et

146 1800 274 1839 Meuag.
297 1797 377 1827 adde
396 1796 495 1827 Goth.
520 1803 591 1827 tert.
615 1796 723 1837 Vulgo

146 1852 254 1875 rescat.
284 1846 434 1884 Unquam
458 1843 575 1873 Medic.
599 1853 617 1872 a
639 1853 722 1873 man.

147 1902 195 1931 pr.
216 1890 311 1920 etalii
326 1891 448 1920 vitiose.

199 1938 272 1973 1345.
294 1936 433 1966 Veniam
454 1946 511 1966 ms.
529 1938 636 1966 Petav.
658 1935 720 1965 sol-

147 1984 233 2013 lenni
253 1983 422 2019 varietate3
438 1982 493 2012 sed
517 1982 598 2012 bene
613 1983 720 2013 Burm.

148 2037 271 2066 monet,
291 2029 323 2059 h.
342 2030 362 2059 l.
388 2028 523 2059 veniam
544 2028 721 2069 pervitam

148 2077 285 2115 potuisse
313 2076 485 2116 explicari,
526 2086 593 2105 non
632 2075 722 2104 facile

146 2121 252 2151 vitam
283 2133 339 2162 per
371 2122 517 2152 veniam.
552 2122 642 2151 Ultra
669 2131 718 2161 pr.

146 2168 260 2198 Hamb.
292 2179 350 2208 pro
378 2179 442 2199 var.
473 2168 544 2199 leet.
571 2168 720 2198 Ceterum

146 2215 245 2254 possit
269 2213 421 2254 distingui
437 2222 508 2244 ante
532 2214 636 2249 ultro‚·
660 2224 718 2243 nec

145 2268 249 2290 tamen
272 2261 344 2289 satis
367 2261 457 2292 hene.
481 2279 527 2284 —-
547 2260 606 2291 His
627 2260 718 2291 lacri-

778 1053 851 1090 mis,
867 1061 999 1095 propter
1011 1054 1066 1085 has
1083 1054 1247 1093 lacrimas3
1263 1055 1354 1096 quod

777 1101 905 1141 vulgare
927 1107 1020 1138 esset,
1036 1102 1096 1142 ipsi
1119 1112 1192 1131 cum
1217 1102 1354 1132 lacrimis

777 1147 845 1176 haec
862 1148 1011 1177 narranti.
1031 1148 1118 1177 Ultro
1134 1154 1179 1177 est
1200 1148 1353 1186 libenter,

779 1193 861 1223 facili
876 1201 1066 1234 promtoque
1080 1195 1196 1224 animo.
1214 1196 1296 1225 Mox
1312 1194 1354 1224 le-

779 1240 847 1269 vari
866 1247 913 1270 est
930 1241 1030 1270 laxari
1051 1241 1196 1281 proprie,
1219 1247 1256 1270 ut
1272 1240 1353 1271 bene

778 1287 927 1317 Burman.
941 1287 997 1316 sed
1014 1294 1081 1316 tum
1103 1287 1205 1327 poetis
1221 1287 1354 1317 omnino

780 1332 819 1362 de
835 1333 948 1363 demtis
964 1333 1110 1363 vinculis.
1127 1334 1176 1364 Sic
1193 1340 1223 1363 et
1238 1333 1352 1376 χαλᾷ-ι.

829 1380 903 1416 146.
920 1382 992 1419 Ipse
1005 1380 1086 1409 ultro
1103 1379 1227 1419 primns
1245 1382 1351 1420 Sprot.

780 1425 924 1455 lllanicas
934 1426 1059 1466 primus
1071 1425 1150 1456 alter
1164 1425 1280 1456 Hamb.
1293 1426 1353 1456 Al-

779 1479 813 1502 ta
832 1474 959 1513 Hugen.
974 1474 1056 1502 Arca
1071 1479 1168 1513 atque
1185 1472 1289 1502 Graev.
1303 1473 1359 1501 Le-

778 1519 861 1549 νανῐι
873 1519 971 1549 Goth.
989 1526 1059 1550 tert.
1070 1543 1078 1556 ,
1097 1519 1226 1548 deberet
1245 1519 1354 1559 sequi:

779 1565 896 1594 Vincla
909 1576 1009 1594 senex
1023 1566 1073 1595 vel
1086 1565 1185 1594 bonus
1194 1564 1351 1594 Priamus.

777 1629 824 1634 —-—
838 1612 911 1647 148.
932 1611 1034 1647 Hinc,
1057 1622 1173 1652 porro,
1197 1612 1231 1640 in
1252 1617 1355 1651 poste-

778 1668 869 1694 rum,
893 1656 1027 1687 amissos
1057 1657 1189 1694 Graios,
1214 1667 1352 1698 quorum

778 1715 839 1733 usu
849 1711 880 1733 et
898 1704 1115 1733 contubernio
1140 1713 1228 1734 nunc
1245 1704 1352 1743 priva-

776 1758 826 1780 tus
842 1757 888 1780 est
899 1773 907 1786 ‚
924 1749 1006 1778 dixit
1019 1757 1055 1779 ut
1065 1750 1181 1780 liberos
1192 1772 1201 1786 ‚
1217 1750 1333 1779 amicos
1344 1771 1353 1786 ‚

776 1807 846 1837 sup.
875 1807 938 1834 217
964 1797 1087 1834 socios,
1112 1795 1261 1831 amissos,
1281 1796 1352 1835 qui-

778 1843 839 1872 bus
852 1843 968 1883 privati
983 1853 1109 1879 sumus,
1127 1843 1292 1883 exquisite.
1306 1859 1353 1864 —

780 1895 853 1929 149.
869 1889 950 1926 Ilm,
967 1889 1031 1925 384
1043 1895 1073 1919 et
1086 1889 1152 1919 aliis
1162 1889 1260 1919 locis:
1277 1879 1352 1918 Ᾰλλ’

775 1934 836 1980 ἄγε
862 1932 914 1978 μοὶ
932 1931 1005 1966 τάδε
1029 1933 1095 1965 εἰπὲ
1121 1931 1176 1965 καὶ
1196 1932 1351 1976 ἀτρεκέως

775 1979 959 2019 κατάλεξον.
976 1999 1020 2005 —-
1045 1982 1118 2012 151.
1141 1982 1195 2011 An
1220 1980 1280 2010 fuit
1298 1980 1351 2010 ali-

776 2039 839 2070 qua
854 2029 966 2069 religio
976 2051 984 2063 ‚
1002 2038 1064 2068 qua
1079 2028 1217 2068 permoti
1232 2037 1350 2067 equum

775 2074 977 2104 statuerunt?
1002 2074 1080 2114 quid
1100 2075 1135 2104 in
1158 2084 1241 2115 equo
1258 2073 1352 2103 fabri-

775 2120 877 2151 cando
900 2121 1106 2161 spectarunt?
1126 2130 1204 2150 num
1223 2119 1348 2161 religio—

773 2169 822 2197 njs
839 2177 966 2204 caussa,
987 2174 1022 2196 ut
1038 2167 1098 2197 deo
1124 2167 1218 2197 alicui
1239 2175 1349 2196 eonse-

773 2220 915 2250 crarent,
935 2224 974 2243 an
1000 2220 1037 2242 ut
1065 2213 1210 2243 machina
1234 2211 1347 2243 bellica

771 2267 868 2297 esset,
885 2260 1028 2290 fabricati
1042 2261 1135 2290 sunt?
1146 2261 1227 2291 Mox
1237 2271 1266 2290 v.
1281 2259 1345 2289 252
1374 2282 1377 2284 .

1108 2320 1122 2327 υ
