1433 2460
605 93 726 124 LIBER
752 94 776 122 l.
1250 99 1286 126 7¹

94 154 256 204 Tydides
277 153 395 190 multa
414 150 585 188 vastabat
601 152 703 188 caede.
721 159 916 195 cruentu53

93 213 346 263 Ardentisque
365 211 501 248 avertit
519 223 636 261 equos
652 210 691 246 in
711 218 851 261 castra,
872 210 978 259 prius
998 221 1110 259 quam

93 271 235 309 Pabula
254 280 463 322 gustassent
480 270 604 320 Trojae
616 297 626 315 ,
645 269 917 318 Xanthumque
933 268 1125 306 bibissent.

92 335 202 369 Parte
222 333 295 369 alia
314 332 460 382 fugiens
480 330 623 367 amissis
640 330 794 370 Troilus
811 330 922 367 arinis
934 358 943 375 ‚

93 507 211 538 Medic,
235 514 265 537 et
287 506 428 538 Gudian.
445 507 497 537 hic
517 514 548 537 et
569 508 607 538 al.
632 515 668 537 ut

93 555 149 584 inf.
168 554 472 590 43S‚eonsentien1e
488 554 566 583 adeo
583 555 668 583 Vati-

95 612 173 630 cano
190 600 299 641 fragm.
319 600 462 641 Agnovit
474 601 596 630 Zulich.
609 602 671 629 De-

95 647 163 676 dita
179 657 291 675 somno
310 646 432 675 Zulich.
452 647 584 682 frustra;
599 656 672 675 nam

96 694 224 734 proprie
253 693 368 733 poetis,
387 692 484 733 prodi
504 703 624 727 somno,
642 699 673 721 et

97 740 180 770 conf.
197 740 359 769 Heius.-
372 745 447 776 472.
465 738 672 767 Albentes—

99 796 194 826 cquos
219 796 280 814 sec.
308 786 425 814 Moret.
451 784 561 820 habet3
576 794 670 824 quem

97 843 170 861 sane
197 832 336 861 colorem
367 837 548 860 constanter
574 830 670 861 Rhesi

97 879 186 918 equis
196 877 445 907 tribuuutHom.
464 876 485 907 l.
500 876 522 907 1.
541 878 603 915 437
617 879 670 907 τεῦ

98 921 138 957 ὃν
152 922 282 959 καλῆς-ο
285 933 317 957 υς
335 921 411 953 {nm
415 933 446 958 υς
460 919 604 960 ἴδον,·ᾒὸὲ
619 934 672 966 με·

97 982 118 992 ’«
123 969 204 1006 ίε-ςυς
244 973 286 1000 Aa
275 968 427 1011 :uzi-:epm
455 968 670 1010 χιόνες,6είε·.ν

99 995 147 1047 d
150 1027 201 1047 212·
197 1016 240 1045 'u.
233 1027 286 1047 ,ιισ
287 1028 301 1045 ι
332 1015 386 1046 ὁυκ,
466 1018 505 1046 Et
519 1018 563 1046 sic
577 1017 672 1047 Rhesi

99 1065 207 1093 drama
241 1075 271 1094 v,
302 1064 367 1100 304
390 1061 672 1103 Πωὶων--χιόνος

101 1108 326 1154 ἑξαυγεςέρων.
338 1110 377 1141 cf.
387 1111 407 1139 6
416 1110 454 1139 16
464 1127 510 1132 -—
521 1110 540 1139 6
549 1120 599 1149 19.
613 1110 673 1139 Sed

100 1159 145 1186 sic
159 1157 335 1186 candentes
349 1158 423 1196 equi
433 1163 521 1185 erant
535 1156 672 1192 dicendi,

101 1211 137 1232 ut
156 1205 230 1239 xn,
247 1203 300 1238 84.
318 1204 523 1232 Homericum
538 1209 674 1232 transtu-

101 1250 154 1286 lit,
171 1249 227 1289 qui
240 1248 381 1278 candore
405 1248 488 1277 nives
502 1248 673 1284 anteirent,

101 1295 238 1325 cursibus
266 1305 363 1324 auras
376 1306 389 1331 ;
413 1301 444 1324 et
469 1296 558 1335 Epit.
583 1294 672 1325 Iliad.

104 1343 168 1380 735
187 1341 226 1371 de
243 1341 339 1373 Rhesi
355 1342 444 1381 equis
458 1350 465 1371 z
485 1341 582 1370 multo
598 1351 673 1370 can-

102 1388 177 1418 dore
203 1388 348 1418 nitentes.
367 1389 449 1418 Nam
471 1387 561 1417 albus
588 1388 675 1417 color

102 1436 208 1465 minus
229 1441 336 1476 gratus
353 1435 469 1475 Georg.
482 1435 547 1471 111,
567 1434 608 1463 82
627 1445 677 1463 co-

103 1482 152 1511 lor
177 1480 362 1511 deterrimus
386 1480 477 1510 albis.
504 1482 556 1510 An
584 1487 676 1521 poeta

103 1529 220 1557 evitare
248 1527 351 1557 voluit
379 1537 573 1557 concursum
594 1529 675 1557 τῶνε

105 1573 201 1603 niveis
214 1573 297 1604 velis
314 1580 346 1603 et
366 1573 540 1603 candentes
553 1584 649 1614 equos
659 1577 676 1602 ,³

105 1623 214 1661 ltaque
241 1621 387 1650 ardentes
413 1620 505 1657 dixit,
521 1620 602 1650 forte
623 1620 676 1650 illa

106 1667 236 1696 Homeri
250 1674 386 1696 sectatus
399 1678 429 1697 v.
444 1667 462 1696 5
468 1672 521 1704 4-,
536 1666 594 1696 ubi
595 1669 677 1748 §equi

107 1712 139 1741 hi
166 1710 259 1747 Αἰοῶς
286 1710 346 1742 ὰκτ
350 1710 390 1742 i-se
393 1723 455 1743 σσιν
477 1712 505 1742 ἑο
511 1722 556 1742 izv
552 1710 592 1742 ’τε
631 1712 678 1745 ἡε-

106 1758 180 1788 >aste
192 1768 402 1798 ;quamqua:u
427 1765 458 1788 et
482 1758 545 1788 hoc
574 1761 679 1799 ipsum

108 1805 248 1834 candore
263 1806 368 1844 potius
382 1805 489 1833 fuisset
504 1806 681 1845 exprimen-

109 1850 196 1880 dum.
220 1852 342 1880 Verum
370 1850 537 1891 probabile
560 1849 615 1887 fit,
633 1851 681 1880 in-

108 1897 222 1927 sedisse
247 1904 348 1937 poetae
373 1898 478 1926 animo
502 1895 614 1931 ἴππευς
634 1894 681 1926 αἵ-

108 1944 196 1979 (aa-123
215 1944 356 1973 Homero
375 1943 478 1973 dictos
499 1941 538 1981 β,
563 1943 629 1982 839
651 1949 681 1972 et

86 2028 91 2032 ς
109 2002 148 2032 μ,
167 2000 207 2031 97
224 2000 232 2026 ;
246 1990 369 2019 incerto
387 1996 493 2019 tamen
507 1996 536 2018 et
555 1989 601 2018 ibi
616 2000 682 2019 sen-

109 2047 147 2066 su
161 2047 169 2067 :
184 2035 324 2066 referunt
338 2036 422 2065 enim
436 2035 517 2065 illud
530 2042 562 2065 et
578 2042 683 2076 potest

110 2083 221 2112 referri
238 2082 279 2112 ad
295 2082 515 2122 splendorem,
537 2081 576 2111 ad
597 2082 683 2112 colo-

111 2139 177 2158 rem
187 2152 196 2166 ,
210 2128 249 2159 ad
259 2128 403 2158 ardorem
414 2129 605 2159 animorum.
617 2130 685 2158 Aut

111 2176 216 2214 itaque
227 2174 422 2205 manendum
439 2181 485 2204 est
500 2176 535 2205 iu
552 2175 615 2205 hoc
626 2198 634 2212 ‚
648 2181 685 2204 ut

111 2221 277 2266 qrdentes,
305 2231 388 2252 acres
408 2244 416 2259 ‚
453 2221 568 2252 alacres
585 2244 594 2259 ‚
623 2222 682 2251 im-

721 514 871 549 petuosos
909 507 1100 548 accipiamus
1114 517 1122 543 ;
1159 511 1196 534 nt
1242 515 1294 534 ca-

722 555 840 590 lentes,
865 554 992 595 igneos,
1021 560 1074 582 aut
1086 576 1094 589 ,
1121 551 1206 592 quod
1238 552 1295 581 mi-

723 600 756 629 hi
776 600 945 640 plusquam
967 599 1133 640 probabile
1151 597 1291 633 videtur,

725 647 930 676 scribendum
965 644 1134 674 candentis
1155 655 1166 673 :
1190 645 1296 684 priore

725 692 814 721 litera
831 693 944 721 extrita
961 691 1097 720 restabat
1117 690 1294 726 audentes,

725 737 810 767 unde
835 738 951 766 factum
980 737 1268 774 ardente5.—472
1283 759 1292 771 ,

727 785 804 822 473.
827 783 930 814 Fatale
945 783 1007 812 hoc
1022 782 1117 811 fuisse
1133 783 1198 811 sive
1215 782 1297 812 Rhe-

725 841 760 860 so
775 832 841 860 sive
859 830 1019 868 Trojauis,
1037 830 1062 858 si
1086 829 1159 868 equi
1178 834 1294 869 gustas-

725 883 795 907 sent
817 876 949 906 herbam
974 883 1004 905 et
1027 884 1139 916 aquam
1156 877 1299 906 Scaman-

725 923 796 959 dri,
814 924 972 953 Homerus
993 932 1060 951 non
1079 921 1193 958 habet,
1207 927 1243 950 ut
1259 931 1299 950 ex

726 976 828 1010 poetae
849 970 985 999 lectione
1000 975 1164 1009 promtum
1185 968 1300 1007 cuique

726 1027 791 1046 esse
803 1022 924 1056 potest;
944 1025 1046 1056 neque
1060 1015 1104 1051 is,
1124 1023 1219 1054 quem
1240 1015 1300 1043 Eu-

726 1062 861 1102 ripidem
891 1072 958 1092 non
991 1072 1056 1091 esse
1092 1070 1196 1100 nuper
1230 1066 1301 1100 post

727 1109 804 1138 alios
831 1109 996 1137 evicerunt
1019 1106 1250 1142 Valkenarius,
1271 1112 1301 1135 et

727 1154 859 1184 Beckius
873 1177 881 1190 ‚
915 1156 956 1183 V.
990 1154 1026 1183 C.
1056 1160 1164 1182 auctor
1194 1152 1300 1182 Rhesi.

727 1202 807 1232 'Nam
818 1211 848 1230 V.
865 1200 1048 1234 600—-604
1063 1200 1119 1228 vix
1133 1209 1170 1228 eo
1186 1198 1302 1228 referre

727 1248 838 1288 possis.
863 1247 908 1276 At
938 1252 1091 1275 memorat
1119 1255 1187 1274 eam
1215 1255 1282 1274 rem
1293 1266 1300 1280 ‚

728 1301 877 1334 tauquam
891 1292 1021 1322 oraculo
1035 1291 1191 1332 proditam
1202 1313 1211 1327 ,
1227 1292 1304 1320 Eus-

730 1339 805 1369 tath.
835 1346 866 1368 et
893 1338 997 1369 Schol.
1024 1337 1061 1367 ad
1082 1348 1120 1375 κ,
1140 1338 1226 1374 435,
1246 1347 1305 1366 nec

729 1397 795 1417 non
812 1388 898 1416 Serv,

779 1439 844 1470 474
861 1449 908 1455 —
923 1432 1000 1470 478.
1032 1432 1226 1472 Congressus
1251 1429 1305 1461 hic

729 1480 846 1510 Priami
859 1477 945 1508 filius
958 1479 991 1508 in
1003 1488 1100 1508 curru
1114 1488 1187 1507 cum
1197 1476 1305 1506 Achil-

729 1526 759 1555 le
769 1549 778 1563 ,
795 1532 866 1555 ante
879 1524 985 1554 Iliadis
1000 1532 1139 1565 tempora
1151 1546 1159 1560 ,
1173 1523 1305 1552 vulnere

731 1579 859 1612 accepto
887 1571 1047 1601 exciderat
1074 1581 1171 1600 curru
1181 1592 1189 1607 ‚
1220 1568 1308 1609 pedi·

730 1619 792 1649 hus
811 1620 893 1648 inter
914 1619 981 1648 lora
1010 1617 1188 1658 impeditis,
1207 1617 1250 1644 ita
1271 1622 1307 1644 ut

731 1666 842 1706 supina
860 1666 982 1694 cervice
996 1663 1190 1698 traheretur,
1208 1661 1308 1690 armis

732 1711 856 1743 ‹zmiesis
864 1735 872 1749 ,
884 1711 987 1751 clipeo
1005 1721 1045 1740 ex
1054 1720 1150 1739 manu
1161 1708 1289 1737 dimisso
1300 1718 1308 1743 ;

733 1768 806 1787 nam
830 1757 949 1787 hastam
971 1756 1115 1792 tenebat,
1134 1754 1188 1784 sed
1202 1755 1308 1783 inver-

733 1814 817 1840 sam,
837 1810 874 1832 ut
898 1803 976 1832 adeo
1000 1813 1058 1842 per
1079 1808 1194 1831 terram
1210 1806 1307 1829 tracta

734 1850 786 1879 illa
804 1849 907 1879 sulcos
922 1849 1048 1878 faceret.
1064 1849 1138 1878 Non
1154 1847 1239 1876 euim
1254 1856 1306 1875 ac-

736 1895 844 1925 cedam
861 1896 970 1926 Servio
983 1917 991 1931 ‚
1008 1895 1064 1934 qui
1082 1893 1228 1924 Troilum
1241 1891 1308 1922 has-

735 1950 797 1972 tam
811 1941 943 1972 Achillis
952 1963 960 1978 ,
971 1951 1032 1980 qna
1044 1938 1214 1970 transfixus
1224 1945 1289 1968 erat
1297 1961 1306 1976 ‚

735 1988 860 2018 vulneri
877 1987 1083 2017 inhaerentem
1102 1987 1234 2016 traxisse
1253 1985 1306 2014 ait.

735 2035 837 2065 Aliter
849 2035 934 2064 euim
947 2034 1107 2064 enuntiata
1122 2038 1224 2062 essent
1237 2031 1307 2061 illa:

737 2089 769 2111 et
785 2091 881 2110 versa
889 2079 994 2120 pulvis
1013 2078 1190 2109 inscribitur
1202 2077 1307 2108 hasta.

737 2127 878 2158 Observa
894 2134 996 2156 autem
1014 2131 1140 2167 poetam
1161 2123 1308 2155 recedere

738 2184 755 2203 a
771 2183 858 2203 more
881 2174 1050 2203 Homerico
1060 2195 1069 2210 ‚
1091 2182 1157 2213 quo
1174 2171 1286 2201 heroes
1298 2193 1306 2206 ,

737 2221 792 2260 qui
808 2226 951 2261 pugnant
978 2218 1017 2250 de
1047 2228 1163 2255 curru,
1187 2216 1307 2250 habent
