1433 2460
593 138 716 168 LIBER
742 139 767 167 Ι.
1241 138 1280 165 133

85 194 285 234 Ominibus
302 209 310 231 :
328 193 394 232 sed
414 206 529 244 regna
546 194 639 244 Tyri
659 207 859 244 germanus
880 193 1048 232 habebat

82 256 318 307 Pygmalion,
335 255 475 293 scelere
491 264 578 293 ante
600 255 692 292 alios
708 255 910 292 immanior
928 255 1060 294 omnis.

82 318 188 362 Quos
204 316 302 353 inter
319 315 465 353 medius
484 315 586 352 venit
607 315 725 352 furor.
744 315 811 352 Ille
828 316 1030 365 Sychaeum

80 377 225 427 Impius
243 386 329 414 ante
345 390 445 422 aras,
466 386 580 426 atque
596 377 679 413 auri
701 390 820 414 caecus
837 390 987 423 amore,

82 437 186 474 Clam
203 437 304 474 ferro
324 436 518 474 incautum
535 445 710 486 superat,
728 450 882 474 securus
902 449 1075 473 amorum
1236 444 1282 467 330

83 501 300 543 Germanae3
321 497 538 547 factumque
556 497 623 533 diu
638 496 792 542 celavit,
808 505 845 534 et
865 510 1021 547 aegram,

82 557 204 593 Multa
219 556 338 594 malus
354 557 550 602 simulans,
566 570 663 594 vana
683 570 749 608 spe
764 557 854 595 lusit
875 567 1072 594 amantem.

83 621 171 668 Ipsa
188 618 252 654 sed
270 618 306 653 in
327 619 467 655 somnis
488 618 673 655 inhumati
689 618 791 655 venit
810 619 934 668 imago

83 678 281 728 Coujugis,
303 691 369 715 ora
390 678 510 716 modis
532 679 714 715 adtollens
735 678 875 728 pallida
894 678 1019 723 miris;

83 738 253 775 Crudelis
272 751 373 784 aras,
391 739 622 788 trajectaque
638 747 793 787 pectora
812 738 915 774 ferro
1235 744 1284 768 355

82 799 144 833 Nu

203 797 267 845 μὶ,
288 810 505 847 caecumque
524 798 659 835 domus
679 798 799 835 scelus
817 810 928 834 omne
948 795 1097 833 retexit.

81 856 358 893 Turn'celerare
375 857 500 906 fugam
516 858 714 908 patriaque
735 858 919 895 excedere
937 857 1086 902 suadet,

81 915 352 965 Ailxiliumque
370 916 441 952 viae
462 921 608 954 veteres
627 918 758 954 tellure
776 917 937 954 recludit

81 976 312 1024 Thesauros,
328 977 501 1028 ignotum
521 979 668 1029 argenti
682 979 831 1029 pondus
850 987 887 1015 et
906 979 1003 1015 auri.

83 1152 263 1182 narratione
276 1162 307 1181 V.
322 1151 400 1182 621.
416 1170 463 1174 --
478 1153 554 1187 346.
581 1152 658 1182 Ger-

84 1209 196 1228 manus
218 1199 276 1228 int.
299 1197 443 1229 Didonis.
465 1201 544 1229 Rem
560 1200 656 1229 Justi-

84 1255 144 1274 nus
160 1245 309 1285 exposuit
328 1244 436 1285 paullo
462 1245 552 1275 aliter
572 1245 656 1275 libro

84 1292 195 1320 xvm
206 1313 214 1327 ‚
233 1296 252 1326 4
269 1300 315 1330 sq.
334 1293 419 1332 Quos
432 1291 530 1328 incer,
553 1291 653 1321 intell.

81 1336 248 1377 Sychaeum
258 1342 288 1366 et
299 1337 546 1379 Pygmalionem.
559 1340 658 1368 Furor

81 1390 201 1422 quanto
214 1385 375 1424 potentius
390 1394 486 1424 quam
506 1385 571 1422 ira,
598 1386 655 1414 ini-

81 1430 215 1460 micitia!
230 1431 357 1461 —350.
370 1433 464 1461 Ferro
478 1439 608 1472 superat
619 1438 656 1460 ut

81 1471 170 1518 δαιμᾷ
198 1477 385 1517 simpliciter
419 1477 512 1508 caedit
529 1501 537 1515 ,
568 1477 655 1508 nulla

80 1533 152 1552 cum
180 1523 328 1554 vincendi
354 1525 496 1554 notione.
524 1526 656 1554 Securus

80 1579 223 1600 amorum
234 1582 268 1613 g.
284 1571 330 1600 nil
343 1581 473 1608 cnrans3
486 1582 526 1601 ne
539 1582 574 1601 ea
587 1571 655 1611 qui-

79 1614 150 1645 dem
176 1618 368 1658 cogitatione
390 1628 407 1647 a
429 1618 546 1647 scelere
565 1628 653 1648 revo-

81 1669 184 1700 catus,
201 1663 290 1703 quod
304 1665 427 1701 sorori,
452 1675 523 1704 quae
540 1666 652 1694 misere

81 1709 248 1749 conjugem
271 1711 408 1747 amabat,
430 1721 569 1741 summos
590 1711 654 1741 luc-

81 1762 132 1783 tus
146 1762 274 1786 crearet.
287 1757 367 1793 vn,
384 1757 446 1786 303
464 1764 572 1796 optato
585 1767 656 1787 con-

81 1800 201 1831 duntur
217 1801 350 1832 Tibridis
372 1803 462 1832 alveo
483 1803 591 1832 Securi
596 1813 655 1843 pe·

82 1846 154 1889 lagi
176 1855 273 1889 acque
292 1849 364 1879 mei.
380 1850 462 1878 Mox
483 1860 563 1880 vex-5.
589 1850 653 1879 352

83 1894 187 1924 malus
221 1895 261 1924 ad
298 1895 442 1925 fraudem
473 1906 508 1925 ac
544 1895 654 1926 dolum

83 1948 210 1980 spectat.

133 1988 325 2019 353—356.
345 1987 508 2018 inhumati
521 2000 547 2019 c.
564 1996 656 2031 auget

82 2044 133 2064 rer
152 2036 347 2066 atrocitatem
365 2043 395 2065 et
414 2036 529 2065 somnii
552 2046 656 2066 narra-

83 2081 107 2110 ti
125 2082 379 2121 probabilitatem
396 2082 559 2123 epitheton
572 2083 634 2112 hoc
645 2105 653 2119 ‚

81 2128 109 2156 si
121 2129 301 2160 memineris
316 2129 490 2170 insepultos
501 2151 509 2166 ,
525 2130 586 2159 m'si
598 2129 655 2159 hu-

82 2182 226 2213 meutur‚
255 2176 355 2216 quieti
378 2175 467 2206 reddi
491 2186 558 2206 non
584 2187 655 2217 pos-

80 2230 124 2251 se.
146 2222 183 2251 In
201 2222 306 2253 verbis
324 2230 396 2253 ante
415 2222 524 2253 oculos
543 2222 654 2252 habuit

82 2274 194 2298 notum
218 2271 442 2300 Lucretianum
456 2279 464 2300 :
481 2269 653 2299 simulacra

711 1153 813 1182 modis
822 1151 985 1192 pallentia
999 1150 1101 1186 miris,
1116 1150 1149 1181 h.
1161 1162 1188 1181 e.
1200 1152 1283 1181 miro

710 1199 805 1230 modo
818 1198 944 1239 pallida.
966 1197 1114 1227 Crudeles
1127 1208 1204 1226 aras
1213 1220 1223 1233 ,
1248 1197 1281 1228 h.

709 1257 737 1276 e.
763 1246 866 1275 scelus
890 1244 1018 1274 crudele
1045 1242 1084 1273 ad
1108 1253 1173 1273 aras
1194 1245 1228 1272 in
1251 1254 1283 1274 se

709 1293 928 1328 commissum,
945 1297 1141 1332 traJectaque
1149 1297 1283 1330 pectora

698 1339 811 1380 ferro,
826 1338 859 1368 h.
877 1349 903 1368 e.
918 1337 1035 1367 caedem
1056 1347 1164 1374 suam,
1183 1337 1285 1367 nuda-

708 1385 768 1422 vit,
793 1396 868 1415 cum
886 1384 967 1414 clam
990 1384 1070 1414 facta
1094 1390 1193 1421 esset,
1220 1394 1284 1413 ma-

709 1432 854 1462 nifestam
872 1431 965 1467 fecit3
989 1441 1063 1460 nam
1085 1430 1207 1459 nudare
1229 1441 1284 1460 ex-

709 1480 822 1519 quisite
836 1489 895 1518 pro
909 1484 1048 1518 retegere
1061 1499 1069 1514 ,
1096 1476 1262 1506 recludere
1275 1499 1283 1514 ,

708 1533 894 1555 monstrare.
915 1524 1000 1554 Hinc
1020 1534 1140 1553 caecum
1159 1523 1259 1553 scelus
1271 1546 1281 1558 ‚

708 1572 889 1608 occultum,
905 1570 1036 1609 domus,
1053 1582 1069 1600 a
1084 1571 1178 1600 fratre
1191 1570 1226 1599 in
1238 1581 1285 1599 so-

707 1620 789 1648 roris
816 1619 930 1648 marito
954 1618 1167 1647 commissum.
1195 1618 1282 1646 conf.

706 1665 801 1696 Ovid.
816 1667 873 1705 Ep.
885 1666 959 1701 VII,
979 1675 991 1693 1
1002 1675 1014 1693 1
1024 1665 1053 1694 3.
1066 1682 1113 1687 --
1126 1664 1201 1699 354.
1217 1664 1285 1692 Tol-

707 1711 774 1740 lens
793 1710 957 1751 pallentia
981 1710 1055 1741 edit.
1082 1713 1198 1741 Venet.
1216 1711 1284 1740 Dis-

709 1758 820 1787 tinctio
842 1763 916 1798 post
937 1756 1082 1798 conjugis
1108 1763 1155 1786 est
1173 1766 1189 1785 a
1208 1757 1286 1786 Bur-

708 1813 806 1841 man.;
823 1810 911 1832 antea
927 1814 994 1833 non
1011 1804 1071 1832 nisi
1085 1809 1157 1843 post
1173 1801 1269 1832 miris.

759 1850 835 1886 357.
859 1848 1042 1889 Patriaeque
1060 1848 1176 1879 Medic.
1195 1849 1285 1889 quod

709 1894 846 1925 illustrat
859 1896 969 1925 Heius.
987 1895 1195 1936 Pan-iamque
1209 1897 1286 1925 anti-

710 1943 858 1982 quissima
872 1943 993 1983 aliquot
1012 1942 1203 1983 exemplaria
1217 1942 1286 1972 Pie-

710 1989 768 2025 rii,
789 1989 866 2018 alter
880 1989 995 2019 Hamb.
1016 1990 1126 2019 Franc.
1147 1994 1178 2018 et
1189 1989 1282 2018 Witt.

709 2034 797 2075 quod
827 2035 912 2065 haud
938 2035 1035 2065 dubie
1059 2035 1194 2065 doctius.
1221 2034 1284 2065 Sed

698 2081 819 2122 fitgam
835 2089 1053 2122 praecesserat3
1074 2080 1159 2111 unde
1182 2082 1284 2111 erton·

707 2128 785 2157 illud
797 2128 906 2159 deberi
915 2135 1029 2170 pote-513
1041 2135 1109 2159 tum
1122 2128 1228 2158 minus
1237 2128 1284 2157 in-

707 2182 833 2215 gratum
847 2183 894 2205 est
905 2175 1036 2206 auribus
1041 2174 1155 2217 patria
1164 2197 1175 2211 ‚
1194 2174 1282 2214 quod

706 2222 833 2261 praefert
853 2230 927 2263 post
947 2223 1045 2253 Henr.
1068 2221 1176 2262 Steph.
1199 2222 1280 2251 Bur-

706 2278 802 2298 mann
806 2279 851 2299 US.
