1433 2460
578 128 701 158 LIBER
725 128 751 156 1.
1223 138 1264 166 99

71 192 227 224 Centum
245 185 346 233 aliae,
365 186 598 236 totidemque
619 199 729 236 pares
752 193 861 222 aetate
877 184 1056 229 ministri,
1219 194 1265 226 70⁵

71 248 147 293 Qui
161 245 322 296 dapibus
341 259 486 284 mensas
502 255 679 293 onerant,
697 256 733 283 et
749 245 885 296 pocula
900 255 1056 295 ponunt.

70 308 148 343 Nec
162 318 238 342 non
255 315 292 343 et
311 307 417 355 Tyrii
432 321 501 357 per
519 307 647 343 limina
662 307 748 343 laeta
766 306 981 355 frequentes

69 366 306 412 Convenere,
324 367 414 404 toris
430 367 526 417 jussi
543 366 783 404 discumbere
804 366 926 416 pictis.

68 426 258 463 Mirantur
277 427 376 464 dona
399 430 545 476 AEneae3
563 428 750 466 mirantur
768 429 914 474 Iulum,

67 485 358 537 Flagrantesque
378 488 439 525 dei
456 489 599 534 voltus,
617 490 866 539 simulataque
883 487 1019 532 verba,

65 634 210 673 sequiora
225 640 378 674 tempora,
394 634 557 675 religiosus
572 645 640 664 mos

66 679 128 708 fuit
139 701 148 716 ,
174 686 210 708 ut
238 680 271 709 in
298 680 384 710 festis
403 681 512 710 saltem
538 681 639 720 epulis

67 724 156 754 focus
179 726 245 766 igni
278 726 416 763 luceret,
449 728 483 755 in
508 726 639 756 deorum

67 772 177 811 utique
190 772 356 808 honorem,
368 774 533 802 Penatium
545 773 641 800 maxi-

67 827 118 846 me
128 817 178 846 vel
188 818 283 847 Genii
293 818 342 847 vel
353 819 438 848 Laris
450 829 458 855 ;
475 818 551 847 sacta
563 827 640 857 quo-

67 874 129 903 que
145 864 180 892 in
201 863 309 893 focum
323 864 477 893 libatione
489 864 568 901 n‘ni,
583 874 639 892 seu

67 916 138 939 ture
151 916 288 939 cremato
299 919 308 947 ;
323 909 452 939 heroica
466 910 530 939 vita
546 910 639 939 etiam

68 956 172 986 ceu-nis
193 957 346 996 prosectis
364 957 399 985 in
419 957 525 996 ignem
544 956 640 994 injec-

67 1002 119 1032 fis.
147 1003 196 1032 De
213 1008 283 1031 ture
299 1007 429 1031 testatur
441 1002 532 1032 locus
548 1013 564 1032 e
580 1002 638 1032 Ge.

69 1049 136 1085 IV,
160 1048 223 1086 358
235 1071 244 1086 ,
269 1049 334 1088 379
350 1050 513 1079 excitatus.
531 1050 570 1078 In
585 1059 640 1078 ex-

69 1094 218 1136 plicando
241 1105 311 1124 voc.
330 1095 462 1125 adolere
481 1101 642 1136 nugantur

71 1140 287 1171 Grammatici.
319 1141 456 1171 Videtur
489 1142 572 1171 olere
602 1141 641 1170 ab

67 1187 160 1217 initio
175 1188 308 1217 omnino
323 1189 487 1218 notionem
504 1187 642 1228 augendi

68 1232 215 1263 habuisse
226 1256 234 1270 ,
256 1233 311 1262 sed
325 1234 499 1264 substitisse
515 1233 641 1264 tandem

67 1280 105 1308 in
123 1289 189 1309 uno
210 1289 317 1309 rerum
329 1291 461 1321 genere,
487 1280 575 1321 quod
590 1281 641 1310 in-

68 1332 264 1354 crementum
272 1325 367 1356 habet
376 1327 576 1365 continuum,
588 1337 643 1356 seu

69 1370 156 1412 quod
179 1372 401 1410 continuatur,
421 1373 542 1403 scilicet
557 1373 643 1402 flam-

72 1426 132 1446 mae
150 1418 186 1447 in
199 1417 308 1448 fomite
329 1419 473 1456 nutritae3
487 1417 573 1448 unde
587 1419 644 1448 ad-

73 1463 158 1493 olere
180 1470 226 1493 est
247 1474 404 1502 cremare;
429 1472 499 1494 tum
515 1466 595 1494 fumi
613 1471 645 1494 et

72 1508 180 1540 odoris
202 1519 243 1538 ex
266 1517 401 1540 cremata
422 1511 562 1541 vicfimae
581 1521 645 1541 car-

72 1565 113 1585 ne
126 1555 176 1586 vel
189 1561 278 1593 ture3
296 1556 381 1586 unde
402 1557 487 1587 olere
509 1563 555 1587 est
569 1557 644 1587 odo-

72 1611 140 1631 rem
163 1603 314 1632 emittere.
349 1603 512 1633 Nonnulla
535 1602 573 1633 de
594 1603 645 1633 his

71 1647 135 1685 jam
149 1648 184 1678 in
198 1649 342 1679 Perizon.
352 1649 392 1678 ad
407 1652 511 1681 Sanct.
527 1661 559 1690 p.
578 1651 640 1689 757

74 1703 241 1723 occurrere
253 1693 358 1725 video.

124 1740 189 1776 705
202 1761 210 1776 ‚
228 1740 305 1776 706.
324 1741 479 1771 Ducentis
501 1742 568 1772 aliis
590 1743 647 1772 mi-

74 1786 241 1815 nister—ium
267 1785 384 1826 dapum
405 1793 437 1816 et
457 1788 527 1817 vini
551 1798 647 1828 appo-

75 1831 173 1862 nendi·
196 1832 391 1863 mandatum.
417 1835 517 1862 Pares
531 1841 646 1871 aetate,

75 1878 133 1908 int.
147 1889 282 1918 pueros,
299 1890 340 1909 ex
362 1889 461 1909 more.
477 1879 583 1910 valer:
599 1879 647 1910 Fl.

75 1924 127 1962 ΙΙ,
159 1925 223 1954 653
237 1947 245 1961 ,
271 1925 345 1955 loco
371 1926 448 1955 hinc
475 1936 646 1967 expresso:

76 1978 266 2012 centumque
274 1983 372 2012 pares
387 1974 538 2012 primaeva
558 1971 652 2002 mini-

77 2016 135 2047 stri
149 2017 299 2058 Corpora.
320 2019 400 2058 Quae
425 2017 464 2048 de
479 2019 604 2058 poculis
617 2020 652 2048 iu

79 2063 220 2093 secunda
234 2063 363 2094 demum
383 2075 490 2094 mensa
503 2064 654 2094 adhibitis

79 2116 232 2140 memorat
250 2111 452 2140 Burmannus
474 2110 507 2140 h.
526 2111 548 2140 l.
567 2118 598 2141 et
615 2110 654 2140 ad

79 2165 111 2186 V.
130 2156 192 2194 737
206 2179 215 2193 ,
240 2155 279 2186 ad
303 2156 430 2187 heroica
447 2163 588 2197 tempora
607 2168 655 2187 re-

81 2200 209 2231 ferenda
230 2212 300 2233 non
314 2210 414 2233 erant.
438 2202 536 2234 Cibus
552 2210 583 2233 et
596 2214 654 2244 po-

83 2253 134 2278 tus
148 2257 198 2289 ap.
223 2249 354 2281 Homer.
379 2250 484 2281 statim
503 2249 544 2281 ab
562 2252 655 2282 initio

1218 504 1266 528 710

693 641 921 675 apponuntur3
944 633 1079 671 majores
1101 633 1210 662 calices
1229 633 1266 662 ad

693 680 877 710 libationem
911 678 1084 709 faciendam
1109 679 1148 708 ad
1170 677 1267 708 finem

695 736 812 763 coenae;
844 732 880 755 ut
912 732 943 755 et
966 725 1019 754 hic
1044 725 1100 754 inf.
1127 726 1203 763 723.
1221 743 1267 748 —-

696 773 772 809 706.
803 773 907 801 Antea
946 778 1096 806 onerent,
1128 779 1266 811 ponant.

693 817 774 848 Sed·
795 824 948 853 onerant,
969 824 1099 858 ponunt
1131 819 1266 848 Roman.

693 875 765 894 cum
797 864 957 904 plerisque
986 864 1053 894 aliis
1077 865 1267 904 pervetustis

693 911 787 941 Pierii
797 933 806 946 ‚
824 909 913 951 quod
938 917 1023 941 recte
1037 910 1084 940 illi
1099 910 1264 951 probatur,

694 963 843 998 tauquam
864 957 954 997 quod
980 958 1088 987 nescio
1111 956 1189 997 quid
1202 958 1268 996 pic-

693 1004 829 1034 turatius
855 1002 986 1041 habeat,
1005 1014 1106 1044 quum
1127 1014 1176 1033 res
1200 1004 1269 1043 ipsa

693 1051 737 1080 ita
753 1050 820 1091 geri
834 1048 990 1081 videatur.
1001 1050 1126 1081 Scilicet
1135 1050 1268 1080 omnino

694 1096 757 1126 hoc
781 1097 816 1125 in
844 1097 977 1126 Marone
1002 1096 1170 1126 observare
1193 1096 1270 1125 licet

695 1141 790 1184 (vide
802 1153 833 1172 v.
848 1152 876 1172 c.
885 1144 942 1180 IV,
955 1141 1013 1184 27)
1024 1153 1032 1180 3
1043 1142 1162 1172 recedit
1169 1142 1221 1171 ille
1229 1142 1268 1171 ab

694 1189 754 1218 hac
763 1190 988 1228 consequentia
1002 1196 1184 1229 temporum
1193 1211 1202 1224 ,
1217 1189 1268 1217 cui

695 1242 860 1275 tantopere
883 1234 1030 1265 studebat
1043 1236 1155 1266 Cicero
1167 1257 1176 1272 ,
1185 1241 1217 1264 et
1229 1245 1269 1264 ex

695 1292 756 1322 qua
769 1280 940 1311 dicendum
959 1288 1041 1312 esset
1051 1303 1059 1318 ‚
1077 1280 1165 1322 qnod
1181 1287 1270 1310 antea

693 1327 748 1357 hic
758 1327 879 1357 editum
891 1334 974 1358 erat:
993 1328 1124 1358 Centum
1134 1326 1273 1356 ministri

695 1380 790 1411 sunt,
809 1373 919 1413 qui—
928 1381 1064 1404 onerent
1083 1380 1115 1403 et
1127 1380 1270 1414 ponant.

746 1429 809 1457 707
822 1442 831 1456 ,
847 1420 925 1458 708.
944 1422 1009 1449 Per
1029 1418 1143 1449 limina
1169 1420 1247 1449 Iaeta
1260 1441 1269 1455 ,

697 1465 801 1506 simpl.
815 1466 851 1495 in
874 1465 981 1496 domo.
1007 1466 1090 1496 Mox
1114 1464 1178 1494 tori
1190 1465 1274 1505 picti

696 1511 813 1541 iterum
824 1534 833 1549 ‚
849 1518 924 1542 sunt
942 1518 1043 1542 vestes
1059 1511 1214 1553 stragulae.
1225 1528 1272 1534 —

699 1567 777 1596 710.
794 1558 979 1599 Flagrantis
996 1557 1114 1589 Medic.
1135 1568 1163 1588 c.
1180 1559 1272 1588 Men-

697 1604 751 1634 tel.
774 1615 824 1645 pr.
842 1604 983 1635 Parrhas.
1007 1612 1039 1634 et
1053 1605 1092 1636 al.
1109 1605 1213 1635 Etiam
1227 1605 1272 1634 sic

697 1652 791 1682 Rom.
807 1652 864 1691 qui
879 1651 953 1681 alias
967 1658 1097 1692 quartos
1112 1661 1202 1680 casus
1217 1661 1274 1691 per

700 1707 733 1726 es
754 1697 856 1728 effert.
886 1697 946 1729 Sed
955 1698 1161 1740 flagrantem
1179 1696 1275 1726 deum

699 1744 757 1772 vix
767 1743 847 1773 feras
858 1754 866 1780 ;
881 1750 913 1773 et
922 1743 1085 1784 epitheton
1093 1743 1126 1774 h.
1137 1743 1159 1773 1.
1171 1743 1275 1782 requi-

700 1790 783 1818 ritur
802 1790 838 1818 in
850 1790 1211 1830 vulcus.——Flagrante5
1225 1788 1278 1817 dei

700 1835 820 1864 vulcus.
835 1837 980 1866 Servius:
997 1835 1146 1864 ardentes
1161 1833 1277 1864 divini-

702 1887 788 1916 tate;
809 1880 863 1910 sed
881 1881 943 1911 hoc
964 1891 1078 1921 parum
1100 1881 1192 1911 clare.
1211 1881 1278 1911 Nec

705 1927 819 1956 clarius
844 1928 1000 1957 Donatus.
1043 1928 1088 1957 Ut
1118 1926 1157 1957 de
1186 1937 1278 1956 roseo

705 1983 857 2013 genarum
870 1973 976 2003 colore
993 1983 1068 2003 cum
1084 1972 1184 2004 cerda
1202 1974 1280 2002 acci-

706 2020 774 2059 pias
788 2041 796 2055 ,
824 2020 881 2048 vix
912 2019 1068 2060 loquendi
1101 2021 1183 2050 ratio
1207 2019 1278 2049 fert.

706 2064 858 2095 Arbitror
889 2066 995 2095 oculos
1003 2064 1173 2107 fulgentes
1193 2065 1279 2096 indi-

708 2112 789 2148 cari,
822 2118 933 2152 utpote
951 2113 1098 2150 Amoris3
1119 2122 1202 2153 saepe
1230 2122 1279 2153 ap.

708 2157 861 2188 Ovidium
879 2158 969 2199 igne,
989 2158 1074 2200 ignis
1099 2159 1210 2201 algore
1226 2158 1282 2187 mi-

708 2211 841 2241 cance5;
868 2206 944 2235 item
964 2205 1150 2249 flagrantes
1175 2204 1278 2240 oculi,

698 2250 885 2294 flagrantia
931 2251 1054 2283 lumina
1101 2258 1279 2283 amaneum.
