1402 2460
577 64 699 95 LIBER
725 66 767 94 11.

1211 70 1269 99 181

82 121 335 169 Prospicicns,
353 138 367 153 «
386 122 501 166 Nate,
518 120 722 167 exclamat,
739 121 846 171 suge,
866 131 970 169 nate;
987 125 1255 176 propinquant.

76 180 252 219 Ardentis
269 182 421 232 clypeos
441 187 553 231 atque
571 192 645 217 aera
660 181 839 218 micantia
858 195 983 219 cerno.
998 200 1013 216 »

127 243 199 278 Hic
218 242 311 279 mihi
329 242 456 280 nescio
476 242 580 292 quod
600 241 753 292 trepido
770 242 867 278 male
886 256 1026 282 numen
1043 246 1205 285 amicum
1229 257 1277 290 735

75 303 276 340 Confusam
293 303 433 353 eripuit
448 313 624 340 mentem.
641 305 833 353 Namque,
850 304 934 341 avia
953 318 1067 344 cursu

75 365 176 398 Dum
196 375 354 413 sequor,
371 373 408 401 et
423 373 513 400 nota
529 362 674 400 excedo
692 363 847 413 regione
864 365 1012 402 viarum
1023 394 1032 411 ‚

74 425 176 459 Heu!
195 423 332 461 misero
350 425 490 475 conjux
508 424 635 462 fatone
652 434 784 475 erepta
803 427 947 463 Creusa

75 472 271 530 Substitit,
286 486 477 523 erravitne
497 485 578 531 via,
596 499 663 522 seu
679 486 774 523 lassa
790 486 946 532 resedit,

76 546 266 581 Incertum
283 560 293 591 ;
313 559 382 582 nec
399 554 485 595 post
506 546 625 583 oculis
643 555 699 583 est
713 545 862 583 reddita
879 546 1029 583 nostris.
1230 562 1278 592 74⁰

74 605 153 640 Nec
171 604 276 654 prius
293 606 466 642 amissam
484 605 652 655 respexi,
669 606 883 642 animumve
900 606 1048 651 reflexi,

73 669 196 710 Quam
214 666 401 703 tumulum
418 667 582 715 antiquae
599 666 747 703 Cereris
767 666 971 715 sedemque
987 676 1171 705 sacratam

74 725 253 762 Venimus
272 740 279 761 z
301 725 363 763 hic
378 726 530 763 demum
548 725 727 762 conlectis
742 725 919 763 omnibus
937 739 1013 762 una

72 786 221 831 Defuit,
240 795 276 823 et
295 786 469 832 comites,
485 795 692 836 natumque
704 814 714 831 ‚
729 786 932 836 virumque
949 786 1092 824 fefellit.

75 848 197 890 Quem
217 858 294 881 non
314 846 485 883 incusavi
501 858 628 883 amens
643 845 921 896 hominumque
938 846 1200 897 deorumque?
1228 858 1275 890 7⁴²5

71 909 147 942 Aut
166 906 257 955 quid
278 907 315 942 in
334 919 465 944 eversa
479 906 560 944 vidi
575 905 767 944 crudelius
786 906 907 943 urbe?

71 1080 151 1109 Nam
171 1089 274 1119 neque
291 1089 417 1109 omnem
439 1080 545 1111 adhuc
564 1084 648 1112 viam

72 1133 136 1155 erat
153 1135 297 1155 emensus
307 1148 315 1162 ,
332 1136 390 1156 nec
404 1127 443 1156 de
454 1128 506 1156 via
522 1127 560 1156 ad
575 1139 649 1168 por-

72 1178 116 1200 tas
133 1172 213 1201 facta
229 1172 277 1201 bis
291 1183 465 1203 memorare
479 1174 646 1205 attinebat:

70 1224 99 1247 at
131 1218 192 1248 hoc
219 1225 285 1248 erat
312 1219 535 1257 memorabile,
561 1220 648 1261 quod

67 1266 131 1302 jam
159 1274 268 1294 omues
294 1265 432 1295 fortunae
455 1267 647 1298 vicissitudi-

69 1321 139 1346 nes,
159 1311 282 1347 omnia‚
307 1321 379 1350 quae
393 1312 557 1351 timuerat,
575 1325 646 1345 eva-

67 1358 141 1387 sisse
154 1356 214 1387 sibi
233 1356 415 1394 videbatum
433 1358 510 1389 falso
533 1366 647 1393 tamen.

70 1405 188 1445 Recepi
202 1405 308 1444 itaque
323 1414 391 1434 eam
404 1404 462 1434 hac
473 1405 567 1437 altera
581 1408 648 1438 edi-

68 1451 174 1488 tione3
190 1450 278 1492 quod
290 1452 354 1489 jam
370 1451 487 1482 fecerat
502 1454 643 1486 Brunck.

69 1498 184 1539 Vulgg.
198 1498 302 1528 viam.

116 1546 308 1583 735—741.
326 1546 428 1585 Super
442 1544 560 1576 decoro
568 1548 602 1577 in
612 1547 644 1579 h.

67 1591 88 1621 l.
100 1600 223 1622 servato
233 1615 241 1627 ‚
255 1593 281 1620 si
297 1591 335 1621 ad
350 1598 476 1622 nostros
491 1603 595 1623 mores
610 1605 645 1624 ac

66 1648 175 1667 sensus
187 1639 329 1674 aestimes,
344 1637 431 1677 quod
444 1639 529 1678 apud
542 1650 646 1671 aman-

65 1691 128 1713 tem
140 1683 298 1714 Didonem
306 1683 375 1713 haec
388 1693 567 1723 narrantur,
578 1697 645 1717 non

32 1737 34 1740 ’
66 1730 148 1761 male
174 1730 347 1770 disputavit
374 1731 554 1771 Segraisius.
575 1734 645 1762 Nu-

66 1788 139 1807 men
162 1776 250 1806 male
272 1776 430 1812 amicum,
457 1777 644 1816 inimicum,

66 1823 215 1853 infestum
224 1820 240 1860 ,⁶
248 1819 370 1865 δαίμων
381 1833 424 1858 τις
436 1821 543 1858 κακός.
555 1826 644 1855 Men-

67 1877 129 1899 tem
139 1868 306 1911 confusam
321 1870 436 1910 eripuit
442 1880 452 1898 :
463 1870 643 1909 duojunxjt

67 1927 138 1956 quae
153 1916 217 1947 fere
235 1916 394 1957 sigillatim
411 1918 489 1957 poni
510 1917 614 1947 solent
633 1929 641 1950 :

67 1963 187 2004 eripere
203 1971 342 1993 mentem
356 1975 366 1993 :
387 1960 542 2000 ἐξελέσθαι
568 1963 640 2006 φρέ-

15 2036 20 2041 .
67 2019 138 2048 νας;
155 2021 245 2040 Ilien-5
261 2020 321 2040 coll
339 2021 414 2047 lisa,
431 2010 617 2051 perturbata
633 2021 642 2042 Ζ

66 2054 116 2085 σὺν
133 2053 168 2087 δὲ
183 2056 305 2100 γέροντ’.
318 2055 384 2092 νόος
400 2056 487 2098 χύτο.
508 2058 640 2087 Utrum—

67 2113 128 2142 que
141 2105 359 2135 Homericum.
372 2104 412 2135 cf.
431 2105 536 2134 Guell.
552 2105 642 2134 Nota

66 2150 194 2191 regione
205 2149 334 2180 viarum
352 2161 411 2192 pro
430 2151 549 2182 excedo
561 2173 569 2188 ,
586 2150 639 2181 de-

66 2194 178 2233 flecto,
198 2195 236 2226 de
257 2198 317 2227 viis
336 2199 419 2227 notis
432 2221 440 2235 ‚
465 2198 638 2240 frequenti-

225 2264 274 2298 ΙΙ.

702 1080 783 1117 hus;
802 1087 868 1110 tum
889 1092 949 1121 pro
968 1082 1028 1112 via
1050 1084 1128 1123 poni
1146 1092 1282 1123 possunt

702 1125 790 1162 loca,
798 1134 922 1166 partes,
942 1128 1108 1169 regiones,
1128 1140 1186 1169 per
1203 1140 1281 1170 quas

703 1172 762 1201 viae
782 1180 912 1212 patent;
932 1173 1008 1204 hinc
1037 1175 1125 1216 regio
1149 1175 1280 1205 'vianna

701 1220 803 1257 poetis
827 1219 933 1250 ducta.
951 1221 1103 1261 Exempla
1126 1231 1175 1262 ap.
1198 1223 1279 1252 Bur-

701 1274 855 1295 mannum
868 1274 1021 1306 suun—7
1030 1268 1083 1298 38.
1099 1269 1199 1309 Jungi
1211 1279 1282 1309 pos-

701 1312 873 1353 sunt:fizto
889 1321 998 1352 erepta
1015 1314 1149 1350 Creusa,
1167 1315 1279 1344 substi-

704 1356 782 1387 tz'tnc
801 1370 844 1388 an
861 1359 977 1389 erravit
987 1360 1058 1391 via.
1076 1375 1092 1386 «
1105 1362 1180 1391 Non
1193 1363 1279 1391 enim

703 1405 829 1435 dubitat
855 1405 919 1436 fato
945 1417 1011 1436 esse
1035 1406 1211 1446 sublatam3
1236 1409 1278 1439 cf.

700 1452 757 1482 inf.
789 1463 866 1491 777.
883 1467 898 1479 ³>
920 1455 968 1483 Ita
994 1455 1133 1485 Servius.
1161 1455 1279 1493 Melius

699 1505 805 1529 tamen
817 1509 824 1530 :
834 1499 956 1540 conjux
970 1499 1049 1529 mihi
1061 1500 1177 1530 misero
1191 1513 1279 1542 erep-

700 1551 734 1574 ta
766 1546 883 1575 Creiisa
900 1546 1022 1587 fatone
1049 1547 1202 1584 substitit,
1233 1559 1277 1577 tm

700 1592 818 1622 erravit
827 1592 868 1622 de
885 1592 956 1630 via,
974 1603 1018 1622 an
1033 1593 1121 1623 lassa
1137 1594 1255 1623 resedit
1262 1598 1278 1623 .³

698 1649 764 1676 -7
773 1639 825 1678 39.
845 1639 1016 1669 Erraviene
1030 1640 1124 1669 viam
1143 1641 1255 1670 Franc.
1269 1663 1278 1676 ‚

698 1695 754 1714 seu
770 1693 866 1725 capta
885 1696 945 1725 pro
964 1685 1028 1716 div.
1046 1686 1120 1716 lect.
1139 1685 1226 1716 Gud.
1248 1693 1279 1716 et

698 1741 748 1770 pr.
767 1731 919 1762 Rottend.
934 1741 950 1761 a
964 1742 1007 1761 m.
1022 1742 1071 1772 pr.
1089 1742 1227 1772 eumque
1240 1733 1278 1762 iis

699 1776 796 1807 Goth.
808 1784 880 1807 tert.
891 1779 1011 1818 Lapsa,
1025 1778 1162 1808 sollenni
1175 1778 1277 1818 lapsu,

696 1823 731 1853 in
743 1822 840 1853 Goth.
852 1834 900 1864 pr.
913 1830 943 1853 et
953 1823 1060 1853 multis
1069 1824 1155 1864 apud
1165 1825 1276 1855 Heius.

696 1875 728 1898 et
749 1871 858 1900 Burm.
868 1892 876 1906 ,
890 1869 977 1910 quod
996 1870 1120 1900 mireris
1135 1872 1277 1911 potuisse

696 1916 826 1956 probari
842 1917 913 1946 viro
931 1916 1126 1948 doctissimo.
1137 1935 1184 1942 -—-
1196 1923 1274 1957 742.

699 1964 728 1992 T
726 1962 867 1992 amulum
879 1986 887 1999 ,
916 1963 1061 2004 antiquae
1089 1963 1208 1994 Cereris
1225 1975 1274 1994 se-

695 2009 768 2039 dem
781 2032 789 2046 ‚
815 2010 905 2040 collis
929 2009 963 2039 in
983 2015 1048 2051 qu‘o
1068 2011 1196 2052 antiqua
1215 2011 1274 2042 Ce-

695 2058 774 2086 reris
795 2056 875 2086 aedes
886 2079 894 2094 ,
920 2067 990 2097 sup.
1020 2058 1097 2095 713.
1125 2058 1210 2088 Male
1237 2057 1282 2088 de

695 2103 841 2143 sepulcro
854 2106 972 2135 Potter.
988 2104 1042 2134 Gr.
1056 2105 1134 2135 Ant.
1151 2111 1173 2136 t.
1194 2107 1220 2142 Ι,
1248 2116 1282 2146 p.

699 2160 712 2179 1
723 2156 774 2188 74.
799 2151 881 2180 Mox
908 2151 972 2189 746
999 2150 1174 2188 crudelius,
1193 2151 1227 2181 h.
1258 2152 1279 2182 l.

692 2196 781 2237 quod
793 2198 889 2238 magis
904 2197 1035 2228 doleret.

1097 2264 1141 2299 16
