1433 2460
108 55 148 89 48

612 52 805 82 stixsslnos

107 111 340 148 (Ilandvntnr
360 110 449 145 Bvlti
470 117 610 158 portae3
631 113 754 146 Furor
776 110 913 159 impius
935 110 1057 156 intus,

107 175 214 207 Saeva
232 171 364 207 sedens
384 183 498 219 super
517 183 640 216 arma,
658 179 693 207 ot
716 180 866 207 contum
886 170 1034 208 vinctus
1051 170 1182 208 alicnis

1266 181 1312 213 ²9⁵

108 235 190 268 Post
217 242 360 280 {ci-guin
384 230 511 276 nodis,
530 231 663 268 fremet
681 231 860 268 horridus
881 246 948 268 ore
971 240 1142 269 criu-nto.
1167 250 1181 265 »

161 296 248 330 lla—‹-
270 293 318 328 ait
339 305 346 326 :
366 301 402 328 vt
419 292 520 329 Maia
541 293 712 342 genitum
727 293 890 330 demittit
911 292 958 329 ab
977 294 1071 339 alto;

108 356 155 390 lf't
178 362 304 397 terrae,
327 362 442 401 utque
459 366 566 390 novae
588 361 739 402 pati-ant
756 353 995 403 Carthaginis
1018 366 1123 389 arces

109 414 283 462 Hospitio
303 414 459 450 Teucris
479 427 487 448 :
508 428 554 450 no
577 415 641 450 sati
662 415 786 451 nescia
805 414 908 451 Dido

107 473 263 510 Finibus
283 482 439 510 arceret.
457 474 568 510 Volat
587 475 646 510 ille
664 488 733 524 per
753 487 841 511 acra
862 487 1039 523 magnum

1266 482 1315 507 300

109 534 280 583 Remigio
302 534 465 580 alarum,
487 548 529 571 ac
547 534 678 583 Libyae
695 535 792 572 citus
814 534 959 570 adstitit
978 534 1067 571 oris.

109 597 150 631 Et
166 595 242 644 jani
257 596 361 644 jussa
381 595 486 641 facit,
506 604 729 645 ponuntque
747 595 889 632 ferocia
907 594 1011 631 Poeni

108 654 232 690 (jorda
244 682 254 699 ,
271 654 420 690 volente
437 654 526 690 deo:
548 655 584 691 in
605 655 736 705 primis
754 655 883 705 regina
901 654 1070 704 quietum

108 810 223 839 aspera
251 800 435 836 mitescent,
455 807 579 840 tenipus
604 800 684 829 illud

108 847 167 875 erit
184 854 348 886 pacatum,
369 846 468 876 finitis
492 847 592 877 bellis.
616 848 686 876 'sri-

109 892 219 922 buitur
239 895 372 933 tempori
385 917 392 929 ‚
411 893 499 933 quod
516 893 684 923 hominnm

108 947 163 968 cst.
181 941 260 979 Qua:
280 947 477 979 sequuntur,
506 951 534 970 v.
563 950 626 979 292
639 957 684 961 —

109 986 186 1024 296,
200 986 366 1026 magnifice
377 996 522 1026 expressa
532 993 617 1016 sunt.
630 987 685 1015 Ait

106 1031 215 1069 fidem,
225 1033 391 1073 religiones
399 1033 559 1072 patrias,et
567 1033 685 1061 civium

108 1079 311 1109 concordiam
323 1102 330 1116 ,
348 1079 513 1108 exstinctis
547 1079 637 1108 bellis
655 1085 686 1108 et

108 1125 285 1162 discordiis,
298 1125 526 1165 rempublicam
537 1136 601 1155 esse
613 1132 687 1155 tem-

108 1179 281 1211 peraturas.
308 1172 403 1202 Fides
432 1182 540 1209 calm,
563 1173 683 1211 prisca,

108 1220 238 1258 antiqua
254 1241 262 1256 ,
295 1219 397 1258 qualis
428 1219 584 1255 majorum
614 1219 684 1249 fuit.

110 1267 216 1299 Vesta,
238 1266 338 1305 patria
351 1276 450 1305 eaque
468 1265 685 1303 antiquissima

109 1311 261 1351 religione
294 1312 446 1342 Romanis
476 1310 572 1340 culta.
603 1312 685 1341 Cum

108 1357 157 1386 his
177 1358 329 1387 Romulus
355 1365 384 1386 et
407 1356 609 1397 Remusjura
626 1357 684 1386 da-

109 1404 195 1440 bunt,
210 1405 344 1444 imperio
354 1406 501 1434 Romano
512 1410 684 1443 praeerunt.

108 1452 155 1480 Ita
170 1457 205 1480 ut
221 1450 259 1479 ad
277 1451 443 1490 pristinam
460 1450 544 1479 illam
569 1456 686 1489 tempo-

108 1508 180 1526 rum
195 1498 393 1526 sanctitatem
409 1504 439 1526 et
453 1496 680 1537 integritatem,

107 1554 178 1584 quae
193 1550 264 1572 ante
277 1543 481 1583 parricidium
494 1543 585 1573 Remi
599 1553 614 1571 a
625 1545 686 1572 Ro-

106 1591 196 1620 mulo
214 1591 436 1627 commissum,
454 1589 515 1618 suit
529 1612 536 1625 ,
558 1588 685 1619 rediisse

106 1647 154 1666 res
171 1636 273 1666 videri
287 1637 410 1667 debeat.
428 1636 555 1665 Bellum
567 1659 575 1673 ‚
593 1634 607 1665 ὁ
626 1633 686 1665 112'-

106 1686 197 1725 λεμος
209 1706 217 1719 ,
236 1683 268 1714 h.
292 1684 314 1714 1.
340 1683 391 1712 dei
406 1693 574 1723 personam
590 1683 685 1711 susti-

106 1737 180 1767 net3
196 1729 280 1759 idem
294 1741 371 1760 mox
389 1732 499 1759 Furor.
516 1729 684 1769 Bellipor-

107 1783 148 1806 tce
164 1777 341 1816 respiciunt
356 1777 430 1806 Jani
444 1775 598 1815 templum
620 1774 682 1816 (cf.

107 1825 177 1853 AEn.
196 1824 277 1860 VII,
310 1824 374 1861 607
392 1822 404 1863 )
429 1821 517 1863 quod
537 1832 615 1862 pace
637 1832 684 1851 re-

108 1870 215 1899 stituta
235 1870 399 1907 clausum,
419 1869 508 1909 quasi
533 1878 593 1909 pro
617 1879 684 1898 car·

109 1926 179 1945 cere
192 1923 223 1946 et
239 1916 383 1946 custodia
397 1915 472 1945 belli
484 1937 492 1952 ,
506 1915 617 1944 haberi
627 1925 700 1955 po-;

110 1968 177 1991 test.
196 1963 329 2002 Reliqua
357 1974 419 1993 vss.
442 1968 505 2002 294
518 1985 527 1997 ,
556 1962 591 1999 5,
609 1962 629 1991 6
646 1960 684 1990 ad

109 2014 262 2038 terrorem
291 2010 471 2039 animorum
509 2009 713 2053 compositajs

108 2060 193 2084 sunt.
621 2042 693 2066 φῖ

159 2110 234 2140 297.
251 2101 350 2131 Maioe
366 2112 427 2132 sec.
446 2103 562 2131 Moret.
585 2107 616 2130 et
636 2101 681 2129 sic

111 2148 203 2177 Rom.
229 2157 247 2176 a
265 2158 306 2177 m.
326 2159 373 2187 pr.
395 2147 543 2178 Demittic
562 2157 602 2177 ex
621 2157 683 2176 me-

109 2191 244 2224 lioribus
272 2196 413 2235 reposuit
441 2195 549 2224 Heins.
575 2193 683 2234 Vulgo

739 799 879 830 dimittit.
898 799 1034 829 Demisst
1047 798 1120 829 Ald.
1137 805 1167 828 et
1181 800 1271 829 Junt.
1283 806 1315 828 et

739 848 882 887 sequitur
902 854 1033 876 arceret.
1050 848 1171 876 Verum
1186 846 1219 874 in
1238 856 1313 885 poe-

741 900 768 922 ta
785 894 876 933 epico
890 904 955 922 nou
975 892 1082 923 locuni
1100 891 1195 921 habt-t
1212 902 1246 920 ea
1262 892 1317 921 ob-

738 941 874 970 servatio
888 951 904 969 e
919 940 1072 969 (licei-one
1090 939 1196 979 petita.
1212 937 1317 967 Dimi-

738 986 779 1015 sit
799 997 847 1026 pr.
878 985 975 1016 Goth.
1009 985 1149 1015 demittit
1177 984 1315 1024 Olympo

740 1033 837 1062 Goth.
866 1043 927 1063 sec.
944 1050 990 1054 —-
1010 1043 1072 1072 295
1086 1049 1132 1055 -
1148 1032 1224 1067 304.
1251 1031 1317 1062 Ob-

739 1089 844 1115 serva,
871 1089 966 1119 quam
997 1080 1156 1108 succincta
1180 1079 1215 1107 in
1245 1088 1314 1118 sqq.

740 1126 878 1154 narratio
898 1126 948 1155 sit.
971 1126 1055 1154 Bene
1070 1131 1175 1154 autem
1191 1125 1224 1153 in
1240 1122 1315 1153 hos-

739 1173 820 1212 pitio
846 1172 976 1202 Teucris
1004 1170 1147 1211 parando
1172 1170 1315 1200 ministe-

740 1219 823 1247 rium
852 1217 983 1247 deorum
1010 1217 1247 1257 interponitur,
1275 1226 1316 1246 ne

740 1275 788 1293 res
804 1263 958 1293 miraculo
974 1269 1215 1303 careat.-——299.
1230 1262 1314 1299 Fati,

738 1321 793 1340 seu
805 1332 813 1346 ‚
832 1321 897 1350 quo
914 1310 1059 1347 'l'rojanis
1077 1309 1166 1339 Italia
1180 1315 1246 1339 erat
1261 1319 1314 1349 pe-

739 1356 852 1392 tenda,
870 1367 927 1386 seu
944 1356 1076 1385 omnino
1095 1356 1236 1385 numinis
1258 1365 1315 1385 vo-

738 1402 861 1432 luntate
886 1413 920 1432 ac
947 1402 1057 1440 jussu,
1077 1401 1219 1442 adeoque
1250 1402 1316 1432 fato

738 1450 893 1487 Trojanos
908 1448 946 1478 ad
960 1449 1069 1489 Libyae
1087 1449 1164 1478 litus
1183 1458 1248 1478 esse
1265 1447 1318 1478 de-

737 1495 836 1534 lat0s3
862 1495 949 1536 qnod
973 1496 1122 1536 ignorans
1146 1494 1250 1531 Dido,
1275 1505 1316 1524 ne

739 1542 868 1572 advenae
897 1543 931 1572 in
954 1540 1005 1571 his
1035 1541 1184 1571 litoribus
1209 1539 1314 1572 sedem

738 1587 835 1629 figere
852 1589 969 1618 vellent
980 1611 988 1623 ‚
1008 1589 1128 1625 vereri,
1143 1598 1260 1629 eosque
1275 1587 1315 1617 ab

738 1646 870 1665 escensu
888 1636 920 1664 in
937 1642 1050 1664 terram
1071 1634 1242 1675 prohibere
1257 1643 1316 1674 po-

738 1688 836 1719 terat;
866 1682 905 1711 cf.
946 1681 1008 1719 527
1037 1692 1106 1721 sqq.
1131 1682 1213 1711 Mox
1248 1681 1311 1710 301

737 1728 870 1770 remigio
917 1728 1043 1757 alarum
1085 1734 1206 1758 ornate.
1244 1726 1315 1757 Alae

737 1786 843 1805 avium
869 1785 943 1803 cnm
961 1784 1091 1803 navium
1113 1784 1208 1803 rems
1226 1783 1314 1804 com—

737 1822 840 1863 parari
864 1821 977 1851 solent.
1004 1822 1130 1851 Lucret.
1154 1822 1222 1857 VI,
1246 1820 1312 1858 743

737 1876 768 1899 et
792 1869 894 1898 Graeci
908 1892 916 1905 ‚
930 1866 1053 1910 πτερῦῖς
1070 1865 1184 1909 ἐρέσσει
1200 1867 1312 1906 Eurip.

736 1915 839 1956 Iphig.
853 1916 888 1944 in
905 1916 942 1945 T.
963 1914 1040 1954 289,
1057 1919 1088 1943 et
1101 1913 1136 1942 in
1152 1914 1230 1942 Ione
1248 1912 1311 1941 162

740 1960 854 2005 ἐρέσσει
882 1959 1001 1995 κύκνος·
1040 1959 1208 2000 primoque
1238 1958 1313 1989 loco

739 2007 904 2048 AEschylus
917 2008 1029 2047 Agam.
1051 2006 1069 2035 5
1075 2016 1152 2035 2.—
1165 2005 1242 2035 302.
1254 2007 1314 2036 Po-

740 2061 823 2084 nunt
851 2053 969 2082 feroces
1000 2052 1139 2089 anim0s3
1168 2052 1259 2081 mites
1282 2058 1314 2081 et

734 2099 875 2141 placidos
890 2100 1010 2129 animos
1023 2098 1200 2138 accipiunt,
1210 2108 1251 2128 ne
1261 2097 1315 2128 ad-

736 2157 888 2176 venarum
910 2151 1084 2186 conspeetu
1099 2145 1244 2174 exterriti
1264 2154 1313 2174 ar-

736 2193 795 2223 mis
805 2203 857 2224 eos
870 2191 1070 2234 propulsent.
1084 2190 1232 2233 Quietum
1241 2189 1313 2221 ani-
