1433 2460
109 124 150 159 (06
614 124 806 154 AENEIDOS

107 180 273 218 Consilia
296 181 330 216 in
353 178 484 216 molins
505 180 662 226 reseret,
683 193 906 231 mecumque
930 180 1071 216 fovebit

107 244 296 278 Romanos
313 252 440 277 rorum
460 239 652 287 dominos,
671 251 895 292 genu-mque
917 249 1092 291 togatam.

109 302 172 338 sic
191 301 379 351 placitum.
398 301 533 338 Veniet
549 301 673 339 lustris
694 302 907 339 labentibus
925 311 1031 345 affusa,

110 366 237 409 Quum
255 361 389 399 domus
406 363 579 399 Assaraci
596 363 770 400 Phthiam
787 364 981 412 clarasque
1002 365 1182 411 Mycenas

110 548 164 576 bes
191 549 408 578 auctoritatem
430 560 460 579 v.
489 550 529 579 23
554 549 596 578 Id
619 559 683 578 mc·-

109 602 200 623 tuens
210 595 390 636 veterisque
403 606 526 625 memor
535 595 683 625 Saturnia

109 640 187 670 belli
199 648 258 671 etc.
279 643 329 671 Sic
347 650 448 672 tamen
469 650 563 672 tenue
578 644 685 672 nescio

110 687 190 727 quid
208 688 345 718 infertur
364 690 511 719 orationi.
529 690 584 717 Sin
597 689 686 718 Iuno

103 733 232 775 fatigat
241 743 324 764 metu
338 735 370 765 h.
385 746 412 764 e.
425 735 610 770 terroribus,
621 745 688 764 ma-

111 790 161 815 re,
178 787 295 815 terras,
313 781 426 810 coelum
437 804 444 816 ,
468 781 604 810 verearis
622 781 686 809 for-

111 834 162 861 te,
185 837 225 856 ne
248 834 373 868 turgere
402 827 548 857 videatur
575 828 685 858 oratio.

111 872 172 903 Sed
191 872 275 902 dicta
295 874 361 903 haec
376 881 451 903 suut
470 873 509 903 nd
525 872 687 913 vulgarem

112 919 269 959 loquendi
304 919 434 949 modum
464 929 471 949 :
513 919 687 949 terroribus

113 975 222 995 omues
249 967 364 1006 agitare
387 973 415 995 et
436 966 687 1005 vexare.1taque

112 1012 275 1041 Juuonem
289 1013 394 1041 omnia
408 1022 554 1046 versare,
577 1011 687 1041 misce-

113 1068 146 1087 re
157 1080 165 1094 ,
185 1065 222 1087 ut
234 1059 388 1096 'l‘rojauos
403 1058 523 1098 perdat.
541 1057 601 1087 lnf.
616 1060 662 1088 XI
678 1081 687 1094 ‚

115 1110 181 1139 400
198 1104 336 1133 Proinde
362 1104 471 1134 omnia
496 1114 614 1145 magno
637 1105 689 1134 Ne

112 1160 202 1178 cessa
217 1150 343 1180 turbare
358 1158 452 1180 metu.
469 1152 508 1180 Et
517 1152 600 1187 vn,
622 1152 684 1180 301

114 1195 279 1226 Absmntce
295 1196 327 1225 in
343 1199 477 1226 Teucros
493 1196 581 1226 vires
601 1196 689 1226 coelc'-

114 1253 177 1282 que
193 1242 362 1283 marisque.
373 1243 524 1284 Fatigare
532 1265 540 1280 ,
552 1249 588 1272 ut
601 1253 692 1272 exer-

115 1298 196 1324 cere,
207 1287 245 1317 de
265 1289 360 1318 rebus
371 1312 378 1326 ,
388 1289 507 1328 quibus
522 1289 572 1317 vel
583 1289 690 1318 abuta-

115 1334 160 1362 ris
180 1335 231 1363 vel
248 1334 431 1374 frequenter
442 1357 450 1371 ,
465 1335 600 1364 multum
612 1357 620 1371 ‚
642 1336 691 1365 ni-

115 1380 216 1408 mium
231 1382 347 1417 utaris3
370 1380 456 1410 unde
476 1387 521 1410 est
538 1381 664 1410 turbare
678 1404 687 1418 ,

116 1425 272 1466 affligere,
296 1437 411 1456 vexare
428 1438 438 1465 3
457 1427 540 1457 cons.
567 1427 608 1458 ad
630 1427 687 1458 lib.

117 1472 198 1501 'VIlI
208 1495 217 1509 ‚
235 1474 290 1512 93.

165 1519 205 1547 28
216 1529 242 1549 1.
261 1521 424 1550 Junouem
446 1521 553 1550 animo
568 1526 690 1550 mutato

114 1564 151 1593 in
165 1565 328 1595 meliorem
345 1573 467 1606 partem
478 1589 486 1603 ‚
511 1564 550 1602 εἰς
570 1565 605 1596 τὸ
622 1565 691 1605 βέλ-

115 1620 197 1647 τιον,
213 1612 279 1649 jam
307 1613 526 1642 consulentem
542 1623 549 1644 :
565 1614 609 1642 sic
625 1614 689 1650 XJ,

117 1657 183 1692 426
200 1658 304 1687 Multa
317 1659 566 1689 dies—Rettulit
577 1659 609 1688 ιίι
626 1670 691 1688 me-

115 1703 193 1740 lius,
206 1704 299 1742 tulit,
311 1707 462 1742 mutavit3
477 1706 691 1745 Romanisque

114 1750 465 1789 placatamexfloratio
478 1752 691 1781 reminisceris

117 1796 220 1826 Carm.
250 1798 317 1833 ΙΠ,
349 1799 366 1827 3
397 1799 531 1827 Gratum
563 1798 690 1827 elocuta

115 1842 355 1873 consiliantibus
381 1846 508 1874 Junone
529 1843 609 1874 divis
630 1852 688 1875 etc.

115 1906 162 1911 —-
173 1890 249 1921 282.
263 1891 454 1932 Progeniem
469 1902 572 1921 rerum
587 1891 690 1920 domi—

117 1946 174 1964 nos
190 1937 293 1978 Bigot.
317 1937 377 1968 Sed
397 1939 562 1967 Romanos
584 1936 690 1967 firmat

116 1984 246 2013 sueton.
275 1985 359 2025 Aug.
392 1990 432 2020 4ο
446 2007 454 2021 ,
474 1986 530 2024 qui
555 1991 587 2014 et
621 1985 689 2024 ipse

117 2038 244 2058 xersum
278 2031 410 2070 repetit3
435 2037 466 2060 et
496 2030 536 2060 ad
575 2031 687 2060 Domi-

117 2074 195 2103 tiani
217 2075 325 2105 laudes
350 2077 496 2107 transfert
514 2076 687 2113 Martialis,

116 2121 196 2150 XIV
207 2143 215 2157 ‚
235 2131 247 2150 1
256 2128 308 2157 24.
318 2139 364 2144 -
374 2126 492 2153 Versus
505 2123 689 2165 dignitatem

117 2167 151 2195 in
163 2167 264 2206 prima
285 2176 373 2208 parte
394 2170 486 2200 facile
499 2170 687 2211 perspicias;

116 2219 148 2242 at
156 2220 230 2252 post
244 2216 406 2244 Romanos
413 2227 516 2246 rerum
527 2217 689 2253 dominos,

117 2269 225 2290 annon
244 2260 373 2302 languet
390 2270 582 2304 gentemque
599 2269 691 2304 toga-

737 556 804 579 tam
813 571 822 585 ‚
832 548 864 579 h.
876 559 902 579 e.
919 560 933 578 a
945 550 1123 579 vestimenti
1136 559 1249 589 genere
1263 549 1313 579 dc-

737 596 913 636 signatam?
927 596 998 635 quis
1011 597 1095 624 ‹euin›
1112 606 1198 624 nuuc
1213 596 1314 625 simile

740 642 816 682 quid
830 643 921 671 ferret
933 643 966 670 iu
983 642 1081 670 (za-nis
1093 664 1101 677 ‚
1115 641 1227 681 Anglis
1238 664 1246 679 ,
1262 641 1315 672 de-

740 688 900 729 signandis
916 689 929 717 i’
973 688 1098 717 Scilicet
1134 690 1294 718 Romanos
1305 711 1313 725 ‚

740 734 817 763 belli
827 734 983 774 pacisque
997 734 1117 763 artibus
1130 733 1234 763 claros
1250 745 1314 764 me-

741 788 841 810 morat
870 787 961 820 poeta
978 791 984 811 :
1015 783 1194 816 immanes,
1210 791 1315 811 rernm

741 826 888 856 dominos
898 851 906 862 ,
926 826 957 857 h.
985 838 1011 856 ι’.
1047 827 1134 856 orbis
1160 834 1314 857 terrarum

743 881 943 913 regnatores,
969 884 1007 902 au
1028 873 1089 902 hoc
1111 873 1179 902 sine
1198 875 1314 904 armis?

741 922 808 949 sinc
823 920 932 949 bellica
944 920 1081 949 virtute?
1096 922 1318 961 Jamgemem-

742 978 803 1006 que
829 973 974 1007 togulam
1001 966 1155 1006 intelligas
1177 974 1317 1006 spectare

742 1013 781 1042 ad
797 1020 877 1053 toga:
886 1035 894 1049 ‚
910 1012 942 1042 h.
955 1023 981 1042 ο.
993 1013 1078 1052 pacis
1089 1036 1097 1049 ‚
1114 1019 1195 1042 artes
1208 1023 1243 1042 ac
1254 1014 1317 1043 vir-

743 1067 835 1089 tutes.
862 1061 900 1088 Et
922 1058 1143 1099 cogitandum,
1165 1060 1316 1098 majorem

742 1105 928 1145 dignitatem
954 1105 988 1134 in
1022 1112 1093 1145 loga
1121 1105 1197 1134 olim
1222 1106 1318 1136 fuisse

743 1163 839 1192 quam
852 1162 939 1181 nunc
955 1151 989 1180 iu
1003 1151 1069 1181 ullo
1080 1152 1257 1181 vestimenti
1267 1162 1318 1193 ge-

743 1208 829 1228 nere.
846 1197 897 1227 Sic
904 1197 1083 1237 placitum;
1099 1199 1141 1227 ita
1163 1208 1220 1239 ego
1239 1208 1317 1228 con-

743 1245 831 1273 stitui
843 1267 850 1281 ,
864 1244 1000 1274 decrexi.
1024 1246 1071 1274 De
1096 1243 1235 1273 formula
1252 1245 1319 1285 agit

743 1291 852 1320 Bul-m.
869 1291 908 1319 ad
929 1292 998 1320 AEn.
1016 1291 1063 1325 11,
1084 1290 1161 1326 428.

792 1337 856 1366 283
868 1354 914 1359 —
924 1337 999 1366 285.
1017 1336 1187 1376 Splendide
1201 1338 1317 1366 Roma-

742 1393 860 1412 norum
877 1383 957 1412 bella
978 1393 1050 1412 cum
1069 1383 1186 1412 Graecis
1197 1405 1205 1420 ,
1225 1389 1257 1411 et
1272 1384 1317 1412 A·

741 1428 861 1458 chaiam
874 1431 907 1458 in
918 1430 1115 1469 provinciam
1128 1439 1205 1469 pop.
1222 1430 1318 1459 Rom.

742 1475 899 1505 redactam
917 1498 925 1513 ,
952 1475 1103 1515 designat.
1142 1477 1182 1504 Iu
1222 1474 1319 1503 simili

744 1523 892 1551 acumine
936 1528 1079 1550 versatur
1121 1521 1319 1561 Epigramma

744 1567 877 1597 Adriani
896 1569 973 1607 imp.
989 1578 1044 1596 seu
1062 1567 1169 1596 verius
1188 1567 1318 1595 Germa-

745 1614 819 1650 nici,
830 1615 865 1642 in
872 1614 967 1643 Ilium
981 1623 1102 1642 novum
1113 1612 1247 1642 Amhol.
1261 1612 1318 1641 Gr.

744 1659 801 1690 lih.
817 1661 851 1695 I,
871 1670 941 1700 pag.
961 1660 1003 1699 9S
1033 1659 1140 1698 Str—ph.
1174 1658 1317 1688 Analect.

744 1705 891 1743 Brunck,
908 1713 930 1736 t.
950 1708 999 1742 ΙΙ,
1016 1716 1047 1745 p.
1066 1706 1143 1736 285.
1158 1707 1206 1741 ΙΙ,
1223 1711 1256 1734 et
1278 1703 1320 1734 la-

745 1753 810 1781 tine
819 1775 827 1788 ‚
843 1753 898 1782 sed
908 1753 1014 1781 miuus
1025 1758 1172 1789 venuste,
1183 1749 1318 1782 Authol.

743 1800 809 1828 Lat.
824 1798 880 1829 lib.
893 1801 906 1827 I
915 1821 924 1836 ‚
935 1810 984 1839 ep.
1000 1798 1074 1828 103.
1087 1797 1245 1827 Placitum
1256 1804 1317 1832 ese,

745 1843 784 1874 de
796 1846 834 1875 iis
848 1846 963 1885 quaein
977 1845 1050 1875 salis
1063 1844 1232 1874 habentur.
1243 1844 1319 1873 Lus-

744 1891 817 1929 trt's,
842 1891 986 1928 doctius,
1008 1900 1103 1931 quam
1125 1891 1226 1919 annis.
1256 1890 1320 1919 Do-

744 1949 813 1967 mus
827 1937 996 1973 Assaraci,
1019 1936 1154 1967 Romani
1173 1945 1191 1964 a
1212 1936 1319 1974 Troja-

742 1986 792 2013 nis
802 1984 941 2021 oriundi,
951 1985 1035 2012 inter
1045 1992 1125 2022 quos
1136 1982 1318 2020 Assaracus,

741 2031 834 2060 Trois
847 2029 949 2067 filius,
968 2040 1009 2058 ex
1024 2031 1130 2058 AEneae
1145 2028 1206 2057 fuit
1220 2029 1318 2066 majo-

741 2077 840 2106 ribus.
857 2088 887 2106 ν.
902 2074 1053 2116 Apollod.
1072 2077 1138 2112 111,
1163 2084 1201 2104 12
1214 2097 1223 2111 ‚
1245 2085 1276 2112 2,
1288 2082 1320 2104 et

741 2124 817 2154 Not.
833 2123 957 2153 Conon.
977 2133 1004 2151 c.
1027 2132 1077 2151 12.
1099 2121 1223 2150 Graecia
1236 2131 1318 2161 prae-

743 2169 826 2198 clare
840 2180 898 2210 per
911 2168 1201 2208 Phthiatmptpote
1208 2167 1318 2197 Achil-

742 2215 781 2245 lis
810 2216 942 2255 patriam
953 2238 961 2253 ,
983 2222 1014 2244 et
1038 2216 1189 2255 Mycenas
1199 2236 1208 2251 ,
1236 2214 1318 2254 Aga-

743 2263 922 2293 memnonis
969 2263 1086 2303 regiam
1097 2283 1105 2299 ,
1143 2259 1316 2298 declarata;
