1402 2460
563 125 622 154 Al)
647 126 810 157 LIBRUM
839 129 863 157 Ι.
1248 129 1309 158 35ῖ

643 243 762 250 —.-—.

453 326 833 384 EXCURSUS
874 330 960 382 III.

168 485 239 526 De
265 484 584 530 Amazonibus
609 486 837 531 auxilium
865 487 1237 546 Ilioferetztz'bus.

146 622 178 656 Ι,
204 627 280 660 490.
302 621 398 651 Ducit
423 622 665 652 Amazonidum
689 623 810 653 lunatis
828 623 964 666 agmina
984 623 1084 664 pellis
1098 624 1302 656 Penthesilea

86 673 219 714 furens,
239 682 298 705 etc.
312 677 406 716 'Quae
427 677 530 717 mythi
547 676 586 706 de
603 678 821 708 Amazonibus
837 680 974 720 origines
988 678 1124 715 fuerint,
1142 679 1300 710 incertum

95 735 141 758 est
159 738 166 759 :
185 728 278 759 fuisse
305 736 410 759 tamen
438 731 574 761 fundum
602 732 739 772 aliquem
762 732 967 769 historicum,
988 733 1102 762 famam
1119 735 1299 774 antiquam,

95 782 195 812 multa
212 791 361 824 arguunt.
377 786 496 814 Verum
509 785 547 815 de
562 785 611 815 his
625 785 809 826 disputandi
823 786 912 815 locus
927 786 980 816 hic
996 797 1064 816 non
1076 794 1132 817 est.
1146 788 1229 817 Vide
1243 799 1301 818 no-

93 845 155 868 tata
169 837 207 867 ad
223 838 375 879 Apollod.
391 840 421 869 II
433 862 441 876 ‚
461 840 479 869 5
490 864 499 875 ,
519 850 550 880 9.
561 842 641 880 Quae
655 850 729 870 cum
741 841 919 881 Virgiliano
932 841 1004 871 loco
1022 842 1192 880 conjuncta
1205 850 1280 872 sunt
1291 866 1298 879 ‚

94 893 209 932 partim
226 903 242 922 e
262 892 338 922 belli
354 894 484 931 Trojani
512 893 671 931 historiis,
688 895 803 934 partim
820 905 861 925 ex
869 896 1071 926 Amazonum
1084 896 1189 936 specie
1206 903 1237 926 et
1249 896 1300 925 ha-

94 946 164 976 bitu
179 953 329 987 repetam.

138 1000 336 1031 Induxerant
349 1003 527 1032 Amazones
549 1003 584 1031 in
605 1003 682 1032 belli
703 1003 834 1041 Trojani
852 1001 998 1032 historias
1020 1008 1123 1042 poetae
1145 1003 1199 1042 qui
1226 1009 1299 1043 post

90 1057 267 1086 Homerum
281 1056 434 1097 scripsere
444 1079 453 1091 ‚
473 1063 504 1085 et
522 1058 555 1085 in
575 1056 624 1086 his
637 1057 758 1097 primo,
769 1063 805 1086 ut
819 1057 975 1096 suspicor,
992 1055 1083 1092 loco,
1095 1057 1249 1087 Arctinus
1262 1059 1297 1086 in

91 1110 272 1151 AEthiopide
284 1133 292 1146 ‚
309 1117 465 1150 quantum
483 1121 523 1140 ex
539 1111 651 1141 Proclo
669 1110 816 1152 colligere
833 1110 925 1147 licet,
945 1109 1120 1149 (Biblioth.
1137 1111 1168 1140 d.
1185 1121 1206 1139 a
1220 1111 1294 1141 Lite.

90 1168 125 1196 P.
143 1167 169 1195 I.
180 1176 214 1205 p.
236 1166 288 1195 33.
307 1164 399 1195 Ined.
412 1164 423 1204 )
437 1166 510 1205 quia
527 1167 704 1206 antiquiore
713 1166 818 1206 aliqua
829 1165 908 1194 fama
922 1165 1087 1194 celebratae
1101 1172 1190 1195 erant
1203 1167 1296 1195 Ama-

89 1231 207 1250 zonum
225 1220 419 1260 irruptiones
433 1220 469 1249 in
482 1221 590 1250 Asiam
609 1221 764 1250 minorem
782 1220 870 1250 factae
881 1243 889 1257 ,
907 1220 1053 1260 inprimis
1069 1221 1103 1250 in
1118 1219 1251 1261 Lydiam
1265 1227 1296 1250 et

91 1274 279 1315 Phrygiam3
295 1284 432 1313 quarum
451 1284 515 1303 una
533 1275 566 1304 in
592 1275 708 1304 Priami
739 1281 882 1314 tempora
902 1273 1058 1303 inciderat
1074 1284 1082 1304 :
1098 1274 1136 1304 Il.
1157 1285 1178 1318 γ
1190 1297 1198 1311 ,
1219 1275 1293 1314 189.

87 1329 227 1359 Intulere
242 1327 318 1358 hinc
327 1329 506 1358 Amazones
524 1328 558 1357 in
574 1328 710 1358 heroum
729 1335 873 1368 tempora
897 1335 928 1357 et
947 1327 1026 1357 sacta
1037 1328 1179 1368 Cyclici,
1197 1339 1294 1368 prop-

84 1390 131 1413 ter
148 1384 192 1413 rei
205 1383 397 1420 novitatem,
418 1382 591 1413 admodum
607 1383 762 1420 licenter3
780 1389 963 1412 memoratae
988 1381 1066 1412 adeo
1091 1384 1291 1413 Amazonum

85 1447 201 1479 pugnae
219 1443 293 1467 sunt
317 1437 351 1466 in
374 1438 599 1478 Argonauticis
611 1460 619 1474 ‚
637 1437 788 1467 Heraclea
799 1460 808 1474 ‚
827 1435 998 1475 Theseide,
1013 1436 1107 1467 etiam
1126 1438 1161 1466 in
1175 1437 1293 1467 Bacchi

85 1491 283 1532 profectione
306 1490 344 1520 ad
369 1491 466 1521 Indos
486 1502 494 1522 :
514 1501 585 1531 quae
612 1491 718 1521 omnia
741 1490 830 1520 fuere
856 1496 1026 1530 poetarum
1047 1497 1245 1528 commenta3
1260 1499 1291 1521 at

85 1545 185 1582 illud,
203 1545 290 1585 quod
314 1547 348 1575 in
372 1547 513 1575 Homero
535 1552 745 1575 memoratum
759 1551 841 1581 erat,
862 1554 879 1573 a
898 1544 979 1573 fama
997 1544 1188 1584 profectum.
1206 1546 1291 1574 Pria-

85 1611 156 1629 mus
173 1598 324 1629 adversus
345 1610 394 1629 eas
411 1609 497 1629 arma
512 1599 651 1635 tuleram
668 1605 698 1627 at
712 1598 910 1628 Penthesilea
928 1598 1051 1627 auxilio
1066 1599 1213 1636 Trojam's
1228 1599 1290 1628 suit

86 1654 193 1684 accita.
213 1655 288 1683 Post
310 1664 363 1683 eos
373 1675 382 1690 ‚
408 1654 465 1693 qui
479 1653 601 1693 periere
612 1674 621 1688 ‚
639 1653 773 1692 exponit
788 1651 993 1692 Cyclicorum
1012 1658 1135 1681 narrata
1150 1653 1290 1692 Quintus

84 1707 140 1739 lib.
159 1709 184 1738 I.
199 1714 230 1737 et
242 1708 392 1748 pleraque
411 1718 451 1736 ex
466 1717 504 1736 eo
520 1708 634 1736 Tzetza
650 1706 683 1735 in
702 1705 947 1736 Posthomericis
960 1716 1009 1745 pr.

130 1761 259 1801 Virgilii
273 1761 362 1791 locus
375 1761 520 1801 inprimis
538 1759 674 1789 disertus
689 1765 735 1789 est
747 1760 782 1788 in
793 1760 898 1800 specie
914 1765 945 1788 et
957 1758 1070 1788 habitu
1088 1759 1287 1789 Amazonum

84 1816 256 1847 reddendo.
271 1816 350 1847 Satis
364 1822 449 1846 notae
461 1822 537 1845 sunt
552 1825 660 1845 earum
672 1816 772 1856 peltce
787 1815 918 1844 lunatae.
936 1812 1036 1855 Quod
1051 1824 1094 1843 ex
1107 1813 1195 1855 equis
1206 1825 1287 1855 pug-

84 1878 200 1901 narunt
212 1895 220 1909 ,
236 1882 303 1901 non
323 1872 434 1912 attigit.
454 1872 498 1900 At
514 1880 691 1900 mammam
717 1869 840 1899 nudam
864 1874 1028 1898 memorat.

129 1928 249 1956 Dextra
264 1926 325 1955 fuit
340 1936 374 1955 ea
390 1936 523 1955 mamma
534 1948 542 1961 ‚
559 1925 674 1955 sabulis
690 1931 721 1954 et
736 1931 800 1954 arte
818 1923 992 1960 celebrata3
1009 1922 1123 1953 fabulis
1136 1923 1280 1964 quidem,

83 1975 172 2021 'quod
190 1988 303 2011 exusta
328 1980 422 2010 fuisse
445 1980 563 2017 fertur;
584 1986 665 2017 arte,
685 1979 773 2020 quod
799 1990 833 2009 ea
850 1986 963 2008 exerta
985 1985 1051 2016 est,
1071 1989 1138 2008 non
1151 1986 1278 2016 exusta,

83 2034 171 2074 quod
188 2035 257 2064 visu
269 2036 429 2075 ingratum
446 2041 608 2074 respuerat
621 2045 680 2064 ars.
695 2036 819 2063 Verum
835 2039 866 2062 et
886 2034 952 2072 ipsa
966 2043 1015 2062 res
1032 2031 1144 2062 docere
1159 2040 1281 2073 potest,

83 2089 226 2119 dextram
243 2089 337 2119 fuisse
358 2099 427 2130 quae
455 2096 660 2125 exureretur,
671 2099 711 2118 ne
728 2089 815 2118 arcui
831 2086 1028 2117 intendendo
1046 2093 1077 2116 et
1091 2088 1281 2117 remittendo

82 2150 188 2172 tumor
203 2149 283 2173 esset
297 2144 535 2184 impedimento.
554 2143 614 2174 Inf.
639 2144 706 2180 XI,
728 2143 807 2182 649.
826 2143 970 2172 Amazon
988 2140 1072 2171 dicta
1086 2142 1218 2172 Camilla
1234 2149 1280 2171 est

82 2207 179 2226 unum
207 2205 320 2226 exerta
339 2198 440 2234 latus,
466 2196 550 2238 quod
571 2197 666 2228 Silius
691 2198 830 2227 imitatus
856 2196 913 2226 lib.
932 2197 982 2234 11,
1010 2207 1051 2236 79
1070 2195 1174 2226 reddit
1202 2196 1279 2225 desc-

80 2258 159 2280 trum
179 2251 265 2280 nuda
281 2251 374 2282 lacus.
