1433 2460
102 114 160 141 322

95 171 140 205 Et
162 169 270 204 matri
292 177 500 216 praercptus
517 181 632 205 amor.

601 114 793 145 AExlflmos

94 230 199 275 Ipsa,
217 228 314 263 mola
332 226 581 277 manibusque
601 230 691 279 piis,
709 230 838 267 altaria
851 231 977 280 juxta,

94 290 221 324 Unum
240 295 352 323 exuta
374 287 508 336 pedem
526 289 676 335 vinclis,
697 291 732 325 in
756 299 857 326 veste
876 291 1056 336 recincta,

92 349 268 383 Testatur
288 347 472 384 moritura
491 347 601 393 deos,
620 358 656 385 ct
673 350 822 385 conscia
845 350 907 385 sati

94 405 245 451 Si‹lcra;
266 415 365 451 tum,
387 406 416 442 si
435 407 538 455 quod
560 419 635 443 nou
654 420 763 456 aequo
785 407 923 444 foedere
944 408 1100 444 amantis

1245 417 1293 440 5²0

92 466 201 501 Curae
217 477 357 502 numen
378 465 513 511 habet,
530 470 752 516 justumque
771 480 992 516 memorque
1012 476 1199 517 precatur.

144 526 231 561 Nox
251 533 350 572 crat,
366 534 403 562 ct
420 526 609 575 placidum
631 526 839 576 carpebant
861 528 957 564 sessa
976 539 1152 577 soporem

92 588 262 636 Corpora
282 600 351 636 per
367 597 505 635 terras,
522 588 702 638 silvaeque
719 597 756 625 et
772 600 871 625 saeva
890 588 1065 637 quierant

93 762 151 784 tur.
167 753 265 784 Vides
278 761 381 795 poetae
394 753 490 784 verba
506 763 513 784 :
531 761 562 783 et
574 753 672 784 matri

86 808 265 841 praerepcus
274 811 375 836 amor,
392 800 423 830 h.
441 811 468 830 e.
484 800 572 841 quod
586 811 669 831 amo-

91 857 158 876 rem
175 847 340 884 conciliat,
364 847 537 886 philtrum,
555 857 668 876 carun-

92 893 179 930 cula,
197 904 268 934 quae
286 895 321 923 in
344 893 500 933 philtrum
523 893 668 923 adhiberi

90 946 195 979 poiest
211 962 220 976 ‚
250 946 443 980 praereptum
459 961 468 976 ‚
499 946 667 980 antequam

90 995 171 1026 equa
189 985 250 1014 feta
266 986 478 1015 devoraverit.

139 1032 202 1069 517
222 1049 267 1054 —-
291 1032 368 1062 521.
391 1031 484 1060 Mola
508 1030 668 1060 manibus-

90 1088 151 1117 que
164 1077 244 1118 piis,
267 1078 393 1108 Servius
408 1087 415 1107 :
432 1091 448 1102 ιε
461 1077 543 1107 farre
560 1083 591 1106 et
605 1077 668 1106 sale

90 1141 136 1146 --
152 1131 183 1153 et
196 1123 343 1153 manibus
353 1123 453 1163 puris.
470 1138 486 1149 υ
503 1124 583 1153 Sane
592 1122 668 1162 pius

89 1180 260 1200 commune
287 1177 319 1200 et
334 1176 527 1210 perpetuum
546 1168 668 1209 epithe-

90 1223 147 1246 ton
159 1218 194 1246 iu
208 1217 323 1246 sacris:
338 1216 396 1246 inf.
413 1216 476 1253 637
489 1215 550 1255 pia
562 1214 646 1244 victa
654 1227 667 1252 ;

88 1264 253 1302 sequentia
276 1262 393 1292 docent
407 1272 472 1291 esse
489 1272 601 1291 manus
616 1262 668 1301 pie

88 1310 265 1348 precantis,
294 1309 377 1339 mola
396 1308 473 1337 salsa
500 1308 535 1337 in
559 1308 668 1347 ignem

89 1355 231 1393 conjecta
243 1377 254 1391 ,
288 1355 327 1384 ad
364 1353 482 1383 coelum
517 1353 667 1383 sublatas.

92 1402 199 1430 Unum
232 1408 333 1430 exuta
371 1400 486 1439 pedem
525 1399 664 1435 vinclis,

88 1456 192 1477 unum
208 1447 322 1488 pedem
335 1446 457 1476 habens
471 1445 612 1483 nudum,
629 1444 669 1474 ad

88 1493 276 1534 religionem
292 1493 452 1533 pertinere
472 1492 595 1521 debuit.
615 1493 668 1521 In-

88 1545 137 1569 ter
158 1539 267 1580 plura,
292 1549 364 1579 quae
386 1541 495 1578 Intpp.
512 1537 666 1574 afferunt,

88 1595 173 1615 unus
192 1584 389 1615 Artemidori
407 1585 496 1614 locus
512 1583 574 1613 huc
594 1584 669 1613 facit

87 1631 145 1662 lib.
164 1633 220 1669 IV,
242 1633 298 1670 67.
317 1631 379 1662 Sed
402 1631 544 1660 occurrit
559 1629 668 1659 eadem

88 1679 181 1707 resin
195 1679 291 1719 signis
306 1684 468 1714 veterum3
479 1683 509 1706 et
518 1677 553 1706 in
562 1677 668 1706 Etrus-

89 1725 132 1754 cis
149 1724 252 1754 simile
267 1725 346 1765 quid
370 1723 539 1753 observare
558 1722 668 1752 memi-

88 1771 123 1800 ni
140 1772 316 1801 Passerium
349 1769 496 1809 Paralip.
523 1771 667 1809 Dempst.

89 1828 120 1857 p.
141 1827 215 1848 102.
231 1818 272 1849 cf.
288 1816 385 1848 eund.
397 1816 444 1846 ad
458 1817 546 1846 Vasa
562 1818 669 1846 Etrus-

91 1874 130 1892 ca
150 1870 226 1895 tom.
251 1866 285 1903 1,
305 1875 337 1905 p.
363 1865 418 1902 67.
446 1864 502 1893 Est
521 1863 667 1903 inprimis

90 1909 199 1940 nobile
218 1913 346 1953 signum
363 1912 398 1940 in
416 1909 534 1951 palatio
553 1908 668 1939 Barbe-

90 1958 237 1988 n'norum
263 1964 295 1987 et
326 1958 459 1988 alterum
488 1956 523 1985 in
553 1957 668 1986 Museo

91 2005 149 2034 Pio
165 2004 318 2035 Clement.
335 2005 400 2035 vol.
415 2005 464 2039 ΙΙ,
479 2000 517 2032 n⁰
533 2004 591 2033 XL
601 2024 610 2039 ‚
629 2001 668 2032 ad

92 2051 160 2088 ejus
179 2051 339 2091 exemplar
357 2051 556 2088 restitutum,
579 2047 668 2091 quod

92 2096 253 2127 Didonem
271 2097 422 2127 exhibere
444 2103 592 2138 putatur,
617 2105 666 2124 ar-

93 2151 210 2185 guente
236 2143 316 2185 pede
335 2144 433 2174 altero
448 2143 549 2173 nudo.
574 2144 668 2172 Veste

94 2190 233 2220 recincta
245 2213 253 2225 ,
280 2189 383 2219 soluta
399 2200 497 2227 zona3
517 2195 593 2219 nota
608 2198 668 2219 res.

95 2237 133 2268 cf.
151 2237 260 2269 Ovidii
273 2237 380 2270 locum
404 2247 443 2267 ex
459 2236 596 2278 Virgilio
614 2245 669 2265 ex-

722 765 864 795 pressum
881 755 961 786 Met.
980 756 1061 792 VII,
1084 765 1146 794 179
1163 766 1208 796 sq.
1234 756 1294 785 182

722 812 789 841 sqq.
814 801 947 832 Conscia
963 800 1036 842 fuci
1060 801 1173 831 Sidera
1191 801 1299 832 obtes-

723 853 816 884 tatur,
829 855 864 877 ut
874 858 943 888 sup.
961 858 972 877 1
980 848 1020 885 67
1034 847 1176 877 conscius
1185 846 1293 882 aeelzer,

722 903 793 933 quae
807 904 838 922 se
854 895 948 923 morti
963 895 1180 924 imminentem
1197 893 1296 934 adspi-

722 946 846 975 cerent;
861 951 927 968 non
943 947 1046 968 autem
1062 947 1207 981 respectu
1234 946 1296 969 ato-

721 995 792 1013 rum
819 995 876 1024 per
901 985 988 1014 sidus
1011 987 1112 1016 natale
1143 988 1297 1017 constitu-

722 1037 800 1060 tum.
830 1032 907 1060 Turn
933 1042 1051 1061 numen
1073 1039 1242 1072 precatur,
1270 1032 1298 1061 si

722 1076 811 1116 quod
834 1075 930 1106 habet
952 1088 1038 1107 (ται-οε
1061 1086 1208 1108 amantes
1232 1088 1296 1108 non

722 1132 815 1162 aequo
833 1121 962 1163 soedere
985 1124 1017 1154 h.
1043 1134 1070 1154 e.
1091 1134 1218 1161 eorum,
1242 1124 1297 1165 qnj

722 1175 836 1199 mutuo
884 1179 992 1199 amore
1032 1180 1098 1200 non
1140 1177 1297 1201 amantur.

722 1215 825 1245 Erunt
860 1215 895 1244 in
924 1214 974 1244 his
1005 1216 1151 1256 inprimis
1184 1218 1273 1247 Juno
1287 1239 1296 1253 ‚

722 1261 824 1290 Diana
833 1283 841 1298 ,
853 1262 976 1298 Venus,
991 1261 1157 1293 habendae.
1168 1262 1278 1292 Verbo
1290 1273 1298 1293 :

723 1307 828 1336 omnia
845 1317 883 1337 eo
902 1314 1059 1348 spectant,
1078 1314 1115 1338 ut
1129 1309 1196 1349 ipsa
1213 1318 1296 1339 amo-

722 1363 756 1382 re
771 1352 923 1383 solvatur.

771 1398 835 1428 522
847 1417 893 1422 ——
903 1399 980 1429 528.
995 1400 1184 1430 Suavissima
1197 1401 1299 1431 noctis

723 1443 895 1485 descriptio
910 1467 920 1482 ,
958 1455 1030 1486 quae
1059 1446 1159 1486 ipsam
1190 1457 1298 1477 rerum

723 1492 860 1531 quietem
883 1492 1002 1531 spirare
1018 1491 1145 1522 videtur
1156 1504 1165 1530 ;
1176 1492 1237 1523 hoc
1253 1500 1298 1522 ta—

721 1547 796 1566 men
813 1538 960 1578 inprimis
989 1537 1164 1575 laudanda,
1191 1538 1297 1579 quod,

722 1594 797 1613 cum
815 1593 897 1624 saepe
911 1585 947 1613 in
965 1594 999 1613 ea
1018 1590 1049 1614 et
1067 1584 1120 1613 alii
1135 1591 1238 1625 poetae
1254 1585 1298 1615 la-

721 1629 919 1667 boraverint,
949 1629 1025 1659 huic
1056 1631 1201 1671 inprimis
1227 1631 1299 1662 loco

720 1675 775 1706 illa
790 1677 1087 1706 convem'entissima
1100 1684 1162 1715 est,
1176 1683 1213 1707 ut
1226 1685 1299 1718 post

720 1722 793 1752 illos
811 1723 845 1751 in
864 1723 1027 1763 superiore
1042 1722 1115 1753 loco
1133 1723 1297 1765 prodigio-

721 1779 794 1798 rum
804 1775 835 1798 et
849 1770 929 1798 sacri
938 1770 1050 1810 magici
1060 1775 1195 1801 terrores
1210 1781 1298 1800 nunc

722 1816 864 1844 animum
887 1814 1015 1845 diverso
1043 1815 1140 1846 modo
1164 1814 1295 1854 afficiat,

721 1868 822 1903 utque
855 1861 1025 1892 delinitum
1055 1862 1114 1892 hac
1144 1863 1297 1893 suavitate

722 1910 864 1938 animum
878 1908 1010 1949 legentis
1026 1909 1148 1938 miserae
1161 1908 1295 1939 Didonis

720 1966 864 1986 summus
887 1964 964 1984 mox
987 1965 1005 1985 a
1032 1965 1063 1985 v-
1091 1954 1156 1994 529
1181 1955 1297 1985 amoris

721 2009 815 2032 aestus
839 2002 997 2040 animique
1025 2001 1183 2030 cruciatus
1207 2007 1294 2031 tanto

721 2048 818 2089 magis
833 2047 1015 2089 percellant.
1031 2048 1103 2077 Jam
1119 2048 1139 2077 J
1141 2057 1186 2078 05.
1201 2049 1295 2078 War-

721 2100 817 2124 tonus
846 2094 910 2124 hoc
946 2093 1146 2130 observavit;
1173 2100 1204 2123 et
1230 2093 1293 2124 hoc

721 2151 851 2171 monere
868 2139 973 2169 voluit
991 2141 1078 2170 Serv.
1096 2138 1135 2169 ad
1151 2150 1184 2170 v.
1202 2139 1266 2170 522
1284 2149 1293 2171 :

722 2186 925 2217 Protendieur
955 2185 1016 2215 ista
1047 2185 1215 2227 descriptio
1249 2185 1296 2216 ad

723 2232 1009 2275 exaggerationem
1029 2231 1218 2274 vigiliamm
1234 2231 1295 2264 Dc·-
