1433 2460
574 148 698 179 LIBER
723 148 749 179 Ι.

55 207 245 257 Trojanae,
268 217 482 254 nomenque
503 213 629 252 tuum,
647 218 832 256 regesque
850 205 1007 257 Pelasgi.

55 270 140 317 Ipse
157 266 276 303 hostis
295 268 462 303 Teucros
483 266 621 316 insigni
642 266 755 303 laude
777 266 941 312 screbat,
1212 276 1261 300 625

56 328 180 375 Seque
196 333 322 362 ortum
339 324 494 374 antiqua
510 327 746 361 Teucrorum
765 324 811 361 ab
828 325 945 375 stirpe
963 325 1126 363 volebat.

55 389 184 432 Quare
200 385 316 435 agite,
335 397 357 421 o
375 385 689 435 tectis,juvcnes‚
711 385 902 423 succedite
920 387 1072 424 nostris.

54 449 119 483 Me
138 459 290 496 quoque
308 459 376 496 per
395 446 532 483 multos
549 446 678 483 similis
702 446 855 483 fortuna
871 446 1021 485 labores

54 510 238 544 Jactatam
254 506 325 543 hac
341 505 492 542 demum
509 506 630 542 voluit
647 506 853 543 consistere
873 514 986 544 terra.

54 567 142 604 Non
159 566 288 616 ignara
305 566 393 603 mali
413 566 558 603 miseris
574 579 796 603 succurrere
819 566 935 603 disco.
956 583 970 599 »
1213 573 1261 598 530

109 625 172 662 Sic
194 635 379 663 memorat
397 640 404 661 :
424 625 533 662 simul
556 627 701 662 AEncan
718 626 757 661 in
775 625 878 674 regia
897 625 1002 662 ducit

56 687 189 731 Tecta;
205 685 315 722 simul
336 685 467 720 divum
489 685 635 734 templis
654 684 786 720 indicit
804 683 1002 720 honorem.

57 747 137 783 Nec
153 746 277 784 minus
296 746 441 782 interea
455 745 565 782 sociis
583 744 630 781 ad
646 744 758 781 litora
774 743 891 780 mittit

57 938 220 961 tenere.·-—
228 931 248 960 6
254 940 270 960 2
277 936 306 966 4.
314 932 414 972 Reges
423 930 564 971 Pelasgi,
575 942 634 971 pro

58 976 257 1008 Achivorum
282 977 435 1014 ducibus,
460 978 552 1006 etiam
572 977 634 1007 hoc

57 1023 205 1054 licentius
219 1031 259 1056 ,et
283 1025 438 1053 seriorum
467 1031 634 1064 poetarum

58 1080 237 1110 graeeorum
254 1070 420 1110 exemplo3
436 1081 509 1099 nam
520 1072 636 1100 Home-

59 1126 95 1146 ro
127 1117 247 1157 Pelasgi
274 1116 418 1146 diversus
436 1116 474 1145 ah
502 1116 599 1146 Achii
608 1118 634 1146 is

60 1169 135 1192 sunt
162 1163 313 1203 populus.
343 1164 478 1192 Teucros
488 1186 496 1199 ,
526 1164 635 1201 Troja-

59 1219 135 1245 nos,
153 1209 192 1238 ab
211 1210 389 1249 antiquiore
413 1209 469 1238 illo
485 1211 610 1239 Teucro
625 1232 633 1247 ,

60 1265 76 1284 a
93 1265 159 1296 quo
185 1255 354 1285 Dardanus
379 1255 440 1284 fuit
465 1263 633 1295 exceptus,

61 1312 134 1330 cum
160 1302 196 1330 in
213 1308 327 1331 terram
354 1302 525 1339 Trojanam
547 1312 564 1330 e
585 1304 635 1332 Sa-

59 1347 221 1378 mothrace
234 1347 415 1386 trajecisset.
433 1358 463 1377 v.
479 1347 632 1387 Apollod.

61 1395 127 1431 111,
155 1405 218 1431 12,
245 1405 282 1431 1,
304 1401 336 1423 et
362 1400 454 1423 notas
486 1404 518 1433 p.
547 1395 632 1431 738,

64 1441 140 1480 739.
150 1441 204 1472 Ah
216 1441 266 1470 his
279 1440 435 1481 originem
453 1440 571 1469 ducere
586 1442 633 1470 vi-

61 1487 129 1518 deri
141 1488 270 1517 volebat
282 1489 406 1517 Teucer
419 1486 633 1524 Telamonius,

60 1541 191 1575 propter
200 1541 378 1564 maternum
386 1543 496 1574 genus,
506 1540 543 1563 ut
550 1540 635 1563 recte

60 1582 148 1611 Serv,
163 1582 240 1611 Erat
252 1582 336 1610 enim
350 1590 391 1609 ex
403 1580 541 1609 Hesione
555 1582 634 1610 Lao-

62 1626 221 1657 medontis
238 1625 303 1657 filia
327 1633 438 1662 natus,
460 1636 556 1667 quam
574 1628 635 1656 Te-

61 1672 170 1703 lamon
183 1683 199 1702 a
214 1673 314 1703 sodali
337 1672 476 1703 Hercule
494 1674 635 1702 muneris

61 1718 134 1749 loco
147 1726 320 1760 acceperat.
334 1718 400 1749 vid.
417 1718 568 1760 Sophocl.
581 1720 634 1758 Aj.

68 1776 79 1794 1
88 1766 104 1795 3
114 1775 152 1806 19
170 1776 238 1806 sqq.

110 1811 189 1852 629.
206 1813 280 1841 Hac
298 1810 385 1841 deest
405 1809 525 1841 Medic.
554 1810 635 1840 Con-

62 1857 165 1888 sidere
187 1857 272 1888 Gud.
304 1859 415 1887 tertius
441 1858 558 1887 Moret.
575 1867 635 1897 pro

63 1904 128 1935 div.
138 1905 212 1935 lect.
227 1904 402 1945 Hamburg.
413 1914 461 1944 pr.
481 1910 512 1933 et
529 1904 633 1944 Bigot.

63 1951 103 1981 cf.
129 1962 162 1982 V.
189 1951 228 1989 57
239 1962 266 1981 1.
290 1951 352 1981 Sed
379 1956 452 1990 post
470 1949 634 1990 jactatam

62 1997 176 2037 melius
196 1997 431 2027 consistere.——
441 1996 519 2026 630.
534 1995 634 2026 Nobi-

61 2043 198 2074 lissimus
215 2054 325 2074 versus
336 2065 344 2080 ‚
361 2043 543 2084 gravissima
564 2053 635 2072 sen-

62 2091 176 2128 tentia3
194 2091 305 2129 cujus,
320 2100 393 2119 cum
404 2100 434 2119 v.
453 2089 518 2118 628
529 2111 538 2125 ,
554 2089 632 2129 629,

64 2137 96 2166 vi
108 2144 256 2178 percepta
267 2159 276 2175 ,
289 2138 315 2166 si
329 2136 560 2166 adolescentem
570 2146 637 2165 non

63 2183 226 2224 voluptate
235 2184 349 2225 gestire
358 2182 475 2220 videas,
485 2193 535 2212 nae
544 2182 637 2211 illum

64 2239 80 2259 a
103 2237 206 2270 poetae
227 2230 364 2260 lectione
387 2230 491 2259 statim
510 2229 635 2268 abigas,

64 2275 192 2308 suadeo.
209 2276 332 2308 Turbas
346 2277 548 2307 Burmannus
565 2281 638 2317 post

688 933 834 963 Servium
855 930 939 960 facit.
958 931 1072 960 Sensus
1089 939 1096 959 :
1115 930 1181 969 ipsa
1209 929 1263 960 οὐκ

690 977 917 1021 ἀπειρέκακῡς,
950 977 1017 1017 ipsa
1053 983 1101 1006 tot
1135 975 1264 1006 adversa

688 1032 817 1066 experta
827 1047 835 1061 ‚
852 1025 993 1053 animum
1006 1022 1110 1052 habeo
1124 1033 1265 1063 pronum

688 1073 728 1102 ad
755 1069 1010 1101 succurrendum
1040 1069 1126 1105 aliis,
1154 1070 1211 1109 qui
1235 1077 1267 1099 et

688 1119 749 1159 ipsi
780 1118 909 1148 fortuna
933 1116 1065 1146 adversa
1094 1116 1263 1154 jactantur.

689 1165 798 1200 Disco,
812 1172 916 1201 teneo,
927 1163 1014 1192 novi.
1026 1163 1177 1204 Egregius
1189 1161 1266 1192 hinc

689 1211 894 1241 adumbratus
922 1217 969 1239 est
992 1209 1082 1239 locus
1102 1208 1266 1248 Sophoclis

688 1259 722 1288 in
743 1257 824 1289 oEd.
846 1256 914 1287 Col.
944 1256 1009 1286 560
1032 1255 1106 1296 (ΒΓ.
1126 1266 1156 1284 v.
1177 1254 1266 1295 587)

689 1300 843 1340 δίδασκε,
871 1300 971 1335 δεινὴν
990 1299 1054 1344 ’γάρ
1076 1303 1132 1330 τιν’
1157 1298 1193 1330 ἂν
1208 1311 1264 1343 πρ.

688 1360 756 1391 sqq.

736 1397 815 1426 632.
834 1394 937 1424 Simul
956 1393 1060 1423 divum
1079 1393 1205 1434 templis
1221 1394 1266 1424 in-

688 1442 769 1472 dicit
782 1441 945 1471 honorem.
960 1441 992 1470 Si
1006 1440 1046 1470 de
1062 1440 1265 1481 supplicatio-

687 1499 728 1518 ne
757 1488 817 1518 diis
841 1493 976 1528 propter
1007 1486 1131 1516 felicem
1160 1489 1266 1517 AEneae

687 1535 822 1576 hospitis
849 1534 1022 1564 adventum
1050 1532 1174 1562 decreta
1192 1544 1266 1563 cum

689 1584 776 1612 Serv.
791 1583 921 1612 Donato
934 1586 965 1609 et
980 1580 1159 1620 Pomponio
1176 1580 1267 1610 intel-

688 1628 816 1668 ligimus
826 1650 835 1665 ,
852 1637 911 1657 nee
926 1626 1017 1655 aliam
1044 1628 1201 1656 rationem
1216 1627 1266 1656 in-

688 1676 730 1704 iri
755 1685 846 1715 posse
864 1673 959 1703 video
971 1695 979 1710 ‚
1003 1683 1018 1702 a
1039 1683 1127 1703 more
1143 1673 1266 1712 antiqui

689 1721 798 1751 saeculi
836 1719 983 1750 recedere
1028 1718 1185 1749 dicendus
1219 1725 1266 1747 est

688 1775 782 1808 poeta
799 1774 830 1797 et
846 1766 1012 1796 deflectere
1029 1765 1066 1794 ad
1083 1774 1147 1794 suae
1167 1765 1265 1793 aetatis

688 1815 796 1843 vitam.
812 1814 892 1843 Nam
904 1834 912 1849 ,
927 1818 964 1841 ut
981 1822 1023 1840 ex
1040 1818 1106 1841 toto
1124 1812 1266 1840 Homero

688 1860 762 1888 satis
785 1865 924 1894 constat,
951 1856 1089 1887 heroicis
1112 1856 1264 1896 tempori-

688 1905 766 1941 bus,
778 1904 913 1944 hospitis
935 1902 1075 1933 adventu
1104 1903 1139 1932 in
1167 1902 1264 1932 domo

688 1952 793 1981 statim
809 1961 935 1980 sacrum
952 1948 1005 1986 fit,
1024 1948 1156 1979 caeditur
1171 1949 1264 1978 victi-

689 2007 740 2026 ma
757 2004 787 2026 et
809 2008 850 2027 ex
873 2007 908 2026 ea
930 1996 1026 2037 epulo
1043 2005 1133 2026 sacro
1149 1995 1264 2035 hospes

689 2044 860 2084 excipitur.
871 2045 1018 2073 Veterem
1025 2041 1116 2071 illum
1128 2041 1264 2071 heroum

689 2101 811 2120 morem
823 2089 950 2130 Virgilii
965 2088 1112 2129 exemplo
1127 2098 1195 2118 nou
1211 2086 1264 2117 de-

691 2138 790 2167 seruit
810 2136 915 2167 Valer.
939 2135 986 2166 Fl.
1010 2136 1042 2165 11
1055 2158 1063 2173 ,
1081 2134 1147 2165 650
1159 2156 1168 2172 ‚
1183 2134 1261 2164 651.

692 2183 796 2213 Simul
810 2182 935 2223 hospita
941 2181 1050 2223 pandi
1061 2183 1155 2212 Festa
1157 2179 1259 2222 jubet,

691 2229 880 2271 templisque
895 2239 1000 2260 sacros
1021 2227 1157 2269 largitur
1169 2226 1265 2258 hono-

691 2286 749 2308 res.

1061 2338 1102 2382 ὃ,
