1433 2460
128 102 189 137 ’λῃ-ἰ

629 92 820 123 AENEIDOS

126 156 250 191 ‘Litus
269 163 469 188 arenosum
488 149 638 198 Libyae,
659 158 867 198 ventosque
888 148 1037 185 secabat

127 216 321 251 'Materno
343 209 495 246 veniens
517 209 564 246 ab
585 222 656 246 avo
675 209 840 257 Cyllenia
859 209 995 257 proles.

130 275 179 310 Ut
201 272 364 321 primum
386 269 492 305 alatis
514 269 635 318 tetigit
652 268 810 317 magalia
828 268 962 317 plantis
979 296 988 313 ,

128 336 270 369 lEnean
294 330 513 367 fundantem
536 342 640 366 arces
659 343 701 366 ac
723 338 820 366 tecta
841 336 1042 364 novantem
1288 337 1334 360 260

128 391 338 441 Conspicit;
359 398 471 438 atquc
493 389 546 425 illi
561 389 728 425 stellatus
749 387 892 437 iaspide
910 387 1011 424 fulva

130 453 236 490 Ensis
256 459 354 497 erat,
375 450 570 499 Tyrioque
591 449 749 486 ardebat
770 448 913 485 murice
934 447 1046 494 laena,

129 512 301 548 Demissa
321 523 367 546 ex
386 508 572 554 humoris,
591 508 696 544 dives
716 521 800 558 quae
821 520 978 547 munera
995 508 1094 545 Dido

133 575 307 618 Fecerat,
325 580 361 608 et
379 569 483 607 tenui
504 569 594 606 telas
611 569 844 607 discreverat
865 582 969 608 auro.

132 688 179 717 siu
190 709 197 723 ‚
213 696 277 725 qua
290 685 342 714 illa
353 685 390 714 ad
402 686 597 716 Mercurium
609 694 706 717 trans-

132 735 278 763 ferretur.
297 750 342 754 —
358 732 435 770 257,
455 733 532 763 258.
554 732 639 763 Licus
656 732 707 762 Li-

134 780 226 819 byae;
244 786 279 808 ut
296 780 360 813 2123
380 779 426 808 ad
439 780 553 809 undas.
572 781 708 809 Omissio

134 826 368 866 praepositionis
386 827 460 855 satis
476 826 623 865 frequens
638 837 711 867 poe-

136 879 191 910 tae3
218 873 308 902 etsie
323 873 449 901 aurium
470 875 563 901 etiam
586 872 711 901 fastidio

135 919 329 948 occurritur.
358 920 559 947 Burmannus
587 919 620 948 in
646 918 713 948 vul-

136 971 204 1005 gata
227 964 432 993 distinctione
457 965 648 1003 acquiescit,
683 971 714 993 et

135 1010 174 1039 ad
188 1011 381 1050 scriptorum
396 1020 519 1039 morem
533 1010 637 1047 refert,
648 1020 713 1050 quo

137 1056 272 1086 verbum
287 1055 326 1085 ad
341 1055 475 1084 alterum
496 1062 620 1085 tantum
640 1057 714 1086 sub-

135 1103 295 1141 jectorum
315 1102 444 1141 proprie
457 1109 575 1142 spectat
588 1114 595 1139 ;
616 1110 651 1133 ut
664 1103 716 1133 de-

139 1148 226 1178 ficiat
253 1147 341 1177 aliud
363 1148 497 1177 verbum
522 1149 623 1178 simile
644 1157 716 1190 post

140 1195 228 1224 Licus
250 1205 420 1224 arenosum
442 1194 551 1234 Lilqyoe
569 1207 611 1226 sc.
628 1207 716 1237 pera-

141 1241 261 1281 grabat.
294 1243 444 1270 Blaterno
476 1241 517 1271 ab
550 1253 627 1280 ανο,
659 1254 715 1284 per

141 1289 279 1324 Maiam,
299 1288 438 1316 Atlantis
466 1287 487 1317 f.

191 1334 385 1373 259—261.
416 1334 566 1375 stlagalia
588 1346 618 1364 v.
644 1345 715 1375 sup.

144 1381 158 1409 I
170 1403 178 1417 ‚
202 1386 264 1416 421
285 1379 424 1409 Miratur
441 1380 557 1409 molem
574 1381 696 1410 AEneas
708 1404 715 1417 ,

144 1425 291 1467 magalia
323 1426 495 1466 qnondam.
529 1428 629 1456 Arces
659 1438 717 1467 pro

144 1473 351 1502 munimentis
385 1472 474 1501 urbis
504 1479 534 1501 et
564 1484 624 1513 pro
652 1475 719 1514 ipsa

144 1520 277 1549 omnino
300 1518 380 1547 urbe
399 1518 464 1548 vid.
481 1529 551 1559 sup.
571 1521 604 1554 Ι,
633 1525 697 1555 424
710 1542 717 1556 ‚

147 1565 223 1601 425.
259 1564 478 1599 andantem,
513 1565 719 1594 fundamenta

144 1617 331 1652 ponentem;
347 1611 476 1650 proprie
485 1633 493 1647 ‚
509 1609 721 1640 fundamentis

142 1659 234 1696 jactis
257 1655 523 1693 inaedificantem,
558 1663 641 1686 tecta
669 1668 721 1686 no-

146 1711 272 1732 vantem
289 1726 298 1738 ‚
336 1704 473 1743 privatas
503 1701 587 1732 aedes
622 1713 721 1733 novas

147 1749 345 1779 educentem.
362 1748 402 1778 cf.
419 1749 527 1778 Burm.

195 1795 272 1825 261.
294 1797 344 1824 Ac
368 1793 417 1823 illi
438 1795 536 1825 Goth.
563 1801 654 1831 tert.;
681 1805 721 1824 an

147 1851 218 1871 ecce
233 1840 309 1870 illi?
329 1840 424 1870 Fulvo
443 1840 507 1870 Erf.
530 1843 568 1870 In
593 1841 722 1881 reliquis

146 1887 222 1916 libri
238 1887 285 1916 nil
298 1892 433 1916 mutant.
451 1885 511 1916 Sed
528 1885 646 1924 defuit,
673 1897 721 1916 ar-

148 1933 252 1962 bitror
266 1955 274 1969 ,
305 1939 336 1962 et
361 1931 410 1961 his
443 1943 554 1962 manus
584 1931 722 1963 secunda

148 1985 269 2018 poetae3
288 1985 318 2007 et
333 1980 438 2008 Tucca
453 1989 527 2007 cum
542 1980 639 2009 Vario
656 1991 723 2009 ver-

148 2034 200 2052 sus
216 2024 381 2053 inchoatos
396 2031 672 2066 coagmentarunt3
689 2025 722 2055 fi-

148 2070 249 2098 nierat
264 2070 344 2098 forte
357 2077 450 2110 poeta
469 2070 602 2101 alterum
614 2072 721 2102 locum

148 2116 182 2145 in
203 2114 368 2154 Conspicit.
388 2118 473 2146 Tum
494 2117 571 2147 alter
585 2118 720 2158 adscrip-

149 2167 200 2190 tus
227 2168 291 2190 erat
312 2171 319 2190 :
344 2161 394 2191 illi
416 2163 560 2193 stellatus
583 2164 603 2194 i.
623 2163 656 2205 s
673 2180 720 2187 —-

152 2207 215 2238 261
228 2207 358 2244 -264,
377 2208 555 2249 Οοηψῐσίῑ,
575 2218 671 2251 acque
685 2210 721 2240 il-

761 685 794 717 li.
816 685 960 716 Offendit
977 685 1045 715 haec
1063 684 1163 714 oratio
1189 691 1336 724 tanquam

763 732 870 774 paullo
884 733 1023 770 jejunior
1039 741 1097 771 pro
1113 730 1165 760 tali
1180 732 1316 760 carmine
1329 754 1337 768 ‚

763 790 821 809 nec
837 786 981 808 accurata
996 778 1047 806 illa
1062 778 1191 807 vestitus
1205 777 1341 818 descrip-

767 827 810 855 tio
826 827 860 854 iu
875 824 980 854 medio
996 834 1102 853 rerum
1117 834 1212 853 cursu
1230 834 1340 864 expec-

766 871 908 907 tabatur;
927 873 1031 909 jejuna
1047 876 1152 900 manet
1167 871 1259 899 etiam
1276 871 1320 899 sie
1332 894 1340 908 ,

766 919 791 947 si
829 917 947 947 dixeris
959 940 966 954 ,
1002 918 1148 947 vestitum
1184 917 1340 957 insignem

766 964 922 994 Mercurii
947 964 1102 993 venientis
1124 962 1234 992 oculos
1258 964 1292 992 in
1310 974 1343 991 se

768 1011 971 1039 convertisse.
988 1012 1041 1040 Est
1055 1008 1183 1049 quidem
1198 1008 1260 1038 hoc
1275 1011 1341 1039 110-

768 1057 943 1092 mericum,
968 1063 1004 1085 ut
1028 1062 1186 1084 structura
1214 1055 1342 1095 reliqua:

769 1103 921 1132 orationis
938 1102 1043 1131 relicta
1057 1109 1219 1131 externam
1233 1102 1278 1131 rei
1294 1103 1342 1131 vel

769 1148 908 1179 hominis
934 1150 1068 1189 speciem
1093 1147 1238 1177 sensibus
1262 1147 1343 1187 obji-

770 1196 832 1225 ciat
844 1201 957 1236 poeta3
980 1205 1090 1225 verum
1103 1194 1164 1224 hoc
1184 1192 1240 1231 fit,
1264 1204 1344 1234 quo-

770 1243 827 1271 ties
850 1241 882 1271 id
905 1242 1011 1282 ipsum
1035 1242 1101 1271 vim
1123 1240 1217 1270 habet
1236 1240 1275 1270 ad
1292 1251 1345 1270 au-

770 1288 929 1329 gendum,
954 1286 1213 1328 amplificandum
1237 1287 1286 1316 vel
1312 1287 1346 1315 il-

770 1333 993 1364 lustrandum:
1013 1344 1100 1363 nuuc
1124 1340 1228 1363 autem
1251 1344 1345 1373 quam

772 1382 836 1410 vim
849 1380 965 1409 habere
980 1386 1083 1420 potest
1096 1380 1148 1409 hic
1162 1381 1244 1409 ensis
1256 1402 1263 1416 ‚
1279 1380 1345 1408 iia-c

772 1426 914 1467 chlamys
925 1449 933 1463 ,
965 1428 999 1456 in
1024 1425 1218 1467 designando
1250 1428 1346 1455 AEnea

773 1480 930 1513 occupato
946 1474 978 1501 in
997 1471 1191 1502 aedificandis
1207 1472 1347 1503 aedibus?

775 1537 819 1542 —
833 1520 877 1549 Ut
891 1519 1000 1548 saltem
1019 1525 1116 1558 acque
1132 1517 1268 1548 abesset!
1289 1518 1350 1548 Sed

773 1565 849 1594 libri
871 1565 917 1594 nil
939 1571 1074 1594 mutant.
1092 1565 1157 1595 Nec
1176 1575 1242 1595 rem
1256 1576 1350 1606 expe-

774 1610 837 1647 dit,
858 1611 884 1640 si
902 1610 941 1639 ab
963 1610 1013 1640 illi
1033 1610 1072 1640 ad
1085 1621 1163 1640 auro
1182 1611 1349 1652 parenthe-

775 1658 823 1686 sin
837 1656 942 1687 facias.
957 1657 1109 1687 Stellaeus
1121 1658 1276 1697 exquisite
1289 1668 1348 1698 pro

775 1703 943 1733 distinctus
962 1713 996 1732 ac
1016 1703 1157 1745 fulgenS,
1182 1714 1225 1734 sc.
1245 1705 1279 1734 in
1300 1714 1349 1734 ca-

775 1749 853 1790 pulo
877 1755 908 1778 et
935 1750 1057 1790 vagina.
1084 1749 1217 1789 Iaspide
1232 1750 1347 1791 sidua,

775 1795 939 1836 epitheton
964 1806 1032 1826 non
1058 1795 1246 1837 urgendum.
1276 1798 1349 1827 Nou

775 1843 859 1871 enim
877 1843 960 1871 inter
980 1844 1213 1882 praestantiores
1233 1843 1283 1872 suj
1302 1853 1349 1883 ge-

776 1889 859 1917 neris
872 1887 967 1917 fulvae
984 1895 1202 1918 numerantur.
1221 1899 1251 1918 ν.
1266 1888 1347 1919 Plin.

775 1935 938 1965 XXXVII
948 1956 956 1970 ‚
979 1935 1017 1973 37
1033 1957 1040 1971 ‚
1061 1944 1157 1975 quern
1171 1933 1348 1975 tamenfitl-

776 1990 830 2009 vas
851 1979 987 2019 jaspides
1014 1981 1145 2010 omnino
1174 1990 1349 2010 memorare

776 2036 842 2056 non
858 2026 968 2063 video,
995 2026 1083 2066 quod
1103 2032 1208 2056 tamen
1221 2028 1348 2057 Servius

776 2070 911 2101 affirmat
922 2094 930 2108 ‚
944 2070 1106 2112 nisificlva
1120 2082 1178 2112 pro
1191 2072 1349 2103 subviridi

776 2117 957 2158 accipienda
968 2140 976 2155 ,
1000 2124 1037 2147 ut
1060 2118 1116 2148 inf.
1132 2119 1163 2147 V
1174 2141 1182 2156 ‚
1204 2119 1269 2159 309
1277 2118 1348 2160 fitl-

774 2174 811 2193 va
821 2163 913 2194 oliva.
925 2163 1071 2194 Ardebat
1079 2172 1188 2195 ornate
1198 2176 1257 2206 pro
1270 2172 1346 2196 erat.

778 2210 871 2241 Telas
894 2211 952 2241 int.
978 2211 1120 2242 stamina.
1154 2213 1228 2242 Erat
1252 2212 1349 2255 igitur
