1433 2460
117 142 180 172 3543
464 141 684 172 FXCURSIJS
709 142 754 170 111
771 143 829 171 ΑΙ)
847 143 920 172 Lm.
939 145 960 172 Ι.

160 204 207 231 liv
229 203 427 231 Amazonum
450 202 553 241 spvciv
573 203 605 231 in
629 203 739 242 prisca!
764 203 839 231 artis
858 203 1073 232 monumentis
1089 202 1201 240 obvia,
1222 202 1312 243 plura

114 267 199 285 minc
225 258 257 285 in
284 256 397 295 vulgus
421 256 629 285 innotuerunt
647 266 741 295 quam
759 256 819 285 illis
836 257 944 293 annis,
960 267 1032 285 cum
1051 257 1215 297 prioribus
1234 257 1313 286 vici—

114 311 173 340 bus
185 309 479 339 rommentabamur
497 310 530 338 in
548 316 685 349 poetam.
700 310 811 349 Neque
825 309 902 339 adeo
913 321 1037 340 necesse
1051 317 1097 340 est
1112 321 1199 340 nunc
1213 309 1312 340 multa

113 375 370 394 commemorare.
390 364 553 404 Attingam
575 370 696 393 tantum
722 365 866 403 potiora,
884 375 954 404 quae
977 366 1031 403 iis,
1048 376 1186 406 quorum
1208 365 1312 396 studia

112 421 144 448 in
160 429 193 447 vn
211 419 405 458 antiquitatis
420 424 506 458 part(-
523 417 674 446 collocata
691 417 777 446 haud
792 417 897 454 suere,
920 419 1068 458 prodesse
1082 427 1225 459 possunt.
1244 420 1311 450 An-

111 475 207 513 tiquae
221 473 295 503 artis
311 472 458 512 frequens
475 472 534 501 fuit
548 478 770 511 argumentum
783 494 791 509 ,
811 472 874 510 jam
898 471 971 501 inde
993 483 1009 501 a
1025 471 1135 503 Phidia
1151 474 1311 515 sculptum

109 529 141 557 iu
157 534 248 556 scuto
263 527 418 557 Minerva:
428 526 564 556 Athenis
575 549 582 563 ‚
601 526 801 555 Amazonum
817 526 962 566 praelium
977 526 1080 567 (Plin.
1092 528 1236 557 xxxvl
1246 551 1254 566 ,
1272 533 1290 563 4
1303 550 1311 564 ,

111 591 126 620 l,
142 585 173 625 )‚
194 589 223 612 et
237 583 270 611 in
288 582 354 611 basi
369 581 530 611 simulacri
545 581 635 611 Jovis
651 580 958 621 ()lympii(Pausan.
980 583 1025 619 V,
1051 592 1062 610 1
1075 591 1102 617 x,
1120 592 1189 622 pag.
1212 587 1276 617 40²
1287 581 1310 623 ).

108 639 145 666 In
165 637 264 666 lorica
289 643 393 666 autem
415 646 470 665 seu
491 635 604 665 humili
624 636 758 676 pariete,
774 641 845 665 ante
864 636 955 666 Jovis
968 635 1174 665 simulacrum
1191 635 1287 666 ducto
1304 658 1312 673 ,

107 690 303 721 Penthesilea
321 690 484 720 vulnerata
497 713 505 727 ,
526 691 609 730 picta
626 700 641 718 a
658 692 797 720 Panaeno
808 713 816 728 ,
837 689 957 720 Phidiae
980 690 1073 720 fratre
1089 689 1187 730 (ibid.
1200 690 1223 732 ).
1240 690 1312 720 Alia

106 752 171 774 orat
189 744 393 775 Penthesilea?
405 745 530 784 pictura
550 745 721 785 Polygnoti
742 743 874 784 Delphis
885 743 984 784 (ibid.
998 745 1030 774 X
1041 767 1049 781 ‚
1067 745 1084 773 3
1094 755 1121 782 1,
1135 754 1167 784 p.
1187 744 1252 783 875
1269 743 1312 785 f.)

106 807 135 829 et
153 810 259 840 pugna
275 799 387 829 Thesei
403 809 476 828 cum
496 798 715 828 Amazonibus
727 821 735 836 ‚
755 799 838 838 picta
854 799 887 827 iu
902 797 1017 828 Poecile
1034 808 1051 827 a
1068 799 1197 828 Micone
1211 797 1310 839 (ibid.

106 856 140 890 1,
162 853 230 893 15).
249 854 415 883 Certamen
441 852 599 882 artificum
628 854 661 882 in
683 851 862 882 dedicando
885 864 925 882 ex
949 863 1009 882 aere
1028 853 1170 893 signoin
1192 851 1311 893 templo

107 908 318 948 Ephesiorum
334 919 363 937 v.
380 918 429 947 ap.
448 907 528 937 Plin.
549 907 705 943 XXXIV,
729 917 785 945 19,
802 918 850 947 pr.
869 906 956 935 fuere
979 907 1001 935 ii
1018 906 1153 936 artifices
1166 905 1310 947 Polycle-

104 969 171 999 tus,
184 960 320 997 Phidias,
336 960 490 991 Ctesilaus
500 983 507 996 ‚
520 959 634 1000 Cydon
649 966 679 989 et
690 959 880 990 Phradmon.
893 963 1044 990 Praeterea
1059 961 1179 991 Plinius
1193 960 1311 990 Desilai

104 1018 299 1047 Amazonem
315 1015 511 1046 vulneratam
525 1015 703 1057 (XXXIV,
718 1026 757 1055 19
767 1038 775 1052 ,
795 1014 847 1056 15)
859 1038 867 1052 ‚
885 1022 915 1045 et
928 1015 1162 1057 Strongylionis
1175 1016 1309 1046 Amazo-

105 1082 176 1101 nem
193 1081 369 1100 eucnemon
386 1069 486 1110 (ibid.
507 1081 531 1100 s.
555 1067 632 1110 21.)
649 1076 817 1108 utramque
845 1079 885 1098 ex
907 1080 986 1107 aerc,
1007 1077 1170 1101 memorat.
1188 1072 1310 1102 Debuit

104 1125 224 1156 Phidiae
245 1124 302 1154 alia
326 1135 390 1154 esse
410 1123 545 1154 Athenis
564 1124 711 1153 Amazon
732 1121 833 1152 lzastae
854 1122 992 1160 innixa,
1014 1125 1040 1153 si
1056 1134 1128 1153 vera
1147 1124 1229 1154 dixit
1247 1127 1308 1155 Lu-

105 1181 184 1209 cian.
200 1181 318 1220 Imagg.
337 1184 367 1214 4.
385 1178 561 1218 Antiquius
577 1177 728 1207 omnibus
754 1178 946 1208 enumeratis
962 1178 1088 1219 signnm
1107 1178 1168 1207 fuit
1181 1179 1306 1210 Aristo-

106 1236 161 1265 clis
184 1234 371 1275 Cydoniatae
385 1256 393 1271 ‚
416 1232 499 1262 ultra
519 1232 570 1263 Ol.
598 1234 710 1263 XXIX
722 1254 731 1270 ‚
752 1242 917 1274 assurgens
944 1243 1012 1263 aevo
1041 1232 1053 1273 (
1068 1234 1157 1264 Paus.
1174 1235 1204 1264 V
1216 1256 1224 1271 ‚
1240 1233 1282 1263 25
1293 1257 1302 1270 ‚

103 1301 134 1331 p.
152 1290 217 1325 445
229 1288 241 1330 >
253 1311 261 1326 ,
278 1288 438 1328 Olympiae
452 1287 591 1327 positum
602 1309 611 1324 ,
628 1287 776 1317 Herculis
799 1297 873 1316 cum
890 1288 1050 1317 Amazone
1074 1287 1213 1328 equestri
1226 1297 1307 1328 pug-

103 1344 219 1374 nantis.
236 1344 368 1373 Narrata
380 1342 449 1371 haec
470 1347 546 1370 sunt
562 1350 600 1370 eo
618 1340 752 1370 consilio
763 1363 771 1378 ,
786 1346 822 1370 ut
836 1350 933 1380 quam
949 1341 1112 1382 vulgatum
1129 1341 1203 1371 artis
1219 1351 1307 1383 argu-

104 1405 248 1428 mentum
278 1396 340 1427 hoc
367 1396 482 1434 fuerit,
500 1401 665 1436 appareat,
695 1402 795 1435 utque
826 1401 911 1425 recte
934 1395 996 1425 hoc
1025 1406 1041 1425 a
1066 1396 1200 1426 Marone
1222 1398 1306 1427 inter

103 1454 242 1494 picturas
278 1451 389 1481 referri
422 1449 628 1491 intelligatur.
647 1450 695 1479 Ex
726 1450 764 1479 iis
781 1451 1014 1488 monumentis,
1036 1459 1106 1491 quae
1136 1450 1177 1480 ad
1198 1457 1307 1481 nostra

103 1514 246 1548 tempora
267 1513 388 1536 servata
404 1512 479 1535 sunt
490 1528 498 1543 ‚
519 1504 610 1534 facile
629 1505 777 1544 princeps
803 1511 849 1534 est
866 1505 992 1545 signum
1007 1515 1023 1534 e
1040 1515 1196 1535 marmore
1207 1528 1216 1544 ,
1232 1515 1307 1536 cum

102 1561 197 1592 titulo
215 1571 221 1591 :
242 1560 399 1590 translata
421 1559 461 1588 de
484 1558 595 1588 schola
613 1557 810 1587 Medicorum
824 1557 878 1599 (ἐν.
893 1550 1044 1600 λέσχης),
1062 1559 1139 1589 olim
1153 1560 1188 1590 in
1205 1559 1306 1590 hortis

102 1616 340 1648 Matthaeiorum
350 1638 358 1652 ‚
377 1609 465 1644 nunc
479 1614 513 1642 in
526 1615 641 1642 Museo
656 1613 926 1643 Pio-Clementino
939 1613 1026 1654 (vol.
1043 1616 1074 1644 ΙΙ
1085 1637 1094 1653 ,
1111 1614 1172 1656 38)
1187 1615 1221 1644 in
1237 1614 1306 1655 pul-

101 1671 265 1701 cherrimis
282 1669 428 1699 habitum
441 1678 449 1705 ;
465 1677 600 1697 mamma
609 1667 723 1697 dextra
736 1666 854 1696 nudata
867 1674 962 1698 stans.
980 1670 1060 1699 Sunt
1072 1668 1131 1698 alia
1144 1669 1178 1698 in
1191 1670 1305 1700 Museo

102 1725 301 1766 Capitolino,
327 1723 386 1752 alia
413 1722 481 1752 aliis
502 1723 537 1752 in
564 1722 663 1759 locis,
682 1722 829 1762 praeclara
850 1723 994 1753 Amazon
1015 1725 1169 1764 equestris
1186 1735 1228 1754 ex
1245 1735 1305 1755 aere

101 1780 185 1809 inter
212 1777 476 1814 Herculanensia3
491 1775 545 1806 sed
571 1775 609 1805 ad
635 1776 742 1806 locum
770 1783 916 1806 nostrum
939 1776 1014 1807 facit
1031 1778 1245 1819 anaglyphum
1270 1780 1305 1809 in

102 1834 185 1863 vina
207 1832 376 1874 Borghesia
400 1831 484 1872 apud
509 1830 769 1862 Winckelmann.
787 1831 954 1872 (Monam.
972 1832 1058 1863 ined.
1079 1833 1252 1874 CXXVII)
1268 1835 1301 1864 in

101 1899 165 1929 quo
180 1887 383 1919 Penthesileae
401 1886 556 1916 adventus
572 1885 611 1914 ad
630 1886 789 1915 Priamum
812 1886 993 1918 exhibetur.
1010 1888 1210 1918 Amazonum
1227 1890 1303 1919 ima-

102 1945 189 1984 gines
204 1944 382 1984 frequentes
398 1948 474 1972 sunt
492 1942 526 1970 in
541 1941 648 1970 numis
664 1941 839 1970 multarum
852 1942 936 1972 Asiae
955 1941 1085 1972 urbium
1096 1965 1104 1981 ,
1116 1953 1186 1984 quae
1202 1944 1295 1985 origi-

102 2007 157 2026 nes
171 2007 241 2026 suas
251 1996 289 2027 ab
304 1995 521 2027 Amazonibus
534 1994 729 2036 repetebant.

639 2127 812 2135 ..ψ-..ᾳ-
