1433 2460
153 74 217 103 2:36

149 194 402 241 Soianienque
420 191 519 228 mali.

655 74 851 104 AENEIDOS

148 133 342 182 Lauigerae
359 130 588 168 comitantur
604 144 711 178 ovcs;
737 145 780 169 ca
799 132 876 168 sota
898 131 1092 181 voluptas,

1303 141 1353 165 660

198 256 400 301 Postquam
420 252 514 289 altos
535 253 657 303 tetigit
677 252 831 296 fluctus,
853 260 890 288 et
910 251 958 289 ad
980 264 1134 300 aequora
1150 251 1271 297 venit,

146 313 316 350 Luminis
336 311 465 349 effossi
485 312 644 349 ssuiduni
663 312 754 349 lavit
773 312 859 348 inde
876 325 1074 357 cruorem,

145 373 332 411 Dentibus
353 371 570 409 infrendens
588 372 749 422 gemitu3
773 372 1020 422 graditurque
1040 385 1108 422 per
1125 385 1256 422 aequor

144 438 227 471 Janl
246 433 432 480 medium,
453 432 615 469 necdum
634 432 769 469 fluctus
789 432 906 468 latera
924 432 1043 468 ardua
1062 432 1184 469 tinxit.

1271 458 1274 461 Α
1304 439 1353 464 665

142 497 221 531 Nos
242 493 374 543 procul
397 492 485 529 inde
506 493 633 543 sugam
651 491 790 542 trepidi
806 491 992 537 celerare,
1014 501 1167 542 recepto

145 555 343 605 Supplice,
360 555 413 592 sic
429 554 584 598 merit03
604 553 784 603 tacitique
804 553 972 590 incidere
989 552 1136 599 funcm3

142 615 340 653 Verrimus
361 623 398 651 et
414 614 527 664 proni
547 613 781 651 certantibus
799 625 953 663 aequora
971 612 1095 649 retnis.

146 778 209 810 qua
233 767 338 808 lapsus
366 766 530 797 difficilior
552 766 661 797 suisset
686 766 724 797 ad

145 816 284 845 alteram.
308 815 420 843 Oritur
442 825 518 854 ergo
540 814 725 854 disceptatio

145 864 230 891 inter
256 861 477 890 auctoritatem
502 868 533 890 et
558 861 723 891 rationem.

147 908 209 939 Sed
240 917 298 936 nec
333 918 466 936 manum
494 907 576 937 bene
605 906 727 936 dictum

148 962 247 989 essem
278 963 434 993 quorsum
462 954 548 983 enim
571 964 686 982 manus
711 964 728 982 a

148 1001 263 1031 baculo
277 999 415 1040 regenda
429 999 558 1029 fuisset?
571 999 730 1040 sedpinus

149 1048 182 1077 h.
201 1058 227 1077 e.
245 1053 378 1075 truncus
397 1047 528 1086 pineus,
555 1056 673 1083 manu,
696 1047 728 1076 h.

151 1105 178 1124 e.
196 1103 293 1134 quam
312 1103 408 1122 manu
430 1092 576 1129 tenebat,
602 1092 685 1133 regie
700 1100 733 1122 ec

141 1141 260 1183 firmat
287 1138 429 1180 vestigia
440 1162 449 1175 ,
477 1139 510 1169 h.
542 1149 569 1169 e.
597 1150 730 1180 gressu-5.

152 1188 256 1217 Etiam
283 1187 411 1215 Servius
440 1195 540 1214 manu
571 1186 707 1226 explicat
722 1208 731 1223 ,

155 1233 209 1263 sed
235 1233 300 1262 fere
322 1238 358 1261 ut
385 1232 521 1269 Pierius,
545 1233 603 1271 qui
628 1234 735 1261 Mons-

155 1288 238 1309 trum
246 1279 345 1319 pinus
355 1278 438 1317 regit
448 1278 582 1319 jungere
596 1277 733 1308 videtur.

155 1329 274 1366 Lapsus
288 1326 322 1353 in
338 1324 449 1364 primis
464 1325 569 1352 statim
579 1325 736 1363 exempla-

156 1373 247 1402 ribus
263 1370 417 1410 obrepere
431 1369 539 1409 potuit
553 1379 560 1400 :
576 1368 663 1410 quod
679 1369 737 1399 fac-

158 1427 228 1448 tum
243 1428 308 1447 esse
325 1418 358 1445 in
376 1415 485 1445 multis
498 1422 642 1446 veterum
658 1415 737 1446 locis

158 1463 408 1495 animadvertere
420 1463 506 1492 licet.
528 1464 655 1492 Trunca
673 1473 738 1492 ma-

160 1523 218 1542 nus
243 1510 360 1551 pinum
393 1508 491 1538 Goth.
520 1520 570 1549 pr.
600 1516 631 1538 ct
665 1515 736 1539 tert.

157 1557 242 1598 gerit
254 1569 266 1593 ;
274 1556 404 1598 format
420 1554 506 1585 Leid.
521 1572 568 1578 —
582 1557 622 1584 In
642 1565 738 1584 manu

158 1613 294 1634 truncus
308 1603 422 1643 pineus
438 1600 521 1642 regit
528 1612 613 1638 eum,
629 1610 662 1631 ec
671 1613 741 1631 ves-

161 1650 242 1691 tigia
261 1649 395 1691 firmat,
424 1647 553 1678 firmum
581 1649 741 1678 incessum

161 1703 298 1738 praestat.
314 1696 395 1725 Mox
406 1705 482 1725 vero
497 1695 563 1724 662
579 1694 627 1723 ad
637 1705 743 1735 oequo-

161 1755 198 1773 ra
226 1741 336 1777 venit,
366 1741 424 1770 ubi
452 1740 491 1770 ad
516 1741 614 1771 altum
642 1752 742 1782 usque

162 1801 249 1819 mare
264 1789 420 1829 processit
434 1798 441 1818 ι
456 1798 516 1828 pro
530 1789 609 1817 vasti
622 1788 744 1818 scilicet

164 1836 308 1876 corporis
341 1834 448 1864 modo.
469 1851 516 1857 —-
535 1835 614 1865 661.
647 1834 746 1864 Malis

165 1890 237 1913 tert.
258 1881 410 1912 Rottend.
431 1883 549 1911 Versus
562 1881 746 1921 inexpletus

166 1931 201 1958 in
215 1930 273 1959 Ge.
289 1928 427 1958 Fabricii
444 1927 551 1964 libris,
575 1929 609 1957 in
626 1927 745 1958 Medic.

167 1975 294 2004 duobus
307 1974 440 2004 Mentel.
453 1985 518 2004 uno
526 1975 620 2011 Pier„
629 1974 748 2015 quibus

170 2021 249 2050 adde
273 2023 395 2061 Fragm.
420 2022 542 2058 Vatic.,
567 2021 625 2050 etsi
648 2027 678 2050 et
701 2019 747 2050 ibi

169 2069 289 2097 recenti
305 2077 402 2096 manu
415 2066 610 2107 adscriptum
622 2067 750 2107 supple-

171 2120 315 2144 mentum
331 2123 337 2141 :
353 2112 392 2142 de
404 2113 603 2156 eollofcstula
611 2113 744 2153 pendet,

171 2159 259 2200 quod
273 2161 367 2188 ceteri
382 2159 445 2188 fere
456 2160 549 2189 codd.
562 2161 656 2189 etiam
671 2158 748 2189 editi

168 2206 306 2243 habent,
338 2206 398 2234 nisi
430 2207 519 2247 quod
547 2206 613 2236 duo
646 2213 746 2236 tresve

774 764 1054 809 petzdebacfiscttla
1063 764 1157 800 collo,
1171 769 1246 794 utet
1257 763 1354 794 Goth.

781 820 851 843 tert.
866 823 882 842 a
898 824 939 842 m.
960 822 1039 848 sec.‚
1059 810 1218 841 Montalb.
1237 811 1356 851 depen-

780 858 870 900 diefi
895 871 921 889 c.
946 859 1073 897 Rejecta
1098 857 1164 887 haec
1183 857 1222 887 ab
1245 857 1355 887 Heius.

781 913 853 946 post
878 906 992 935 multas
1017 906 1161 934 virorum
1187 902 1355 934 doctorum

781 952 1012 993 disputationes
1036 961 1043 981 :
1072 962 1103 980 v.
1131 949 1247 980 Bened.
1278 951 1359 980 Pier.

784 998 904 1036 Cerda,
933 1005 965 1028 et
995 1007 1075 1038 quos
1103 998 1212 1027 Burm.
1240 995 1359 1026 laudat.

783 1047 914 1085 Neque,
940 1046 966 1074 si
988 1054 1029 1073 ex
1053 1043 1202 1074 codicum
1226 1043 1363 1073 auctori-

785 1098 847 1121 tate
871 1101 939 1120 rem
958 1091 1111 1127 aestimes,
1133 1099 1245 1119 versus
1271 1089 1362 1118 facile

785 1139 916 1168 retineri
934 1143 1048 1177 potest.
1073 1137 1154 1167 Nam
1175 1135 1243 1165 aliis
1259 1145 1365 1176 repre-

786 1183 996 1215 hensionibus
1022 1182 1284 1223 interpunctione
1309 1191 1363 1212 oc-

789 1241 898 1261 curras
917 1239 924 1260 :
947 1239 987 1259 ea
997 1229 1068 1258 sola
1082 1228 1233 1269 voluptas
1243 1240 1256 1265 ;
1277 1228 1365 1258 Sola-

790 1287 925 1317 menque
960 1274 1040 1305 mali
1075 1274 1116 1305 de
1148 1275 1230 1305 collo
1250 1274 1366 1318 fistula

783 1323 917 1363 pendet.
955 1323 987 1352 si
1024 1329 1128 1352 tamen
1162 1321 1202 1352 ad
1238 1331 1366 1351 sensum

791 1378 898 1398 meum
911 1366 1032 1406 judico,
1049 1369 1142 1398 etiam
1159 1368 1213 1398 illa
1229 1367 1368 1398 tollenda

792 1421 885 1445 sunt:
900 1424 939 1443 ea
952 1413 1022 1443 sola
1034 1414 1188 1454 voluptas
1204 1414 1369 1444 Solamen-

793 1472 854 1502 que
874 1459 975 1490 mali:
993 1460 1196 1490 manifestum
1209 1461 1293 1491 enim
1312 1459 1348 1490 {it
1359 1483 1368 1498 ‚

793 1518 859 1537 esse
871 1517 925 1537 eos
938 1513 1071 1537 conatus
1084 1506 1237 1547 explendi
1249 1517 1370 1543 versus,

795 1564 812 1583 a
837 1553 970 1583 diversis
993 1553 1179 1583 auctoribus
1199 1552 1370 1593 profectos.

794 1600 929 1630 —663.
947 1599 1047 1636 Inde,
1067 1610 1108 1629 ex
1123 1609 1251 1640 aequore
1263 1621 1272 1636 ‚
1292 1608 1374 1639 aqua

796 1648 916 1676 marina
931 1647 1146 1676 Burmannus.

844 1694 911 1723 666
927 1716 935 1730 ‚
967 1693 1045 1731 667.
1079 1692 1160 1723 Cum
1197 1692 1375 1722 Homericis

798 1741 930 1770 certavit
944 1740 966 1769 l.
981 1750 1009 1769 c.
1026 1750 1056 1769 v,
1078 1745 1141 1777 471
1157 1761 1165 1776 ,
1182 1745 1260 1776 472.
1280 1738 1374 1769 Adde

798 1786 914 1827 Odyss.
936 1796 973 1823 7.,
995 1785 1059 1815 126
1082 1796 1150 1826 sqq.
1171 1785 1225 1815 Sic
1241 1784 1374 1822 merito,

801 1831 937 1867 εἰκότως.
955 1833 1036 1863 Nam
1051 1831 1243 1872 supplicem,
1261 1829 1374 1868 ἱκέτην,

800 1881 872 1921 quis
905 1879 1066 1919 aspernari
1085 1879 1167 1908 ausit
1190 1879 1197 1907 !
1225 1878 1313 1914 sive,
1340 1885 1377 1907 ut

801 1926 913 1956 merito
928 1927 968 1955 sit
982 1924 1188 1961 adverbium3
1202 1925 1285 1960 sive,
1302 1925 1376 1964 quia

800 1974 933 2002 meritus
951 1978 1018 2001 erat
1035 1972 1080 2001 sic
1107 1971 1217 2011 recipi.
1233 1987 1281 1992 —-
1297 1970 1377 2002 668.

803 2019 964 2049 Venimus
974 2017 1045 2048 edd.
1061 2018 1155 2047 etiam
1173 2018 1377 2057 antiquiores,

801 2076 879 2105 quas
903 2065 1024 2095 Pierius
1049 2065 1205 2105 respicere
1231 2063 1378 2101 videtur,

802 2118 834 2141 et
849 2113 932 2142 inter
947 2111 1136 2141 Heinsianos
1152 2121 1201 2151 pr.
1215 2111 1332 2140 Moret.
1349 2117 1379 2140 et

801 2160 883 2188 Veu.
914 2168 929 2187 a
957 2167 1041 2187 man.
1060 2167 1122 2187 sec.
1149 2156 1291 2187 Praetulit
1317 2156 1378 2186 hoc

802 2205 911 2234 Heius.
933 2211 963 2234 et
982 2205 1167 2241 Burmann,
1183 2202 1255 2238 ille,
1278 2209 1357 2244 puto
1369 2225 1378 2240 ‚
