1433 2460
584 135 707 166 LIBER
731 136 757 164 1.
1231 146 1245 172 7
1254 145 1267 153 ⁹

70 212 84 226 «
103 196 137 231 Ο
157 192 320 243 Regina,
335 204 474 229 novam
492 192 554 229 cui
574 192 738 229 condere
755 194 775 229 J
779 192 933 242 uppiter
949 191 1101 237 urbem,

68 256 89 290 J
94 252 296 302 ustitiaque
313 251 417 289 dedit
434 252 554 302 gentis
570 252 720 289 frenare
737 251 939 302 superbas,

69 315 187 350 Troes
202 322 238 350 te
251 312 395 358 miseri,
413 313 534 350 ventis
551 314 671 350 maria
687 313 814 350 omnia
827 313 946 359 vecti,

70 375 235 410 Oramus
250 387 258 409 ε
279 372 441 422 prohibe
458 372 632 410 infandos
650 386 670 410 a
689 372 852 410 navibus
868 373 984 423 ignis;

1224 384 1271 408 525

70 435 186 469 Parce
205 432 269 482 pio
285 434 433 483 generi,
454 442 491 470 et
513 434 671 484 propius
692 447 752 470 res
769 433 921 483 adspice
937 443 1096 472 nostras.

70 495 158 531 Non
174 505 242 530 nos
263 503 327 530 aut
342 494 443 531 ferro
461 494 624 543 Libycos
642 495 826 544 populare
843 497 1000 532 Penates

72 554 272 599 Venimus,
289 563 354 591 aut
373 563 500 605 raptas
516 554 564 591 ad
583 555 696 591 litora
708 563 859 592 vertere
874 556 1020 605 praedas
1038 571 1045 592 :

73 617 160 652 Non
173 628 217 652 ea
232 615 289 652 w's
306 615 431 652 animo
441 644 451 661 ,
464 628 534 652 nec
548 625 651 652 tanta
667 615 846 665 superbia
861 615 983 652 victis.

74 678 139 713 Est
153 675 273 723 locus,
288 676 510 726 Hesperiam
527 675 634 714 Graii
649 676 873 726 cognomine
887 675 1017 713 dicunt
1028 704 1037 722 ‚

76 836 141 865 est3
172 828 252 858 male
275 829 307 859 h.
333 829 355 859 1.
380 839 397 859 a
419 831 597 870 Pomponio
619 838 651 860 et

77 875 143 906 aliis
168 874 206 904 ad
230 885 304 905 eum
325 875 461 906 refertur
483 878 539 918 qui
558 877 648 907 Iliad.

78 919 113 960 ξ,
135 921 200 962 489
213 931 281 962 sqq.
296 922 468 960 occiditur,
491 923 651 954 Phorban-

78 969 117 998 n's
131 968 152 998 f.
176 968 288 998 Alium
311 969 346 998 in
367 971 472 1008 Trojae
487 972 650 1000 eversione

78 1014 119 1044 ab
131 1014 286 1045 Diomede
304 1025 420 1045 caesum
435 1038 443 1052 ‚
462 1012 651 1061 δημογέρεν-

78 1071 131 1098 τοι,
146 1061 270 1091 videbis
285 1071 335 1102 ap.
352 1063 466 1103 Quim.
478 1063 543 1094 Cal.
557 1065 649 1102 XIII,

83 1107 143 1137 181
160 1119 228 1148 sqq.

129 1155 205 1185 522.
232 1165 300 1195 sqq.
330 1155 441 1185 Oratio
467 1158 588 1197 egregie
614 1156 653 1186 ad

81 1201 248 1231 consilium
267 1207 298 1230 et
317 1200 355 1229 ad
373 1202 524 1232 affectum
545 1202 652 1232 dicen-

81 1249 122 1277 fis
136 1247 355 1286 audientisque
369 1255 547 1288 comparata
559 1260 566 1285 ;
579 1260 652 1278 cum

83 1303 145 1334 qua
172 1303 240 1323 non
265 1294 332 1322 siue
362 1293 466 1323 fructu
491 1305 654 1335 compares

85 1340 214 1370 alteram
247 1339 287 1368 ad
316 1341 464 1369 Latinum
492 1343 530 1372 R.
564 1341 654 1370 habi-

84 1394 149 1416 tam
164 1388 234 1416 AEn.
254 1387 337 1423 VH,
359 1387 423 1416 213
444 1398 512 1427 sqq.
530 1387 657 1418 Praecla-

85 1443 158 1462 rum
187 1432 250 1463 hoc
273 1442 281 1462 :
305 1443 419 1462 novam
447 1434 500 1463 cui
523 1435 658 1464 condere

86 1478 233 1519 Iuppiter
261 1478 368 1509 urbem
375 1491 389 1516 ;
415 1479 484 1510 haec
507 1481 591 1510 enim
618 1491 659 1510 ex

85 1527 296 1564 Trojanorum
309 1536 405 1556 sensu
415 1533 565 1557 votorum
576 1537 659 1557 sum-

87 1582 156 1610 ma3
180 1579 210 1602 et
225 1582 319 1614 grave
338 1583 379 1602 ex
399 1573 494 1603 altera
509 1581 598 1614 parte
619 1574 659 1604 ad

88 1618 290 1649 humanitatis
310 1618 417 1649 officia
437 1628 659 1661 argumenrum

89 1664 174 1705 apud
189 1665 360 1696 Didonem.
383 1667 533 1697 Similiter
545 1678 661 1708 expeu-

89 1710 129 1740 de
150 1711 281 1752 reliqua.
297 1729 343 1735 —
367 1713 444 1743 523.
473 1713 589 1743 Gentes
611 1724 660 1743 su-

83 1757 201 1797 perbas
211 1780 220 1795 ,
236 1757 354 1787 feroces
364 1781 372 1795 ,
391 1760 450 1788 int.
466 1759 579 1796 Afros,
595 1770 662 1790 nou

90 1805 216 1834 Poenos.
237 1803 400 1833 Iustitiam
423 1804 460 1833 ad
483 1811 587 1835 totum
605 1807 663 1834 mi-

90 1851 204 1879 tiorem
224 1851 298 1880 vitae
316 1850 440 1880 cultum
455 1851 603 1892 legesque
623 1862 662 1881 ac

83 1895 162 1937 jura
184 1896 263 1926 data
290 1897 390 1934 refer,
423 1897 540 1937 quibus
564 1898 664 1927 ferita-

91 1949 155 1972 tem
183 1953 296 1973 eorum
321 1944 477 1984 mitigavit
505 1943 600 1974 Dido.
617 1962 663 1968 —

94 1989 171 2025 524.
204 1988 327 2019 Circum
350 2001 392 2020 m.
417 1990 531 2020 Hamb.
554 2001 604 2031 pr.
624 2001 664 2020 ex

87 2030 124 2066 'w
140 2036 203 2073 32,
227 2042 258 2066 et
283 2035 494 2077 Cuningham.
518 2038 666 2075 conjicie-

93 2081 149 2112 bat
163 2091 172 2112 ζ
185 2078 366 2117 circum'vel
379 2082 439 2112 huc
446 2094 521 2123 per,
540 2083 579 2112 ad
591 2083 665 2114 duo-

94 2134 163 2157 tum
175 2131 246 2159 AEn.
257 2130 331 2166 VII,
348 2130 411 2159 228
423 2140 432 2166 ;
444 2130 570 2160 frustra.
585 2132 664 2161 Nam

93 2175 295 2215 praeposiu'va
301 2175 394 2206 docte
402 2187 418 2205 a
427 2183 519 2217 poeta
529 2176 568 2206 ad
580 2177 665 2207 Grae-

95 2230 207 2250 corum
221 2221 354 2252 ductum
367 2223 536 2253 omittitur.

146 2267 231 2307 525,
262 2269 340 2301 526.
367 2268 524 2311 Infandos
553 2269 662 2312 ignes,

1229 687 1275 711 530

704 831 761 871 qui
779 829 929 860 adversus
947 830 991 859 fas
1002 831 1118 870 jusque
1133 831 1275 871 gentium

703 877 896 907 inferuntur.
917 876 1010 906 Pium
1028 887 1147 918 genus,
1171 878 1279 915 Troja-

703 924 738 953 ni
759 923 792 953 h.
817 923 839 953 l.
853 946 861 960 ‚
888 924 946 963 qui
967 923 1087 953 nullam
1107 924 1277 961 injuriam,

703 970 831 1000 nullum
847 969 943 1006 nefas,
959 971 1192 1007 commiserant,
1202 980 1279 1010 prae-

705 1016 760 1046 das
786 1016 917 1057 agendo.
943 1017 1053 1046 Pietas
1076 1027 1136 1057 pro
1159 1017 1280 1054 justitia

705 1063 868 1093 interdum
895 1062 997 1100 dicta,
1026 1070 1184 1104 quatenus
1211 1062 1278 1093 haec

706 1120 723 1139 a
742 1117 828 1139 meru
849 1109 983 1139 deorum
997 1117 1028 1139 et
1042 1110 1194 1150 religione
1209 1120 1281 1150 pro—

706 1155 868 1186 ficiscitur.
903 1156 1039 1196 Propius
1072 1155 1201 1196 adspice
1233 1167 1283 1186 res

707 1210 848 1238 nostras,
886 1202 1104 1233 conditionem
1121 1209 1152 1232 et
1175 1203 1280 1232 locum

708 1259 771 1290 quo
791 1259 919 1286 sumus,
944 1250 1122 1278 accuratius
1138 1249 1259 1289 inspice
1274 1259 1282 1279 ε

708 1305 750 1324 sc.
773 1294 961 1334 deprecatur
972 1295 1127 1333 judicium
1146 1294 1185 1324 de
1198 1306 1231 1324 se
1245 1305 1285 1325 ex

708 1341 813 1382 primo
834 1351 942 1370 rerum
955 1341 1124 1383 adspectu,
1138 1342 1285 1371 fortunae-
1341 1366 1346 1372 .

710 1398 773 1427 que
791 1389 894 1427 specie
905 1411 913 1425 ,
937 1388 1142 1428 postulatque
1167 1398 1185 1417 a
1202 1389 1285 1429 regi-

710 1444 770 1471 na,
787 1441 824 1464 ut
839 1436 1017 1464 accuratius
1029 1434 1091 1464 sibi
1102 1458 1111 1472 ‚
1134 1435 1190 1475 qui
1205 1435 1284 1472 sint,

712 1481 832 1521 exponi
845 1482 992 1521 patiatur.

761 1527 780 1557 5
784 1537 837 1565 27-
864 1528 940 1558 'Non
953 1539 987 1558 se
1002 1528 1042 1558 ad
1063 1528 1288 1569 depraedandas

711 1573 891 1604 incolarum
905 1581 1002 1604 terras
1014 1585 1050 1604 ac.
1063 1575 1152 1605 sedes
1164 1577 1287 1605 venisse

713 1621 767 1651 ait.
803 1621 974 1661 Comparat
1010 1621 1110 1652 Cerda
1147 1621 1286 1662 Orphica

714 1668 865 1708 Argouau
871 1675 892 1699 t.
919 1668 983 1706 827
1013 1679 1082 1709 sqq.
1102 1678 1110 1698 :
1133 1671 1289 1698 sententia

714 1714 824 1743 saltem
839 1724 907 1744 non
922 1714 1001 1745 adeo
1014 1714 1121 1755 dispar
1134 1721 1190 1745 est.
1201 1714 1285 1745 Add.

715 1760 868 1800 Apollon.
884 1762 951 1797 111,
977 1762 1042 1791 386
1060 1772 1128 1801 sqq.
1143 1778 1190 1783 —
1210 1761 1288 1791 528.

716 1806 889 1835 Advertere
910 1806 1007 1836 litora
1026 1807 1161 1847 praedas
1181 1809 1288 1838 Vene-

717 1858 768 1880 tus
797 1852 931 1882 Heinsii.
958 1852 1016 1882 Ad
1045 1853 1142 1882 litora
1178 1854 1290 1884 tollere

716 1899 822 1936 Sprot.
839 1909 859 1927 a
873 1897 966 1928 litore
979 1906 1107 1928 vertere
1118 1899 1203 1931 Leid.
1213 1911 1288 1931 cum

718 1943 839 1984 aliquot
861 1944 953 1975 codd.
974 1947 1078 1976 Pierii.
1095 1964 1143 1970 -—
1161 1949 1290 1977 Vertere

711 1990 844 2030 praedas
870 1992 1026 2032 exquisite
1051 2003 1112 2033 pro
1130 2001 1269 2024 avertere
1281 2006 1290 2031 ;

718 2036 843 2077 abigere
858 2046 867 2067 :
882 2045 919 2067 nt
930 2045 977 2068 est
988 2038 1009 2068 l.
1024 2041 1125 2077 VIII,
1140 2039 1223 2078 2083
1236 2043 1268 2071 X
1281 2064 1288 2070 .

721 2083 828 2121 78.—-
840 2085 916 2123 529.
935 2085 986 2114 Ea
1000 2085 1072 2119 vis,
1090 2085 1219 2116 audacia
1230 2109 1239 2124 ,
1253 2093 1291 2116 ut

719 2129 792 2159 alias
804 2140 811 2160 τ
825 2130 933 2161 eadem
945 2141 1022 2162 mox
1034 2132 1190 2174 superbia,
1207 2134 1291 2164 inso-

717 2176 825 2207 lentia.

768 2224 845 2254 530.
861 2225 912 2254 Ex
922 2226 1068 2256 Enniano
1084 2236 1092 2257 ε
1106 2228 1166 2257 Est
1186 2227 1288 2261 Iocus,

721 2270 910 2312 Hesperiam
932 2283 1029 2313 quam
1052 2274 1205 2304 mortales
1219 2283 1292 2315 per*-

1089 2338 1105 2352 f

1065 2354 1084 2387 7
