1433 2460
125 77 134 95 1
145 67 184 95 8⁸
621 69 815 99 AENEHMffi

117 135 146 156 rt
166 128 279 168 Scylla·
297 127 458 168 periculis,
475 127 589 157 Siciliae
604 127 697 159 litora
716 130 811 171 long«)
835 131 971 161 circuitu
991 132 1239 169 circumvectus,
1258 141 1323 163 tnn-

117 186 188 216 deui
218 188 400 226 Drepanum
425 185 612 226 advehitur,
638 188 695 218 ubi
711 188 885 226 Anchises,
908 196 974 219 tum
998 192 1107 228 senio,
1130 199 1195 221 tum
1219 192 1322 234 longae

118 247 326 285 naxigatiouis
339 246 509 283 jactatione
524 246 681 287 fatigatus,
704 249 773 277 satis
792 249 991 279 concedit—
1004 261 1018 289 7
1032 262 1040 279 ι
1052 252 1079 281 3.
1098 252 1176 281 lude
1201 251 1320 281 Italiam

117 306 289 344 petiturus,
306 305 442 334 immissa
465 304 504 336 ab
521 306 613 335 AEolo
631 307 736 336 subita
755 314 937 348 tempestate
954 311 987 340 in
1010 311 1149 341 Africam
1172 312 1295 350 ejicitur
1313 322 1320 341 ε

117 374 208 402 quam
224 370 344 403 partein
359 363 443 393 libro
460 365 565 404 primo
583 372 779 405 exsequutus
795 374 861 397 erat
875 375 976 407 poeta.

170 715 183 728 «
201 699 407 739 POSTQUAM
431 710 488 733 ros
507 698 605 735 Asiae
622 698 838 749 Priamique
855 708 1025 738 evertere
1041 710 1188 751 gentem

114 756 344 792 Immeritam
365 756 487 793 visum
506 757 682 807 Superis,
700 759 912 808 ceciditque
930 760 1136 809 superbum

114 817 244 862 Ilium,
266 826 302 853 ct
322 818 442 855 omnis
463 818 579 855 humo
604 820 721 857 fumat
738 820 929 869 Neptunia
947 822 1061 871 Troja
1079 834 1089 867 ;

114 878 273 914 Diversa
293 879 424 915 exsilia
441 888 477 915 ct
499 878 664 917 desertas
685 894 856 930 quaercrc
874 890 992 918 terras

114 938 294 987 Auguriis
314 939 461 987 agimur
483 938 632 985 divum,
654 940 886 990 classemque
904 941 974 977 sub
996 941 1076 989 ipsa
1266 954 1268 958 ’
1307 950 1319 973 ⁵

115 997 311 1034 Antandro
330 1006 366 1034 ct
386 997 559 1048 Phrygiae
577 1000 755 1037 molimur
775 999 967 1037 montibus
987 999 1084 1045 Idae,

165 1176 263 1204 1—3.
277 1173 487 1214 Splendidam
500 1175 670 1204 exordium
680 1198 688 1212 ,

112 1231 170 1260 pro
195 1231 202 1251 :
227 1223 397 1260 Postquam
425 1222 520 1259 Troja
543 1223 578 1250 in
601 1222 688 1251 hunc

112 1267 245 1296 modum
261 1267 363 1296 fuerat
377 1277 493 1297 eversa.
506 1270 566 1297 Res
580 1266 668 1297 Asioe
678 1291 686 1305 ‚

112 1323 245 1355 reguum
265 1314 349 1342 Asiae
362 1324 392 1343 v.
407 1324 476 1354 sup.
491 1313 529 1342 ad
546 1315 587 1350 ΙΙ,
610 1314 686 1344 556.

160 1365 190 1395 4.
215 1361 261 1389 Ec
282 1358 421 1388 diversas
445 1371 476 1400 q.
505 1367 606 1389 cerras
631 1360 686 1389 ali-

111 1413 191 1446 quot
202 1413 322 1435 veteres
338 1407 493 1443 Pieriam,
514 1413 545 1436 et
558 1408 685 1447 Menag.

111 1454 202 1482 Voss.
221 1463 270 1492 pr.
296 1452 412 1482 Hamb.
437 1453 514 1482 alter
538 1464 597 1493 pro
620 1463 684 1483 var.

109 1499 182 1528 lect.
213 1498 355 1529 Parrhas.
383 1499 519 1529 Dorvill.
544 1499 685 1529 Brunek.

112 1547 218 1576 Haeret
246 1547 355 1576 Burm.
399 1547 552 1584 Suavior,
586 1553 665 1586 puto
678 1569 685 1582 ‚

110 1599 190 1622 esset
210 1591 262 1621 illa
291 1592 387 1622 lectio
401 1603 409 1629 ;
441 1593 496 1622 sed
521 1593 560 1622 ad
590 1592 686 1622 fidem

111 1639 253 1668 criticam
286 1639 486 1678 probabilior
517 1646 563 1669 est
591 1639 686 1669 altera

110 1686 204 1715 lectio
219 1685 378 1723 desertas,
399 1696 474 1715 cum
493 1686 585 1716 codd.
611 1696 684 1715 auc-

111 1733 246 1769 toritate,
260 1733 344 1761 inter
357 1743 438 1772 quos
451 1731 559 1773 fragm.
570 1732 686 1769 Vatic.,

112 1786 179 1807 tum
198 1778 286 1818 quod
303 1789 339 1808 ea
352 1779 408 1808 vix
425 1780 512 1808 nasci
527 1780 633 1820 potnit
647 1789 688 1808 ex

112 1826 207 1854 attera
218 1849 226 1863 ,
252 1827 288 1855 iu
301 1835 397 1865 quam
410 1826 499 1855 facile
515 1826 628 1866 aliquis
642 1826 688 1855 in-

112 1872 216 1901 cidere
239 1879 373 1912 poterat.
401 1872 499 1913 Quod
518 1879 625 1902 autem
641 1874 684 1914 τῷ

112 1919 253 1947 desertas
266 1926 366 1949 terras
379 1926 495 1959 putant
510 1929 687 1960 repugnare

113 1975 191 1993 arva
208 1965 315 2004 opima
332 1967 363 1995 II
374 1988 382 2003 ,
407 1966 469 2003 781
484 1989 492 2004 ‚
509 1973 540 1996 et
553 1965 686 2002 similia;

112 2011 146 2040 id
166 2011 235 2040 leve
261 2019 307 2041 est
324 2023 331 2043 :
351 2019 485 2053 possunt
508 2013 594 2042 enim
622 2013 688 2052 agri

114 2068 178 2088 esse
193 2056 309 2088 deserti
331 2066 362 2088 et
382 2059 561 2089 cultoribus
576 2059 686 2095 vacui,

115 2111 146 2133 et
170 2111 275 2133 tamen
298 2104 414 2134 fertiles
429 2105 561 2143 haberi,
589 2105 688 2145 inpri-

116 2151 174 2180 mis
189 2151 214 2180 si
230 2150 335 2180 cultus
348 2153 509 2181 accesserit
521 2163 529 2189 ;
544 2158 574 2181 et
588 2158 668 2181 terra
679 2174 687 2188 ‚

116 2199 149 2227 iu
166 2207 260 2237 quam
279 2198 355 2227 novi
376 2198 482 2228 coloni
497 2205 571 2229 sunt
584 2199 688 2228 immi-

744 1175 864 1216 graturi
876 1197 884 1211 ,
905 1174 986 1204 bene
1003 1173 1126 1203 deserta
1141 1180 1173 1203 et
1191 1184 1256 1204 non
1276 1184 1321 1203 sa-

745 1222 783 1250 tis
809 1221 1006 1260 frequentata
1025 1220 1212 1250 hominibus
1240 1220 1320 1250 dici-

744 1274 806 1296 tur.
824 1273 891 1302 4-
908 1267 937 1296 8.
960 1266 1095 1296 Diversa
1114 1265 1231 1296 exsilia
1242 1288 1250 1303 ,
1267 1266 1321 1296 de-

743 1321 834 1342 serete
851 1320 942 1342 ferree
953 1336 961 1351 ,
978 1312 1016 1342 ad
1032 1314 1265 1342 miserationem
1279 1322 1322 1342 sa-

744 1361 782 1388 tis
801 1361 956 1399 graviter,
981 1370 1040 1400 pro
1065 1360 1156 1388 terris
1179 1359 1272 1389 novis
1286 1369 1321 1388 ac

742 1405 888 1441 diversis,
916 1405 1122 1445 longinquis,
1140 1405 1321 1435 inhabitan-

743 1452 799 1482 dis.
811 1451 963 1493 Auguriis
976 1451 1082 1481 divum
1099 1462 1170 1492 sup.
1183 1453 1215 1481 11
1227 1474 1236 1488 ,
1253 1451 1296 1492 69
1306 1463 1318 1482 1

742 1510 787 1539 sq.
801 1521 808 1535 ‚
827 1500 888 1528 nisi
901 1497 1015 1528 addere
1031 1499 1120 1527 malis
1138 1497 1320 1539 prodigium

743 1545 875 1575 ssammae
891 1557 917 1575 ν.
937 1545 1002 1575 682
1013 1567 1021 1582 ‚
1037 1551 1068 1574 et
1083 1545 1208 1575 Creusae
1222 1546 1323 1575 moni-

743 1599 811 1621 tum
831 1603 861 1622 v.
885 1592 961 1629 780.
984 1594 1022 1621 In
1039 1591 1213 1621 Antandro
1230 1601 1322 1632 argu-

742 1645 850 1668 tantur
870 1639 1096 1675 Grammatici,
1122 1644 1153 1667 et
1173 1637 1272 1669 cerda
1288 1639 1324 1667 in

742 1685 865 1723 adjecto
885 1685 965 1725 ipsa.
982 1685 1175 1725 Simpliciter
1189 1694 1230 1714 ex
1244 1686 1323 1715 Stra-

742 1731 921 1769 bou.X111,
940 1742 972 1772 p.
985 1731 1052 1761 606
1071 1733 1111 1762 D.
1133 1730 1322 1768 tenendum,

743 1789 852 1807 versus
870 1778 1035 1808 meridiem
1050 1778 1091 1807 ab
1112 1777 1192 1815 llio,
1219 1776 1258 1806 ad
1281 1778 1323 1807 si-

743 1835 822 1854 num
839 1823 1121 1866 Adramyttennm‚
1141 1824 1248 1861 fuisse,
1267 1823 1323 1854 sal-

744 1878 807 1901 tem
828 1871 1002 1902 serioribus
1027 1870 1244 1912 temporibus,
1267 1879 1321 1899 ur-

744 1917 815 1947 bem
829 1918 1045 1953 Antandrum,
1059 1916 1180 1954 navale,
1195 1915 1234 1945 ad
1245 1915 1322 1945 Idaei

742 1966 859 1994 montis
878 1964 1008 1994 radices.
1033 1963 1122 1994 Nihil
1145 1963 1243 2003 igitur
1262 1963 1321 1992 mi-

743 2022 814 2040 rum
826 2034 833 2047 ‚
862 2012 888 2040 si
910 2017 1003 2051 poeta
1028 2020 1123 2039 naves
1150 2010 1258 2039 AEneae
1286 2010 1323 2038 in

744 2064 805 2086 tam
818 2057 921 2087 nobili
936 2064 967 2087 et
980 2054 1150 2086 commodo
1163 2054 1234 2085 loeo
1249 2055 1323 2085 aedi-

743 2102 848 2133 ficatas
865 2102 967 2133 tradit.
983 2103 1132 2133 Materies
1147 2101 1236 2131 classi
1250 2101 1321 2132 aedir

743 2148 874 2179 ficandae
888 2160 928 2179 ex
940 2156 1049 2180 monte
1064 2148 1131 2186 Ida,
1145 2155 1176 2178 et
1189 2148 1320 2189 quidem

743 2207 783 2226 ex
800 2197 882 2238 jugis
897 2198 931 2227 in
953 2206 1037 2227 mare
1052 2195 1320 2237 procurrentibus
