<?xml version="1.0" encoding="UTF-8"?>
<!DOCTYPE html PUBLIC "-//W3C//DTD XHTML 1.0 Transitional//EN"
    "http://www.w3.org/TR/xhtml1/DTD/xhtml1-transitional.dtd">
<html xmlns="http://www.w3.org/1999/xhtml" xml:lang="en" lang="en">
 <head>
  <title>
</title>
<meta http-equiv="Content-Type" content="text/html;charset=utf-8" />
  <meta name='ocr-system' content='tesseract 3.04.00' />
  <meta name='ocr-capabilities' content='ocr_page ocr_carea ocr_par ocr_line ocrx_word'/>
</head>
<body>
  <div class='ocr_page' id='page_1' title='image "./operahey02virguoft_0039.png"; bbox 0 0 1433 2460; ppageno 0'>
   <div class='ocr_carea' id='block_1_1' title="bbox 108 111 1314 646">
    <p class='ocr_par' dir='ltr' id='par_1_1' title="bbox 108 111 1314 646">
     <span class='ocr_line' id='line_1_1' title="bbox 623 111 1309 148; baseline -0.001 -7"><span class='ocrx_word' id='word_1_1' title='bbox 623 111 746 141; x_wconf 72' lang='lat' dir='ltr'>Lnffin</span> <span class='ocrx_word' id='word_1_2' title='bbox 772 111 797 141; x_wconf 87' lang='lat'>1.</span> <span class='ocrx_word' id='word_1_3' title='bbox 1271 120 1309 148; x_wconf 79' lang='lat'>27</span> 
     </span>
     <span class='ocr_line' id='line_1_2' title="bbox 110 168 984 220; baseline -0.006 -9"><span class='ocrx_word' id='word_1_4' title='bbox 110 173 273 218; x_wconf 88' lang='lat' dir='ltr'>Sediti0‚</span> <span class='ocrx_word' id='word_1_5' title='bbox 293 170 476 220; x_wconf 78' lang='lat' dir='ltr'>saevitque</span> <span class='ocrx_word' id='word_1_6' title='bbox 495 168 628 206; x_wconf 81' lang='lat' dir='ltr'>animis</span> <span class='ocrx_word' id='word_1_7' title='bbox 645 168 813 219; x_wconf 80' lang='lat' dir='ltr'>ignobile</span> <span class='ocrx_word' id='word_1_8' title='bbox 831 168 984 218; x_wconf 81' lang='lat' dir='ltr'>volgus3</span> 
     </span>
     <span class='ocr_line' id='line_1_3' title="bbox 110 227 1312 284; baseline -0.005 -12"><span class='ocrx_word' id='word_1_9' title='bbox 110 239 268 284; x_wconf 88' lang='lat' dir='ltr'>Jamque</span> <span class='ocrx_word' id='word_1_10' title='bbox 289 233 386 269; x_wconf 87' lang='lat' dir='ltr'>faces</span> <span class='ocrx_word' id='word_1_11' title='bbox 407 239 444 267; x_wconf 89' lang='lat' dir='ltr'>et</span> <span class='ocrx_word' id='word_1_12' title='bbox 459 243 549 267; x_wconf 80' lang='lat' dir='ltr'>saxa</span> <span class='ocrx_word' id='word_1_13' title='bbox 568 230 714 276; x_wconf 80' lang='lat' dir='ltr'>volant3</span> <span class='ocrx_word' id='word_1_14' title='bbox 734 229 841 266; x_wconf 77' lang='lat' dir='ltr'>furor</span> <span class='ocrx_word' id='word_1_15' title='bbox 861 242 966 266; x_wconf 83' lang='lat' dir='ltr'>arma</span> <span class='ocrx_word' id='word_1_16' title='bbox 986 227 1173 266; x_wconf 82' lang='lat' dir='ltr'>ministrat</span> <span class='ocrx_word' id='word_1_17' title='bbox 1190 244 1198 266; x_wconf 73' lang='grc' dir='ltr'><strong>ι</strong></span> <span class='ocrx_word' id='word_1_18' title='bbox 1265 237 1312 261; x_wconf 85' lang='lat'>1⁵0</span> 
     </span>
     <span class='ocr_line' id='line_1_4' title="bbox 109 290 1218 345; baseline -0.005 -12"><span class='ocrx_word' id='word_1_19' title='bbox 109 299 226 342; x_wconf 88' lang='lat' dir='ltr'>Tum,</span> <span class='ocrx_word' id='word_1_20' title='bbox 242 295 383 345; x_wconf 83' lang='lat' dir='ltr'>pietate</span> <span class='ocrx_word' id='word_1_21' title='bbox 403 305 556 343; x_wconf 81' lang='lat' dir='ltr'>gravem</span> <span class='ocrx_word' id='word_1_22' title='bbox 573 304 617 328; x_wconf 86' lang='lat' dir='ltr'>ac</span> <span class='ocrx_word' id='word_1_23' title='bbox 635 291 780 328; x_wconf 87' lang='lat' dir='ltr'>meritis</span> <span class='ocrx_word' id='word_1_24' title='bbox 798 290 828 327; x_wconf 87' lang='lat' dir='ltr'>si</span> <span class='ocrx_word' id='word_1_25' title='bbox 845 291 941 328; x_wconf 83' lang='lat' dir='ltr'>forte</span> <span class='ocrx_word' id='word_1_26' title='bbox 960 291 1086 328; x_wconf 80' lang='lat' dir='ltr'>virum</span> <span class='ocrx_word' id='word_1_27' title='bbox 1103 302 1218 340; x_wconf 91' lang='lat' dir='ltr'>quem</span> 
     </span>
     <span class='ocr_line' id='line_1_5' title="bbox 109 351 1141 407; baseline -0.006 -13"><span class='ocrx_word' id='word_1_28' title='bbox 109 358 369 407; x_wconf 80' lang='lat' dir='ltr'><strong>Conspexere,</strong></span> <span class='ocrx_word' id='word_1_29' title='bbox 389 354 517 400; x_wconf 88' lang='lat' dir='ltr'>silent,</span> <span class='ocrx_word' id='word_1_30' title='bbox 535 352 773 402; x_wconf 77' lang='lat' dir='ltr'>adrectisque</span> <span class='ocrx_word' id='word_1_31' title='bbox 794 351 951 389; x_wconf 83' lang='lat' dir='ltr'>auribus</span> <span class='ocrx_word' id='word_1_32' title='bbox 973 352 1141 398; x_wconf 81' lang='lat' dir='ltr'>adstant3</span> 
     </span>
     <span class='ocr_line' id='line_1_6' title="bbox 110 413 1026 467; baseline -0.008 -12"><span class='ocrx_word' id='word_1_33' title='bbox 110 421 185 455; x_wconf 86' lang='lat' dir='ltr'>Iste</span> <span class='ocrx_word' id='word_1_34' title='bbox 205 417 300 467; x_wconf 86' lang='lat' dir='ltr'>regit</span> <span class='ocrx_word' id='word_1_35' title='bbox 317 416 427 453; x_wconf 86' lang='lat' dir='ltr'>dictis</span> <span class='ocrx_word' id='word_1_36' title='bbox 447 414 610 459; x_wconf 86' lang='lat' dir='ltr'>animos,</span> <span class='ocrx_word' id='word_1_37' title='bbox 628 422 665 450; x_wconf 79' lang='lat' dir='ltr'>et</span> <span class='ocrx_word' id='word_1_38' title='bbox 683 422 839 463; x_wconf 76' lang='lat' dir='ltr'>pectora</span> <span class='ocrx_word' id='word_1_39' title='bbox 860 413 999 450; x_wconf 87' lang='lat' dir='ltr'>mulcet</span> <span class='ocrx_word' id='word_1_40' title='bbox 1017 426 1026 448; x_wconf 75' lang='lat' dir='ltr'><em>z</em></span> 
     </span>
     <span class='ocr_line' id='line_1_7' title="bbox 109 473 1211 526; baseline -0.006 -11"><span class='ocrx_word' id='word_1_41' title='bbox 109 478 173 516; x_wconf 89' lang='lat' dir='ltr'>Sic</span> <span class='ocrx_word' id='word_1_42' title='bbox 192 485 350 514; x_wconf 85' lang='lat' dir='ltr'>cunctus</span> <span class='ocrx_word' id='word_1_43' title='bbox 368 474 493 526; x_wconf 81' lang='lat' dir='ltr'>pelagi</span> <span class='ocrx_word' id='word_1_44' title='bbox 513 474 649 511; x_wconf 83' lang='lat' dir='ltr'>cecidit</span> <span class='ocrx_word' id='word_1_45' title='bbox 670 473 817 523; x_wconf 77' lang='lat' dir='ltr'>fragor,</span> <span class='ocrx_word' id='word_1_46' title='bbox 837 485 992 522; x_wconf 76' lang='lat' dir='ltr'>aequora</span> <span class='ocrx_word' id='word_1_47' title='bbox 1008 481 1211 522; x_wconf 88' lang='lat' dir='ltr'>postquam</span> 
     </span>
     <span class='ocr_line' id='line_1_8' title="bbox 109 533 1314 588; baseline -0.01 -12"><span class='ocrx_word' id='word_1_48' title='bbox 109 537 345 588; x_wconf 82' lang='lat' dir='ltr'>Prospiciens</span> <span class='ocrx_word' id='word_1_49' title='bbox 365 535 532 586; x_wconf 82' lang='lat' dir='ltr'>genitor,</span> <span class='ocrx_word' id='word_1_50' title='bbox 549 534 719 583; x_wconf 84' lang='lat' dir='ltr'>coeloque</span> <span class='ocrx_word' id='word_1_51' title='bbox 735 533 906 569; x_wconf 80' lang='lat' dir='ltr'>invectus</span> <span class='ocrx_word' id='word_1_52' title='bbox 925 540 1080 582; x_wconf 86' lang='lat' dir='ltr'>aperto,</span> <span class='ocrx_word' id='word_1_53' title='bbox 1268 539 1314 565; x_wconf 76' lang='lat'>155</span> 
     </span>
     <span class='ocr_line' id='line_1_9' title="bbox 108 590 1137 646; baseline -0.007 -10"><span class='ocrx_word' id='word_1_54' title='bbox 108 598 243 635; x_wconf 81' lang='lat' dir='ltr'>Flectit</span> <span class='ocrx_word' id='word_1_55' title='bbox 260 609 396 646; x_wconf 64' lang='lat' dir='ltr'>equos‘,</span> <span class='ocrx_word' id='word_1_56' title='bbox 413 608 606 644; x_wconf 83' lang='lat' dir='ltr'>curruque</span> <span class='ocrx_word' id='word_1_57' title='bbox 621 593 752 630; x_wconf 78' lang='lat' dir='ltr'>volans</span> <span class='ocrx_word' id='word_1_58' title='bbox 774 592 838 630; x_wconf 85' lang='lat' dir='ltr'>dat</span> <span class='ocrx_word' id='word_1_59' title='bbox 857 592 939 630; x_wconf 82' lang='lat' dir='ltr'>lora</span> <span class='ocrx_word' id='word_1_60' title='bbox 955 590 1137 630; x_wconf 77' lang='lat' dir='ltr'>secunde.</span> 
     </span>
    </p>
   </div>
   <div class='ocr_carea' id='block_1_2' title="bbox 101 764 686 2290">
    <p class='ocr_par' dir='ltr' id='par_1_2' title="bbox 101 764 686 2290">
     <span class='ocr_line' id='line_1_10' title="bbox 112 764 685 809; baseline -0.009 -10"><span class='ocrx_word' id='word_1_61' title='bbox 112 771 156 799; x_wconf 79' lang='lat' dir='ltr'>tio</span> <span class='ocrx_word' id='word_1_62' title='bbox 166 792 174 806; x_wconf 94' lang='lat'><strong><em>,</em></strong></span> <span class='ocrx_word' id='word_1_63' title='bbox 189 769 333 809; x_wconf 88' lang='lat' dir='ltr'>sequitur</span> <span class='ocrx_word' id='word_1_64' title='bbox 350 768 436 797; x_wconf 83' lang='lat' dir='ltr'>enim</span> <span class='ocrx_word' id='word_1_65' title='bbox 450 767 555 796; x_wconf 81' lang='lat' dir='ltr'>statim</span> <span class='ocrx_word' id='word_1_66' title='bbox 577 776 589 795; x_wconf 90' lang='lat'>1</span> <span class='ocrx_word' id='word_1_67' title='bbox 599 766 637 796; x_wconf 83' lang='lat'>51</span> <span class='ocrx_word' id='word_1_68' title='bbox 656 764 685 794; x_wconf 87' lang='lat' dir='ltr'>si</span> 
     </span>
     <span class='ocr_line' id='line_1_11' title="bbox 101 814 684 857; baseline -0.007 -12"><span class='ocrx_word' id='word_1_69' title='bbox 101 815 202 857; x_wconf 77' lang='lat' dir='ltr'>sorte.</span> <span class='ocrx_word' id='word_1_70' title='bbox 219 816 390 844; x_wconf 81' lang='lat' dir='ltr'>Enimvero</span> <span class='ocrx_word' id='word_1_71' title='bbox 410 814 513 854; x_wconf 82' lang='lat' dir='ltr'>poetis</span> <span class='ocrx_word' id='word_1_72' title='bbox 537 823 622 853; x_wconf 83' lang='lat' dir='ltr'>saepe</span> <span class='ocrx_word' id='word_1_73' title='bbox 637 818 684 842; x_wconf 86' lang='lat' dir='ltr'>est</span> 
     </span>
     <span class='ocr_line' id='line_1_12' title="bbox 108 859 684 901; baseline -0.007 -9"><span class='ocrx_word' id='word_1_74' title='bbox 108 863 144 892; x_wconf 84' lang='lat' dir='ltr'>in</span> <span class='ocrx_word' id='word_1_75' title='bbox 161 861 396 901; x_wconf 86' lang='lat' dir='ltr'>comparatione</span> <span class='ocrx_word' id='word_1_76' title='bbox 414 860 556 890; x_wconf 84' lang='lat' dir='ltr'>sollenne</span> <span class='ocrx_word' id='word_1_77' title='bbox 567 882 576 896; x_wconf 91' lang='lat'>‚</span> <span class='ocrx_word' id='word_1_78' title='bbox 592 865 629 888; x_wconf 89' lang='lat' dir='ltr'>ut</span> <span class='ocrx_word' id='word_1_79' title='bbox 643 859 684 888; x_wconf 85' lang='lat' dir='ltr'>sit</span> 
     </span>
     <span class='ocr_line' id='line_1_13' title="bbox 107 906 683 948; baseline -0.007 -10"><span class='ocrx_word' id='word_1_80' title='bbox 107 908 194 938; x_wconf 87' lang='lat' dir='ltr'>idem</span> <span class='ocrx_word' id='word_1_81' title='bbox 221 906 310 948; x_wconf 87' lang='lat' dir='ltr'>quod</span> <span class='ocrx_word' id='word_1_82' title='bbox 336 906 512 943; x_wconf 81' lang='lat' dir='ltr'>interdum,</span> <span class='ocrx_word' id='word_1_83' title='bbox 534 916 683 935; x_wconf 81' lang='lat' dir='ltr'>nonnun-</span> 
     </span>
     <span class='ocr_line' id='line_1_14' title="bbox 108 952 683 995; baseline -0.005 -11"><span class='ocrx_word' id='word_1_84' title='bbox 108 965 227 995; x_wconf 83' lang='lat' dir='ltr'><em>quam,</em></span> <span class='ocrx_word' id='word_1_85' title='bbox 257 954 325 983; x_wconf 86' lang='lat' dir='ltr'>sine</span> <span class='ocrx_word' id='word_1_86' title='bbox 349 952 479 982; x_wconf 81' lang='lat' dir='ltr'>definita</span> <span class='ocrx_word' id='word_1_87' title='bbox 505 952 610 993; x_wconf 88' lang='lat' dir='ltr'>aliqua</span> <span class='ocrx_word' id='word_1_88' title='bbox 625 962 683 981; x_wconf 94' lang='lat' dir='ltr'>no-</span> 
     </span>
     <span class='ocr_line' id='line_1_15' title="bbox 108 992 682 1031; baseline -0.007 0"><span class='ocrx_word' id='word_1_89' title='bbox 108 1002 196 1031; x_wconf 88' lang='lat' dir='ltr'>tione</span> <span class='ocrx_word' id='word_1_90' title='bbox 223 1000 350 1030; x_wconf 88' lang='lat' dir='ltr'>numeri</span> <span class='ocrx_word' id='word_1_91' title='bbox 369 1009 378 1031; x_wconf 86' lang='lat'>:</span> <span class='ocrx_word' id='word_1_92' title='bbox 397 1006 434 1029; x_wconf 91' lang='lat' dir='ltr'>ut</span> <span class='ocrx_word' id='word_1_93' title='bbox 457 1001 493 1029; x_wconf 89' lang='lat' dir='ltr'>in</span> <span class='ocrx_word' id='word_1_94' title='bbox 519 999 576 1028; x_wconf 89' lang='lat' dir='ltr'>Gr.</span> <span class='ocrx_word' id='word_1_95' title='bbox 597 992 682 1028; x_wconf 66' lang='grc' dir='ltr'>οἷοίτε</span> 
     </span>
     <span class='ocr_line' id='line_1_16' title="bbox 109 1045 682 1082; baseline -0.003 -5"><span class='ocrx_word' id='word_1_96' title='bbox 109 1045 223 1077; x_wconf 62' lang='grc' dir='ltr'>πῶλοί.</span> <span class='ocrx_word' id='word_1_97' title='bbox 248 1047 299 1077; x_wconf 89' lang='lat' dir='ltr'>Sic</span> <span class='ocrx_word' id='word_1_98' title='bbox 321 1057 352 1077; x_wconf 86' lang='lat' dir='ltr'>v.</span> <span class='ocrx_word' id='word_1_99' title='bbox 378 1056 406 1076; x_wconf 93' lang='lat' dir='ltr'>c.</span> <span class='ocrx_word' id='word_1_100' title='bbox 432 1048 503 1076; x_wconf 84' lang='lat' dir='ltr'>AEn.</span> <span class='ocrx_word' id='word_1_101' title='bbox 519 1046 571 1082; x_wconf 84' lang='lat' dir='ltr'>X,</span> <span class='ocrx_word' id='word_1_102' title='bbox 596 1046 682 1082; x_wconf 82' lang='lat'><strong>723:</strong></span> 
     </span>
     <span class='ocr_line' id='line_1_17' title="bbox 112 1091 684 1134; baseline -0.005 -11"><span class='ocrx_word' id='word_1_103' title='bbox 112 1096 270 1134; x_wconf 69' lang='lat' dir='ltr'>Impastus</span> <span class='ocrx_word' id='word_1_104' title='bbox 297 1092 423 1122; x_wconf 83' lang='lat' dir='ltr'>stabula</span> <span class='ocrx_word' id='word_1_105' title='bbox 454 1091 524 1121; x_wconf 79' lang='lat' dir='ltr'>alca</span> <span class='ocrx_word' id='word_1_106' title='bbox 549 1091 599 1121; x_wconf 89' lang='lat' dir='ltr'>leo</span> <span class='ocrx_word' id='word_1_107' title='bbox 627 1102 684 1120; x_wconf 74' lang='lat' dir='ltr'>cett</span> 
     </span>
     <span class='ocr_line' id='line_1_18' title="bbox 108 1138 686 1181; baseline -0.005 -12"><span class='ocrx_word' id='word_1_108' title='bbox 108 1151 191 1181; x_wconf 79' lang='lat' dir='ltr'>saepe</span> <span class='ocrx_word' id='word_1_109' title='bbox 202 1149 386 1180; x_wconf 64' lang='lat' dir='ltr'>peragrans</span> <span class='ocrx_word' id='word_1_110' title='bbox 399 1140 508 1175; x_wconf 90' lang='lat' dir='ltr'>etc.V‚</span> <span class='ocrx_word' id='word_1_111' title='bbox 522 1138 585 1175; x_wconf 75' lang='lat'>273</span> <span class='ocrx_word' id='word_1_112' title='bbox 602 1139 686 1177; x_wconf 80' lang='lat' dir='ltr'>Qua-</span> 
     </span>
     <span class='ocr_line' id='line_1_19' title="bbox 109 1184 684 1226; baseline -0.007 -10"><span class='ocrx_word' id='word_1_113' title='bbox 109 1187 148 1216; x_wconf 81' lang='lat' dir='ltr'>lis</span> <span class='ocrx_word' id='word_1_114' title='bbox 162 1197 246 1226; x_wconf 65' lang='lat' dir='ltr'>sce-pe</span> <span class='ocrx_word' id='word_1_115' title='bbox 262 1185 323 1214; x_wconf 64' lang='lat' dir='ltr'>via</span> <span class='ocrx_word' id='word_1_116' title='bbox 350 1184 523 1225; x_wconf 79' lang='lat' dir='ltr'>deprensus</span> <span class='ocrx_word' id='word_1_117' title='bbox 538 1184 570 1213; x_wconf 83' lang='lat' dir='ltr'>in</span> <span class='ocrx_word' id='word_1_118' title='bbox 587 1194 684 1224; x_wconf 75' lang='lat' dir='ltr'>agge-</span> 
     </span>
     <span class='ocr_line' id='line_1_20' title="bbox 109 1229 683 1272; baseline -0.005 -10"><span class='ocrx_word' id='word_1_119' title='bbox 109 1243 142 1262; x_wconf 83' lang='lat' dir='ltr'>re</span> <span class='ocrx_word' id='word_1_120' title='bbox 161 1241 290 1272; x_wconf 74' lang='lat' dir='ltr'>serpens</span> <span class='ocrx_word' id='word_1_121' title='bbox 310 1238 369 1261; x_wconf 57' lang='lat' dir='ltr'>etc.</span> <span class='ocrx_word' id='word_1_122' title='bbox 398 1229 599 1261; x_wconf 84' lang='lat' dir='ltr'>Retrahenda</span> <span class='ocrx_word' id='word_1_123' title='bbox 627 1240 683 1260; x_wconf 86' lang='lat' dir='ltr'>au-</span> 
     </span>
     <span class='ocr_line' id='line_1_21' title="bbox 107 1276 682 1317; baseline -0.009 -8"><span class='ocrx_word' id='word_1_124' title='bbox 107 1285 172 1309; x_wconf 83' lang='lat' dir='ltr'>tem</span> <span class='ocrx_word' id='word_1_125' title='bbox 198 1285 245 1308; x_wconf 86' lang='lat' dir='ltr'>est</span> <span class='ocrx_word' id='word_1_126' title='bbox 275 1277 374 1307; x_wconf 77' lang='lat' dir='ltr'>dictio</span> <span class='ocrx_word' id='word_1_127' title='bbox 408 1286 492 1317; x_wconf 82' lang='lat' dir='ltr'>saepe</span> <span class='ocrx_word' id='word_1_128' title='bbox 522 1276 562 1305; x_wconf 87' lang='lat' dir='ltr'>ad</span> <span class='ocrx_word' id='word_1_129' title='bbox 581 1277 682 1315; x_wconf 82' lang='lat' dir='ltr'>majus</span> 
     </span>
     <span class='ocr_line' id='line_1_22' title="bbox 106 1322 682 1363; baseline -0.005 -8"><span class='ocrx_word' id='word_1_130' title='bbox 106 1325 285 1355; x_wconf 88' lang='lat' dir='ltr'><strong>membrum</strong></span> <span class='ocrx_word' id='word_1_131' title='bbox 300 1333 307 1354; x_wconf 89' lang='lat'>:</span> <span class='ocrx_word' id='word_1_132' title='bbox 324 1334 364 1353; x_wconf 87' lang='lat' dir='ltr'>ac</span> <span class='ocrx_word' id='word_1_133' title='bbox 375 1322 480 1353; x_wconf 78' lang='lat' dir='ltr'>veluti</span> <span class='ocrx_word' id='word_1_134' title='bbox 491 1333 576 1363; x_wconf 81' lang='lat' dir='ltr'>soepe</span> <span class='ocrx_word' id='word_1_135' title='bbox 585 1346 594 1360; x_wconf 93' lang='lat'>‚</span> <span class='ocrx_word' id='word_1_136' title='bbox 610 1334 682 1352; x_wconf 83' lang='lat' dir='ltr'>cum</span> 
     </span>
     <span class='ocr_line' id='line_1_23' title="bbox 107 1370 681 1407; baseline 0.002 -7"><span class='ocrx_word' id='word_1_137' title='bbox 107 1379 217 1401; x_wconf 82' lang='lat' dir='ltr'>coorta</span> <span class='ocrx_word' id='word_1_138' title='bbox 246 1378 294 1400; x_wconf 81' lang='lat' dir='ltr'>est</span> <span class='ocrx_word' id='word_1_139' title='bbox 315 1377 376 1400; x_wconf 87' lang='lat' dir='ltr'>etc.</span> <span class='ocrx_word' id='word_1_140' title='bbox 392 1387 440 1394; x_wconf 86' lang='lat'>-—-</span> <span class='ocrx_word' id='word_1_141' title='bbox 462 1370 523 1407; x_wconf 70' lang='lat'>148</span> <span class='ocrx_word' id='word_1_142' title='bbox 539 1387 586 1393; x_wconf 90' lang='lat'>-—</span> <span class='ocrx_word' id='word_1_143' title='bbox 606 1370 681 1401; x_wconf 72' lang='lat'>156.</span> 
     </span>
     <span class='ocr_line' id='line_1_24' title="bbox 106 1416 683 1458; baseline -0.003 -10"><span class='ocrx_word' id='word_1_144' title='bbox 106 1418 250 1458; x_wconf 83' lang='lat' dir='ltr'><strong>Neptuni</strong></span> <span class='ocrx_word' id='word_1_145' title='bbox 276 1422 449 1457; x_wconf 85' lang='lat' dir='ltr'>prospectu</span> <span class='ocrx_word' id='word_1_146' title='bbox 468 1427 554 1446; x_wconf 89' lang='lat' dir='ltr'>mare</span> <span class='ocrx_word' id='word_1_147' title='bbox 579 1416 683 1457; x_wconf 91' lang='lat' dir='ltr'>placa-</span> 
     </span>
     <span class='ocr_line' id='line_1_25' title="bbox 106 1462 681 1503; baseline -0.002 -10"><span class='ocrx_word' id='word_1_148' title='bbox 106 1469 178 1501; x_wconf 89' lang='lat' dir='ltr'>tur,</span> <span class='ocrx_word' id='word_1_149' title='bbox 195 1470 232 1493; x_wconf 85' lang='lat' dir='ltr'>ut</span> <span class='ocrx_word' id='word_1_150' title='bbox 255 1463 370 1503; x_wconf 89' lang='lat' dir='ltr'>populi</span> <span class='ocrx_word' id='word_1_151' title='bbox 390 1463 504 1493; x_wconf 82' lang='lat' dir='ltr'>seditio</span> <span class='ocrx_word' id='word_1_152' title='bbox 529 1462 681 1503; x_wconf 88' lang='lat' dir='ltr'>adspectu</span> 
     </span>
     <span class='ocr_line' id='line_1_26' title="bbox 105 1509 681 1550; baseline -0.002 -11"><span class='ocrx_word' id='word_1_153' title='bbox 105 1510 168 1539; x_wconf 86' lang='lat' dir='ltr'>viri</span> <span class='ocrx_word' id='word_1_154' title='bbox 199 1510 388 1539; x_wconf 83' lang='lat' dir='ltr'>auctoritate</span> <span class='ocrx_word' id='word_1_155' title='bbox 415 1509 609 1550; x_wconf 81' lang='lat' dir='ltr'>conspiscui.</span> <span class='ocrx_word' id='word_1_156' title='bbox 633 1526 681 1533; x_wconf 81' lang='lat'>—-</span> 
     </span>
     <span class='ocr_line' id='line_1_27' title="bbox 106 1555 681 1593; baseline 0 -7"><span class='ocrx_word' id='word_1_157' title='bbox 106 1557 157 1586; x_wconf 86' lang='lat' dir='ltr'>Ac</span> <span class='ocrx_word' id='word_1_158' title='bbox 182 1555 287 1586; x_wconf 76' lang='lat' dir='ltr'>veluti</span> <span class='ocrx_word' id='word_1_159' title='bbox 310 1555 408 1585; x_wconf 78' lang='lat' dir='ltr'>silent</span> <span class='ocrx_word' id='word_1_160' title='bbox 429 1563 514 1593; x_wconf 83' lang='lat' dir='ltr'>tum,</span> <span class='ocrx_word' id='word_1_161' title='bbox 535 1566 616 1586; x_wconf 84' lang='lat' dir='ltr'>cum.</span> <span class='ocrx_word' id='word_1_162' title='bbox 640 1557 681 1586; x_wconf 87' lang='lat' dir='ltr'>In</span> 
     </span>
     <span class='ocr_line' id='line_1_28' title="bbox 106 1601 680 1643; baseline 0 -12"><span class='ocrx_word' id='word_1_163' title='bbox 106 1611 218 1642; x_wconf 87' lang='lat' dir='ltr'>prosa:</span> <span class='ocrx_word' id='word_1_164' title='bbox 234 1608 270 1631; x_wconf 79' lang='lat' dir='ltr'>ut</span> <span class='ocrx_word' id='word_1_165' title='bbox 284 1612 369 1642; x_wconf 83' lang='lat' dir='ltr'>saepe</span> <span class='ocrx_word' id='word_1_166' title='bbox 393 1601 426 1631; x_wconf 84' lang='lat' dir='ltr'>in</span> <span class='ocrx_word' id='word_1_167' title='bbox 441 1612 562 1643; x_wconf 78' lang='lat' dir='ltr'>magno</span> <span class='ocrx_word' id='word_1_168' title='bbox 574 1613 680 1642; x_wconf 84' lang='lat' dir='ltr'>popu-</span> 
     </span>
     <span class='ocr_line' id='line_1_29' title="bbox 106 1647 678 1685; baseline 0.002 -8"><span class='ocrx_word' id='word_1_169' title='bbox 106 1647 138 1676; x_wconf 91' lang='lat' dir='ltr'>lo</span> <span class='ocrx_word' id='word_1_170' title='bbox 152 1659 222 1678; x_wconf 82' lang='lat' dir='ltr'>cum</span> <span class='ocrx_word' id='word_1_171' title='bbox 237 1655 346 1677; x_wconf 83' lang='lat' dir='ltr'>coorta</span> <span class='ocrx_word' id='word_1_172' title='bbox 361 1656 408 1678; x_wconf 82' lang='lat' dir='ltr'>est</span> <span class='ocrx_word' id='word_1_173' title='bbox 421 1648 553 1685; x_wconf 82' lang='lat' dir='ltr'>seditio,</span> <span class='ocrx_word' id='word_1_174' title='bbox 571 1648 678 1679; x_wconf 84' lang='lat' dir='ltr'>silent.</span> 
     </span>
     <span class='ocr_line' id='line_1_30' title="bbox 108 1692 681 1734; baseline 0.003 -12"><span class='ocrx_word' id='word_1_175' title='bbox 108 1692 309 1734; x_wconf 84' lang='lat' dir='ltr'>Comparatio</span> <span class='ocrx_word' id='word_1_176' title='bbox 329 1694 492 1724; x_wconf 82' lang='lat' dir='ltr'>seditionis</span> <span class='ocrx_word' id='word_1_177' title='bbox 509 1705 582 1723; x_wconf 89' lang='lat' dir='ltr'>cum</span> <span class='ocrx_word' id='word_1_178' title='bbox 601 1695 681 1724; x_wconf 87' lang='lat' dir='ltr'>mari</span> 
     </span>
     <span class='ocr_line' id='line_1_31' title="bbox 106 1740 680 1779; baseline 0.003 -11"><span class='ocrx_word' id='word_1_179' title='bbox 106 1741 179 1769; x_wconf 83' lang='lat' dir='ltr'>satis</span> <span class='ocrx_word' id='word_1_180' title='bbox 202 1740 349 1779; x_wconf 85' lang='lat' dir='ltr'>frequens</span> <span class='ocrx_word' id='word_1_181' title='bbox 365 1747 427 1777; x_wconf 88' lang='lat' dir='ltr'>est,</span> <span class='ocrx_word' id='word_1_182' title='bbox 441 1747 472 1769; x_wconf 84' lang='lat' dir='ltr'>et</span> <span class='ocrx_word' id='word_1_183' title='bbox 486 1740 526 1769; x_wconf 91' lang='lat' dir='ltr'>ab</span> <span class='ocrx_word' id='word_1_184' title='bbox 538 1742 680 1770; x_wconf 84' lang='lat' dir='ltr'>Homero</span> 
     </span>
     <span class='ocr_line' id='line_1_32' title="bbox 107 1783 682 1823; baseline 0.002 -9"><span class='ocrx_word' id='word_1_185' title='bbox 107 1785 198 1815; x_wconf 85' lang='lat' dir='ltr'>Iliad.</span> <span class='ocrx_word' id='word_1_186' title='bbox 218 1783 256 1823; x_wconf 79' lang='grc' dir='ltr'>β,</span> <span class='ocrx_word' id='word_1_187' title='bbox 281 1790 344 1820; x_wconf 74' lang='grc' dir='ltr'>ῐ44</span> <span class='ocrx_word' id='word_1_188' title='bbox 363 1802 410 1807; x_wconf 86' lang='grc'>-</span> <span class='ocrx_word' id='word_1_189' title='bbox 432 1786 495 1820; x_wconf 72' lang='lat'>146</span> <span class='ocrx_word' id='word_1_190' title='bbox 517 1785 631 1822; x_wconf 82' lang='lat' dir='ltr'>ducta3</span> <span class='ocrx_word' id='word_1_191' title='bbox 651 1792 682 1815; x_wconf 83' lang='lat' dir='ltr'>at</span> 
     </span>
     <span class='ocr_line' id='line_1_33' title="bbox 105 1831 682 1862; baseline -0.002 -1"><span class='ocrx_word' id='word_1_192' title='bbox 105 1831 138 1862; x_wconf 88' lang='lat' dir='ltr'>h.</span> <span class='ocrx_word' id='word_1_193' title='bbox 153 1831 174 1862; x_wconf 89' lang='lat' dir='ltr'>l.</span> <span class='ocrx_word' id='word_1_194' title='bbox 193 1833 317 1861; x_wconf 80' lang='lat' dir='ltr'>inverse</span> <span class='ocrx_word' id='word_1_195' title='bbox 330 1832 424 1861; x_wconf 79' lang='lat' dir='ltr'>maris</span> <span class='ocrx_word' id='word_1_196' title='bbox 438 1831 594 1861; x_wconf 84' lang='lat' dir='ltr'>tumultus</span> <span class='ocrx_word' id='word_1_197' title='bbox 607 1842 682 1860; x_wconf 86' lang='lat' dir='ltr'>cum</span> 
     </span>
     <span class='ocr_line' id='line_1_34' title="bbox 106 1876 682 1918; baseline -0.002 -11"><span class='ocrx_word' id='word_1_198' title='bbox 106 1877 261 1908; x_wconf 83' lang='lat' dir='ltr'>seditione</span> <span class='ocrx_word' id='word_1_199' title='bbox 284 1876 322 1907; x_wconf 87' lang='lat' dir='ltr'>fit</span> <span class='ocrx_word' id='word_1_200' title='bbox 345 1878 565 1918; x_wconf 76' lang='lat' dir='ltr'>comparatio:</span> <span class='ocrx_word' id='word_1_201' title='bbox 590 1878 682 1915; x_wconf 87' lang='lat' dir='ltr'>cujus</span> 
     </span>
     <span class='ocr_line' id='line_1_35' title="bbox 105 1924 682 1964; baseline -0.003 -10"><span class='ocrx_word' id='word_1_202' title='bbox 105 1934 223 1954; x_wconf 76' lang='lat' dir='ltr'>novam</span> <span class='ocrx_word' id='word_1_203' title='bbox 233 1935 268 1954; x_wconf 91' lang='lat' dir='ltr'>ac</span> <span class='ocrx_word' id='word_1_204' title='bbox 282 1924 433 1964; x_wconf 86' lang='lat' dir='ltr'>praeclare</span> <span class='ocrx_word' id='word_1_205' title='bbox 448 1930 590 1953; x_wconf 83' lang='lat' dir='ltr'>ornatam</span> <span class='ocrx_word' id='word_1_206' title='bbox 602 1930 682 1953; x_wconf 88' lang='lat' dir='ltr'>trae-</span> 
     </span>
     <span class='ocr_line' id='line_1_36' title="bbox 106 1969 679 2010; baseline -0.002 -10"><span class='ocrx_word' id='word_1_207' title='bbox 106 1972 257 2000; x_wconf 77' lang='lat' dir='ltr'>tationem</span> <span class='ocrx_word' id='word_1_208' title='bbox 274 1970 364 2000; x_wconf 84' lang='lat' dir='ltr'>facile</span> <span class='ocrx_word' id='word_1_209' title='bbox 385 1969 542 2010; x_wconf 82' lang='lat' dir='ltr'>intelligas</span> <span class='ocrx_word' id='word_1_210' title='bbox 553 1992 561 2006; x_wconf 94' lang='lat'>‚</span> <span class='ocrx_word' id='word_1_211' title='bbox 578 1971 679 2010; x_wconf 85' lang='lat' dir='ltr'>inpri-</span> 
     </span>
     <span class='ocr_line' id='line_1_37' title="bbox 106 2018 683 2058; baseline 0 -12"><span class='ocrx_word' id='word_1_212' title='bbox 106 2018 166 2046; x_wconf 86' lang='lat' dir='ltr'>mis</span> <span class='ocrx_word' id='word_1_213' title='bbox 181 2018 216 2046; x_wconf 89' lang='lat' dir='ltr'>in</span> <span class='ocrx_word' id='word_1_214' title='bbox 230 2027 304 2047; x_wconf 83' lang='lat' dir='ltr'>voc.</span> <span class='ocrx_word' id='word_1_215' title='bbox 324 2024 615 2058; x_wconf 78' lang='lat' dir='ltr'>magno—coorta</span> <span class='ocrx_word' id='word_1_216' title='bbox 635 2023 683 2046; x_wconf 78' lang='lat' dir='ltr'>est</span> 
     </span>
     <span class='ocr_line' id='line_1_38' title="bbox 106 2061 681 2104; baseline -0.002 -12"><span class='ocrx_word' id='word_1_217' title='bbox 106 2063 256 2103; x_wconf 76' lang='lat' dir='ltr'>saevicque</span> <span class='ocrx_word' id='word_1_218' title='bbox 283 2063 403 2093; x_wconf 80' lang='lat' dir='ltr'>animis</span> <span class='ocrx_word' id='word_1_219' title='bbox 431 2061 520 2104; x_wconf 83' lang='lat' dir='ltr'>(ira)</span> <span class='ocrx_word' id='word_1_220' title='bbox 541 2062 681 2103; x_wconf 78' lang='lat' dir='ltr'>ignobile</span> 
     </span>
     <span class='ocr_line' id='line_1_39' title="bbox 105 2108 678 2151; baseline -0.003 -12"><span class='ocrx_word' id='word_1_221' title='bbox 105 2109 224 2151; x_wconf 76' lang='lat' dir='ltr'>vulgus</span> <span class='ocrx_word' id='word_1_222' title='bbox 239 2109 298 2151; x_wconf 88' lang='lat' dir='ltr'>(ut</span> <span class='ocrx_word' id='word_1_223' title='bbox 312 2109 402 2147; x_wconf 80' lang='lat' dir='ltr'>vile,</span> <span class='ocrx_word' id='word_1_224' title='bbox 427 2109 526 2150; x_wconf 89' lang='lat' dir='ltr'>epith.</span> <span class='ocrx_word' id='word_1_225' title='bbox 544 2108 678 2149; x_wconf 84' lang='lat' dir='ltr'>ornans)</span> 
     </span>
     <span class='ocr_line' id='line_1_40' title="bbox 107 2156 679 2197; baseline 0 -11"><span class='ocrx_word' id='word_1_226' title='bbox 107 2166 180 2193; x_wconf 83' lang='lat' dir='ltr'>seu,</span> <span class='ocrx_word' id='word_1_227' title='bbox 214 2166 286 2197; x_wconf 90' lang='lat' dir='ltr'>quae</span> <span class='ocrx_word' id='word_1_228' title='bbox 324 2156 412 2186; x_wconf 89' lang='lat' dir='ltr'>nuda</span> <span class='ocrx_word' id='word_1_229' title='bbox 449 2157 551 2186; x_wconf 84' lang='lat' dir='ltr'>oratio</span> <span class='ocrx_word' id='word_1_230' title='bbox 581 2162 679 2187; x_wconf 86' lang='lat' dir='ltr'>esset:</span> 
     </span>
     <span class='ocr_line' id='line_1_41' title="bbox 106 2201 678 2244; baseline 0.003 -13"><span class='ocrx_word' id='word_1_231' title='bbox 106 2202 202 2232; x_wconf 77' lang='lat' dir='ltr'>ardet</span> <span class='ocrx_word' id='word_1_232' title='bbox 218 2202 268 2232; x_wconf 83' lang='lat' dir='ltr'>ira</span> <span class='ocrx_word' id='word_1_233' title='bbox 282 2202 401 2244; x_wconf 79' lang='lat' dir='ltr'>vulgus</span> <span class='ocrx_word' id='word_1_234' title='bbox 411 2225 420 2239; x_wconf 85' lang='lat'>‚</span> <span class='ocrx_word' id='word_1_235' title='bbox 430 2201 526 2243; x_wconf 77' lang='lat' dir='ltr'>fitric.</span> <span class='ocrx_word' id='word_1_236' title='bbox 541 2219 590 2225; x_wconf 90' lang='lat'>—-</span> <span class='ocrx_word' id='word_1_237' title='bbox 602 2213 615 2231; x_wconf 95' lang='lat'>1</span> <span class='ocrx_word' id='word_1_238' title='bbox 624 2203 642 2231; x_wconf 85' lang='lat'><em>5</em></span> <span class='ocrx_word' id='word_1_239' title='bbox 651 2212 678 2233; x_wconf 86' lang='lat'>1.</span> 
     </span>
     <span class='ocr_line' id='line_1_42' title="bbox 110 2248 680 2290; baseline 0.002 -11"><span class='ocrx_word' id='word_1_240' title='bbox 110 2248 264 2287; x_wconf 80' lang='lat' dir='ltr'>Gravem,</span> <span class='ocrx_word' id='word_1_241' title='bbox 297 2249 527 2287; x_wconf 80' lang='lat' dir='ltr'>venerabilem,</span> <span class='ocrx_word' id='word_1_242' title='bbox 555 2248 680 2290; x_wconf 81' lang='lat' dir='ltr'>pietate</span> 
     </span>
    </p>
   </div>
   <div class='ocr_carea' id='block_1_3' title="bbox 732 762 1316 2286">
    <p class='ocr_par' dir='ltr' id='par_1_3' title="bbox 736 762 1316 1120">
     <span class='ocr_line' id='line_1_43' title="bbox 736 762 1314 804; baseline 0 -10"><span class='ocrx_word' id='word_1_243' title='bbox 736 775 777 794; x_wconf 89' lang='lat' dir='ltr'>ac</span> <span class='ocrx_word' id='word_1_244' title='bbox 805 762 945 800; x_wconf 80' lang='lat' dir='ltr'>meritis,</span> <span class='ocrx_word' id='word_1_245' title='bbox 964 762 1119 803; x_wconf 82' lang='lat' dir='ltr'>religione</span> <span class='ocrx_word' id='word_1_246' title='bbox 1137 773 1211 804; x_wconf 82' lang='lat' dir='ltr'>erga</span> <span class='ocrx_word' id='word_1_247' title='bbox 1238 763 1314 794; x_wconf 81' lang='lat' dir='ltr'>deos</span> 
     </span>
     <span class='ocr_line' id='line_1_44' title="bbox 736 808 1314 850; baseline -0.002 -9"><span class='ocrx_word' id='word_1_248' title='bbox 736 818 767 841; x_wconf 86' lang='lat' dir='ltr'>et</span> <span class='ocrx_word' id='word_1_249' title='bbox 792 811 957 840; x_wconf 78' lang='lat' dir='ltr'>sanctitate</span> <span class='ocrx_word' id='word_1_250' title='bbox 975 832 984 846; x_wconf 94' lang='lat'>,</span> <span class='ocrx_word' id='word_1_251' title='bbox 1015 808 1243 850; x_wconf 69' lang='lat' dir='ltr'>beneficiisqme</span> <span class='ocrx_word' id='word_1_252' title='bbox 1279 811 1314 840; x_wconf 85' lang='lat' dir='ltr'>in</span> 
     </span>
     <span class='ocr_line' id='line_1_45' title="bbox 736 856 1314 898; baseline -0.002 -12"><span class='ocrx_word' id='word_1_253' title='bbox 736 858 870 898; x_wconf 85' lang='lat' dir='ltr'>patriam</span> <span class='ocrx_word' id='word_1_254' title='bbox 884 867 920 886; x_wconf 89' lang='lat' dir='ltr'>ac</span> <span class='ocrx_word' id='word_1_255' title='bbox 935 857 1018 886; x_wconf 85' lang='lat' dir='ltr'>cives</span> <span class='ocrx_word' id='word_1_256' title='bbox 1036 856 1168 886; x_wconf 83' lang='lat' dir='ltr'>collatis.</span> <span class='ocrx_word' id='word_1_257' title='bbox 1183 857 1314 886; x_wconf 84' lang='lat' dir='ltr'>Utrum-</span> 
     </span>
     <span class='ocr_line' id='line_1_46' title="bbox 737 902 1314 944; baseline 0 -12"><span class='ocrx_word' id='word_1_258' title='bbox 737 914 799 944; x_wconf 84' lang='lat' dir='ltr'>que</span> <span class='ocrx_word' id='word_1_259' title='bbox 807 902 992 933; x_wconf 81' lang='lat' dir='ltr'>hominibus</span> <span class='ocrx_word' id='word_1_260' title='bbox 1006 903 1226 931; x_wconf 84' lang='lat' dir='ltr'>auctoritatem</span> <span class='ocrx_word' id='word_1_261' title='bbox 1236 913 1314 932; x_wconf 88' lang='lat' dir='ltr'>con-</span> 
     </span>
     <span class='ocr_line' id='line_1_47' title="bbox 737 948 1315 989; baseline -0.005 -9"><span class='ocrx_word' id='word_1_262' title='bbox 737 950 832 981; x_wconf 84' lang='lat' dir='ltr'>ciliat.</span> <span class='ocrx_word' id='word_1_263' title='bbox 857 967 906 973; x_wconf 93' lang='lat'>—</span> <span class='ocrx_word' id='word_1_264' title='bbox 931 949 1006 979; x_wconf 86' lang='lat'>152.</span> <span class='ocrx_word' id='word_1_265' title='bbox 1029 948 1224 988; x_wconf 80' lang='lat' dir='ltr'>Arepcisque</span> <span class='ocrx_word' id='word_1_266' title='bbox 1237 958 1315 989; x_wconf 89' lang='lat' dir='ltr'>qua-</span> 
     </span>
     <span class='ocr_line' id='line_1_48' title="bbox 736 995 1315 1026; baseline -0.003 0"><span class='ocrx_word' id='word_1_267' title='bbox 736 1004 812 1026; x_wconf 85' lang='lat' dir='ltr'>tuor</span> <span class='ocrx_word' id='word_1_268' title='bbox 841 998 949 1026; x_wconf 91' lang='lat' dir='ltr'>Burm.</span> <span class='ocrx_word' id='word_1_269' title='bbox 966 995 1091 1024; x_wconf 76' lang='lat' dir='ltr'>Erectis</span> <span class='ocrx_word' id='word_1_270' title='bbox 1127 995 1252 1025; x_wconf 89' lang='lat' dir='ltr'>Zulich.</span> <span class='ocrx_word' id='word_1_271' title='bbox 1282 1001 1315 1024; x_wconf 86' lang='lat' dir='ltr'>et</span> 
     </span>
     <span class='ocr_line' id='line_1_49' title="bbox 737 1041 1316 1084; baseline -0.005 -11"><span class='ocrx_word' id='word_1_272' title='bbox 737 1042 823 1073; x_wconf 86' lang='lat' dir='ltr'>Leid.</span> <span class='ocrx_word' id='word_1_273' title='bbox 834 1053 893 1084; x_wconf 92' lang='lat' dir='ltr'>pro</span> <span class='ocrx_word' id='word_1_274' title='bbox 909 1053 973 1072; x_wconf 81' lang='lat' dir='ltr'>var.</span> <span class='ocrx_word' id='word_1_275' title='bbox 982 1041 1200 1072; x_wconf 79' lang='lat' dir='ltr'>leet.Abstant</span> <span class='ocrx_word' id='word_1_276' title='bbox 1208 1042 1316 1072; x_wconf 90' lang='lat' dir='ltr'>Mont-</span> 
     </span>
     <span class='ocr_line' id='line_1_50' title="bbox 737 1088 1174 1120; baseline -0.007 0"><span class='ocrx_word' id='word_1_277' title='bbox 737 1090 799 1120; x_wconf 80' lang='lat' dir='ltr'>alb.</span> <span class='ocrx_word' id='word_1_278' title='bbox 817 1100 847 1120; x_wconf 86' lang='lat' dir='ltr'>v.</span> <span class='ocrx_word' id='word_1_279' title='bbox 869 1090 978 1119; x_wconf 83' lang='lat' dir='ltr'>Heius.</span> <span class='ocrx_word' id='word_1_280' title='bbox 997 1090 1118 1118; x_wconf 80' lang='lat' dir='ltr'>Ascant</span> <span class='ocrx_word' id='word_1_281' title='bbox 1134 1088 1174 1118; x_wconf 86' lang='lat' dir='ltr'>al.</span> 
     </span>
    </p>

    <p class='ocr_par' dir='ltr' id='par_1_4' title="bbox 732 1134 1315 2286">
     <span class='ocr_line' id='line_1_51' title="bbox 790 1134 1313 1172; baseline -0.006 -6"><span class='ocrx_word' id='word_1_282' title='bbox 790 1136 865 1172; x_wconf 71' lang='lat'>154.</span> <span class='ocrx_word' id='word_1_283' title='bbox 887 1135 939 1165; x_wconf 83' lang='lat' dir='ltr'>Sic</span> <span class='ocrx_word' id='word_1_284' title='bbox 970 1134 1075 1164; x_wconf 81' lang='lat' dir='ltr'>omnis</span> <span class='ocrx_word' id='word_1_285' title='bbox 1104 1135 1222 1164; x_wconf 86' lang='lat' dir='ltr'>Moret.</span> <span class='ocrx_word' id='word_1_286' title='bbox 1250 1143 1313 1164; x_wconf 89' lang='lat' dir='ltr'>sec.</span> 
     </span>
     <span class='ocr_line' id='line_1_52' title="bbox 735 1179 1315 1223; baseline -0.009 -10"><span class='ocrx_word' id='word_1_287' title='bbox 735 1182 855 1223; x_wconf 79' lang='lat' dir='ltr'>Pelagi</span> <span class='ocrx_word' id='word_1_288' title='bbox 868 1189 998 1211; x_wconf 81' lang='lat' dir='ltr'>cunctus</span> <span class='ocrx_word' id='word_1_289' title='bbox 1010 1182 1112 1222; x_wconf 83' lang='lat' dir='ltr'>Bigot.</span> <span class='ocrx_word' id='word_1_290' title='bbox 1130 1179 1253 1210; x_wconf 77' lang='lat' dir='ltr'>Cecidit</span> <span class='ocrx_word' id='word_1_291' title='bbox 1261 1179 1315 1219; x_wconf 76' lang='lat' dir='ltr'>fic-</span> 
     </span>
     <span class='ocr_line' id='line_1_53' title="bbox 735 1227 1313 1269; baseline -0.005 -10"><span class='ocrx_word' id='word_1_292' title='bbox 735 1239 790 1259; x_wconf 86' lang='lat' dir='ltr'>ror</span> <span class='ocrx_word' id='word_1_293' title='bbox 813 1231 922 1269; x_wconf 79' lang='lat' dir='ltr'>Puget.</span> <span class='ocrx_word' id='word_1_294' title='bbox 949 1229 1092 1267; x_wconf 84' lang='lat' dir='ltr'>AEquore</span> <span class='ocrx_word' id='word_1_295' title='bbox 1118 1227 1201 1265; x_wconf 84' lang='lat' dir='ltr'>conj.</span> <span class='ocrx_word' id='word_1_296' title='bbox 1226 1228 1313 1256; x_wconf 87' lang='lat' dir='ltr'>Heu-</span> 
     </span>
     <span class='ocr_line' id='line_1_54' title="bbox 736 1272 1312 1314; baseline -0.003 -9"><span class='ocrx_word' id='word_1_297' title='bbox 736 1286 882 1305; x_wconf 85' lang='lat' dir='ltr'>mannus.</span> <span class='ocrx_word' id='word_1_298' title='bbox 891 1291 937 1297; x_wconf 83' lang='lat'>—</span> <span class='ocrx_word' id='word_1_299' title='bbox 944 1284 956 1303; x_wconf 95' lang='lat'>1</span> <span class='ocrx_word' id='word_1_300' title='bbox 964 1274 1017 1304; x_wconf 84' lang='lat'>55.</span> <span class='ocrx_word' id='word_1_301' title='bbox 1030 1272 1198 1314; x_wconf 82' lang='lat' dir='ltr'>Aspiciens</span> <span class='ocrx_word' id='word_1_302' title='bbox 1208 1274 1312 1312; x_wconf 88' lang='lat' dir='ltr'>Sprot.</span> 
     </span>
     <span class='ocr_line' id='line_1_55' title="bbox 739 1320 1313 1362; baseline -0.007 -10"><span class='ocrx_word' id='word_1_303' title='bbox 739 1324 807 1362; x_wconf 81' lang='lat' dir='ltr'>Que</span> <span class='ocrx_word' id='word_1_304' title='bbox 820 1321 908 1352; x_wconf 89' lang='lat' dir='ltr'>abest</span> <span class='ocrx_word' id='word_1_305' title='bbox 921 1331 938 1351; x_wconf 88' lang='lat' dir='ltr'>a</span> <span class='ocrx_word' id='word_1_306' title='bbox 949 1331 998 1362; x_wconf 87' lang='lat' dir='ltr'>pr.</span> <span class='ocrx_word' id='word_1_307' title='bbox 1010 1321 1128 1350; x_wconf 80' lang='lat' dir='ltr'>Moret.</span> <span class='ocrx_word' id='word_1_308' title='bbox 1142 1320 1247 1349; x_wconf 76' lang='lat' dir='ltr'>Miror</span> <span class='ocrx_word' id='word_1_309' title='bbox 1258 1329 1313 1349; x_wconf 89' lang='lat' dir='ltr'>ne-</span> 
     </span>
     <span class='ocr_line' id='line_1_56' title="bbox 735 1365 1310 1407; baseline -0.007 -8"><span class='ocrx_word' id='word_1_310' title='bbox 735 1370 855 1398; x_wconf 84' lang='lat' dir='ltr'>minem</span> <span class='ocrx_word' id='word_1_311' title='bbox 884 1368 1031 1398; x_wconf 79' lang='lat' dir='ltr'>maluisse</span> <span class='ocrx_word' id='word_1_312' title='bbox 1045 1377 1054 1399; x_wconf 70' lang='grc' dir='ltr'><em>ι</em></span> <span class='ocrx_word' id='word_1_313' title='bbox 1068 1369 1238 1407; x_wconf 84' lang='lat' dir='ltr'>Pontoque</span> <span class='ocrx_word' id='word_1_314' title='bbox 1262 1365 1310 1395; x_wconf 84' lang='lat' dir='ltr'>in-</span> 
     </span>
     <span class='ocr_line' id='line_1_57' title="bbox 735 1412 1314 1456; baseline -0.003 -12"><span class='ocrx_word' id='word_1_315' title='bbox 735 1422 838 1444; x_wconf 76' lang='lat' dir='ltr'>vectus</span> <span class='ocrx_word' id='word_1_316' title='bbox 852 1422 975 1456; x_wconf 80' lang='lat' dir='ltr'>aperw.</span> <span class='ocrx_word' id='word_1_317' title='bbox 997 1430 1044 1437; x_wconf 91' lang='lat'>-—</span> <span class='ocrx_word' id='word_1_318' title='bbox 1062 1414 1136 1451; x_wconf 85' lang='lat'>155,</span> <span class='ocrx_word' id='word_1_319' title='bbox 1158 1413 1233 1443; x_wconf 87' lang='lat'>156.</span> <span class='ocrx_word' id='word_1_320' title='bbox 1248 1412 1314 1442; x_wconf 83' lang='lat' dir='ltr'>Coe-</span> 
     </span>
     <span class='ocr_line' id='line_1_58' title="bbox 735 1458 1313 1502; baseline -0.005 -11"><span class='ocrx_word' id='word_1_321' title='bbox 735 1462 766 1492; x_wconf 87' lang='lat' dir='ltr'>Io</span> <span class='ocrx_word' id='word_1_322' title='bbox 792 1470 922 1502; x_wconf 83' lang='lat' dir='ltr'>aperto,</span> <span class='ocrx_word' id='word_1_323' title='bbox 943 1471 1074 1497; x_wconf 84' lang='lat' dir='ltr'>sereno,</span> <span class='ocrx_word' id='word_1_324' title='bbox 1097 1459 1184 1501; x_wconf 87' lang='lat' dir='ltr'>quod</span> <span class='ocrx_word' id='word_1_325' title='bbox 1209 1458 1313 1489; x_wconf 86' lang='lat' dir='ltr'>adhuc</span> 
     </span>
     <span class='ocr_line' id='line_1_59' title="bbox 733 1506 1314 1544; baseline -0.005 -6"><span class='ocrx_word' id='word_1_326' title='bbox 733 1508 876 1538; x_wconf 84' lang='lat' dir='ltr'>nubibus</span> <span class='ocrx_word' id='word_1_327' title='bbox 892 1514 957 1538; x_wconf 84' lang='lat' dir='ltr'>erat</span> <span class='ocrx_word' id='word_1_328' title='bbox 971 1506 1159 1544; x_wconf 89' lang='lat' dir='ltr'>obductum,</span> <span class='ocrx_word' id='word_1_329' title='bbox 1174 1506 1314 1536; x_wconf 77' lang='lat' dir='ltr'>invectus</span> 
     </span>
     <span class='ocr_line' id='line_1_60' title="bbox 733 1551 1312 1595; baseline -0.005 -11"><span class='ocrx_word' id='word_1_330' title='bbox 733 1564 791 1595; x_wconf 85' lang='lat' dir='ltr'>per</span> <span class='ocrx_word' id='word_1_331' title='bbox 815 1565 910 1584; x_wconf 87' lang='lat' dir='ltr'>mare.</span> <span class='ocrx_word' id='word_1_332' title='bbox 941 1555 1050 1594; x_wconf 84' lang='lat' dir='ltr'>Equos</span> <span class='ocrx_word' id='word_1_333' title='bbox 1077 1553 1221 1593; x_wconf 80' lang='lat' dir='ltr'>Neptuni</span> <span class='ocrx_word' id='word_1_334' title='bbox 1246 1551 1312 1582; x_wconf 74' lang='lat' dir='ltr'>vid.</span> 
     </span>
     <span class='ocr_line' id='line_1_61' title="bbox 734 1599 1314 1637; baseline -0.005 -7"><span class='ocrx_word' id='word_1_335' title='bbox 734 1602 865 1631; x_wconf 87' lang='lat' dir='ltr'>Homer.</span> <span class='ocrx_word' id='word_1_336' title='bbox 881 1599 970 1630; x_wconf 89' lang='lat' dir='ltr'>Iliad.</span> <span class='ocrx_word' id='word_1_337' title='bbox 985 1611 1017 1637; x_wconf 81' lang='lat' dir='ltr'>v,</span> <span class='ocrx_word' id='word_1_338' title='bbox 1031 1600 1085 1635; x_wconf 84' lang='lat'>23,</span> <span class='ocrx_word' id='word_1_339' title='bbox 1103 1605 1157 1635; x_wconf 77' lang='lat'>24.</span> <span class='ocrx_word' id='word_1_340' title='bbox 1173 1599 1314 1630; x_wconf 78' lang='lat' dir='ltr'>Seriores</span> 
     </span>
     <span class='ocr_line' id='line_1_62' title="bbox 732 1645 1313 1688; baseline -0.007 -11"><span class='ocrx_word' id='word_1_341' title='bbox 732 1654 835 1688; x_wconf 86' lang='lat' dir='ltr'>poetae</span> <span class='ocrx_word' id='word_1_342' title='bbox 859 1646 1007 1676; x_wconf 88' lang='lat' dir='ltr'>tribuunt</span> <span class='ocrx_word' id='word_1_343' title='bbox 1026 1647 1177 1685; x_wconf 75' lang='lat' dir='ltr'>Neptuno</span> <span class='ocrx_word' id='word_1_344' title='bbox 1200 1645 1313 1685; x_wconf 60' lang='lat' dir='ltr'>hippo</span> 
     </span>
     <span class='ocr_line' id='line_1_63' title="bbox 734 1691 1313 1734; baseline -0.007 -11"><span class='ocrx_word' id='word_1_345' title='bbox 734 1704 874 1734; x_wconf 86' lang='lat' dir='ltr'>campos,</span> <span class='ocrx_word' id='word_1_346' title='bbox 889 1704 920 1723; x_wconf 76' lang='lat' dir='ltr'>V.</span> <span class='ocrx_word' id='word_1_347' title='bbox 939 1695 1015 1722; x_wconf 86' lang='lat' dir='ltr'>Stat.</span> <span class='ocrx_word' id='word_1_348' title='bbox 1029 1691 1132 1722; x_wconf 87' lang='lat' dir='ltr'>Theb.</span> <span class='ocrx_word' id='word_1_349' title='bbox 1146 1692 1195 1728; x_wconf 93' lang='lat' dir='ltr'>II,</span> <span class='ocrx_word' id='word_1_350' title='bbox 1213 1691 1255 1726; x_wconf 72' lang='lat'>45</span> <span class='ocrx_word' id='word_1_351' title='bbox 1265 1707 1313 1713; x_wconf 88' lang='lat'>—</span> 
     </span>
     <span class='ocr_line' id='line_1_64' title="bbox 736 1737 1309 1778; baseline -0.007 -9"><span class='ocrx_word' id='word_1_352' title='bbox 736 1746 790 1777; x_wconf 81' lang='lat'>47,</span> <span class='ocrx_word' id='word_1_353' title='bbox 805 1746 842 1769; x_wconf 83' lang='lat' dir='ltr'>ut</span> <span class='ocrx_word' id='word_1_354' title='bbox 865 1742 980 1770; x_wconf 87' lang='lat' dir='ltr'>Proteo</span> <span class='ocrx_word' id='word_1_355' title='bbox 1003 1738 1120 1778; x_wconf 75' lang='lat' dir='ltr'>Georg.</span> <span class='ocrx_word' id='word_1_356' title='bbox 1148 1739 1208 1773; x_wconf 78' lang='lat' dir='ltr'>IV,</span> <span class='ocrx_word' id='word_1_357' title='bbox 1231 1737 1309 1775; x_wconf 80' lang='lat'>389.</span> 
     </span>
     <span class='ocr_line' id='line_1_65' title="bbox 738 1782 1313 1822; baseline -0.003 -8"><span class='ocrx_word' id='word_1_358' title='bbox 738 1786 836 1814; x_wconf 83' lang='lat' dir='ltr'>Curru</span> <span class='ocrx_word' id='word_1_359' title='bbox 855 1784 995 1814; x_wconf 78' lang='lat' dir='ltr'>secundo</span> <span class='ocrx_word' id='word_1_360' title='bbox 1009 1805 1017 1818; x_wconf 91' lang='lat'>,</span> <span class='ocrx_word' id='word_1_361' title='bbox 1045 1783 1157 1818; x_wconf 79' lang='lat' dir='ltr'>celeri3</span> <span class='ocrx_word' id='word_1_362' title='bbox 1181 1782 1313 1822; x_wconf 83' lang='lat' dir='ltr'>proprie</span> 
     </span>
     <span class='ocr_line' id='line_1_66' title="bbox 738 1828 1312 1864; baseline -0.005 -4"><span class='ocrx_word' id='word_1_363' title='bbox 738 1831 850 1860; x_wconf 81' lang='lat' dir='ltr'>Cursus</span> <span class='ocrx_word' id='word_1_364' title='bbox 867 1837 914 1860; x_wconf 87' lang='lat' dir='ltr'>est</span> <span class='ocrx_word' id='word_1_365' title='bbox 936 1828 1092 1859; x_wconf 81' lang='lat' dir='ltr'>secundus</span> <span class='ocrx_word' id='word_1_366' title='bbox 1101 1840 1115 1864; x_wconf 84' lang='lat'>,·</span> <span class='ocrx_word' id='word_1_367' title='bbox 1133 1828 1268 1857; x_wconf 90' lang='lat' dir='ltr'>ductum</span> <span class='ocrx_word' id='word_1_368' title='bbox 1294 1838 1312 1858; x_wconf 85' lang='lat' dir='ltr'>a</span> 
     </span>
     <span class='ocr_line' id='line_1_67' title="bbox 734 1873 1312 1916; baseline -0.002 -11"><span class='ocrx_word' id='word_1_369' title='bbox 734 1878 821 1913; x_wconf 83' lang='lat' dir='ltr'>navi,</span> <span class='ocrx_word' id='word_1_370' title='bbox 836 1886 908 1916; x_wconf 85' lang='lat' dir='ltr'>quae</span> <span class='ocrx_word' id='word_1_371' title='bbox 922 1875 1170 1905; x_wconf 78' lang='lat' dir='ltr'>secundoamne</span> <span class='ocrx_word' id='word_1_372' title='bbox 1183 1873 1312 1904; x_wconf 80' lang='lat' dir='ltr'>devehi·</span> 
     </span>
     <span class='ocr_line' id='line_1_68' title="bbox 734 1921 1312 1953; baseline -0.005 0"><span class='ocrx_word' id='word_1_373' title='bbox 734 1929 796 1952; x_wconf 85' lang='lat' dir='ltr'>tur.</span> <span class='ocrx_word' id='word_1_374' title='bbox 812 1923 961 1953; x_wconf 84' lang='lat' dir='ltr'>Ceterum</span> <span class='ocrx_word' id='word_1_375' title='bbox 975 1921 1064 1951; x_wconf 87' lang='lat' dir='ltr'>hunc</span> <span class='ocrx_word' id='word_1_376' title='bbox 1086 1921 1195 1950; x_wconf 90' lang='lat' dir='ltr'>locum</span> <span class='ocrx_word' id='word_1_377' title='bbox 1217 1931 1312 1950; x_wconf 87' lang='lat' dir='ltr'>orna-</span> 
     </span>
     <span class='ocr_line' id='line_1_69' title="bbox 734 1966 1313 1999; baseline -0.002 -2"><span class='ocrx_word' id='word_1_378' title='bbox 734 1969 891 1999; x_wconf 78' lang='lat' dir='ltr'>tissimum</span> <span class='ocrx_word' id='word_1_379' title='bbox 923 1974 995 1998; x_wconf 87' lang='lat' dir='ltr'>ante</span> <span class='ocrx_word' id='word_1_380' title='bbox 1035 1967 1146 1997; x_wconf 87' lang='lat' dir='ltr'>oculos</span> <span class='ocrx_word' id='word_1_381' title='bbox 1170 1966 1313 1997; x_wconf 80' lang='lat' dir='ltr'>habuere</span> 
     </span>
     <span class='ocr_line' id='line_1_70' title="bbox 733 2013 1313 2053; baseline -0.002 -9"><span class='ocrx_word' id='word_1_382' title='bbox 733 2015 827 2045; x_wconf 82' lang='lat' dir='ltr'>Silius</span> <span class='ocrx_word' id='word_1_383' title='bbox 845 2016 915 2052; x_wconf 90' lang='lat' dir='ltr'>VII,</span> <span class='ocrx_word' id='word_1_384' title='bbox 934 2014 999 2050; x_wconf 78' lang='lat'>254</span> <span class='ocrx_word' id='word_1_385' title='bbox 1009 2030 1058 2038; x_wconf 81' lang='lat'>—-</span> <span class='ocrx_word' id='word_1_386' title='bbox 1068 2014 1134 2053; x_wconf 84' lang='lat'>259</span> <span class='ocrx_word' id='word_1_387' title='bbox 1153 2020 1184 2043; x_wconf 91' lang='lat' dir='ltr'>et</span> <span class='ocrx_word' id='word_1_388' title='bbox 1196 2013 1313 2044; x_wconf 78' lang='lat' dir='ltr'>Statius</span> 
     </span>
     <span class='ocr_line' id='line_1_71' title="bbox 734 2059 1312 2099; baseline -0.005 -8"><span class='ocrx_word' id='word_1_389' title='bbox 734 2061 835 2092; x_wconf 86' lang='lat' dir='ltr'>Theb.</span> <span class='ocrx_word' id='word_1_390' title='bbox 858 2063 899 2098; x_wconf 83' lang='lat' dir='ltr'>V,</span> <span class='ocrx_word' id='word_1_391' title='bbox 919 2066 984 2099; x_wconf 76' lang='lat'>704</span> <span class='ocrx_word' id='word_1_392' title='bbox 999 2070 1135 2099; x_wconf 89' lang='lat'>——709.</span> <span class='ocrx_word' id='word_1_393' title='bbox 1163 2059 1312 2096; x_wconf 81' lang='lat' dir='ltr'>Genitor,</span> 
     </span>
     <span class='ocr_line' id='line_1_72' title="bbox 732 2107 1311 2148; baseline -0.003 -11"><span class='ocrx_word' id='word_1_394' title='bbox 732 2115 822 2148; x_wconf 85' lang='lat' dir='ltr'>pater</span> <span class='ocrx_word' id='word_1_395' title='bbox 837 2117 845 2138; x_wconf 73' lang='grc' dir='ltr'>ε</span> <span class='ocrx_word' id='word_1_396' title='bbox 861 2108 906 2137; x_wconf 89' lang='lat' dir='ltr'>sic</span> <span class='ocrx_word' id='word_1_397' title='bbox 921 2108 1050 2148; x_wconf 86' lang='lat' dir='ltr'>proprie</span> <span class='ocrx_word' id='word_1_398' title='bbox 1068 2116 1178 2136; x_wconf 86' lang='lat' dir='ltr'>omnes</span> <span class='ocrx_word' id='word_1_399' title='bbox 1205 2107 1311 2135; x_wconf 80' lang='lat' dir='ltr'>senio-</span> 
     </span>
     <span class='ocr_line' id='line_1_73' title="bbox 733 2152 1310 2194; baseline -0.005 -10"><span class='ocrx_word' id='word_1_400' title='bbox 733 2165 782 2184; x_wconf 87' lang='lat' dir='ltr'>res</span> <span class='ocrx_word' id='word_1_401' title='bbox 804 2154 868 2191; x_wconf 85' lang='lat' dir='ltr'>dii,</span> <span class='ocrx_word' id='word_1_402' title='bbox 888 2164 966 2184; x_wconf 83' lang='lat' dir='ltr'>mox</span> <span class='ocrx_word' id='word_1_403' title='bbox 988 2160 1020 2183; x_wconf 89' lang='lat' dir='ltr'>et</span> <span class='ocrx_word' id='word_1_404' title='bbox 1041 2154 1228 2194; x_wconf 81' lang='lat' dir='ltr'>quicunque</span> <span class='ocrx_word' id='word_1_405' title='bbox 1246 2152 1310 2188; x_wconf 83' lang='lat' dir='ltr'>alii,</span> 
     </span>
     <span class='ocr_line' id='line_1_74' title="bbox 732 2198 1311 2240; baseline -0.002 -10"><span class='ocrx_word' id='word_1_406' title='bbox 732 2208 768 2230; x_wconf 92' lang='lat' dir='ltr'>ut</span> <span class='ocrx_word' id='word_1_407' title='bbox 786 2202 883 2237; x_wconf 80' lang='lat' dir='ltr'>Mars,</span> <span class='ocrx_word' id='word_1_408' title='bbox 899 2199 1059 2237; x_wconf 87' lang='lat' dir='ltr'>Bacchus,</span> <span class='ocrx_word' id='word_1_409' title='bbox 1074 2199 1214 2240; x_wconf 79' lang='lat' dir='ltr'>Apollo3</span> <span class='ocrx_word' id='word_1_410' title='bbox 1228 2198 1262 2228; x_wconf 91' lang='lat' dir='ltr'>h.</span> <span class='ocrx_word' id='word_1_411' title='bbox 1281 2208 1311 2230; x_wconf 84' lang='lat' dir='ltr'>e.</span> 
     </span>
     <span class='ocr_line' id='line_1_75' title="bbox 733 2245 1314 2286; baseline -0.003 -8"><span class='ocrx_word' id='word_1_412' title='bbox 733 2247 947 2286; x_wconf 70' lang='lat' dir='ltr'>venerabiles,</span> <span class='ocrx_word' id='word_1_413' title='bbox 963 2245 1114 2284; x_wconf 85' lang='lat' dir='ltr'>verendi,</span> <span class='ocrx_word' id='word_1_414' title='bbox 1132 2245 1243 2276; x_wconf 85' lang='lat' dir='ltr'>sancti.</span> <span class='ocrx_word' id='word_1_415' title='bbox 1269 2247 1314 2276; x_wconf 84' lang='lat' dir='ltr'>At</span> 
     </span>
    </p>
   </div>
  </div>
 </body>
</html>
