1433 2460
118 60 183 88 202

635 61 824 90 &Mimos

117 121 277 162 Moenia,
299 117 577 166 magnanimum
596 117 788 166 quondam
810 129 1011 168 generator
1027 133 1226 169 equorum.
1249 138 1253 140 ·

117 181 247 227 Teque
269 178 365 214 datis
387 177 518 226 linquo
538 178 680 224 ventis,
701 179 868 229 palmosa
896 179 1060 227 Selinus;
1276 190 1323 220 τώ

117 240 161 274 Et
181 238 274 274 vada
291 238 386 273 dura
405 237 489 287 logo
506 239 605 275 saxis
624 239 795 288 Lilybeia
811 240 929 277 caecis.

118 298 214 335 Hine
230 299 399 347 Drepani
421 312 480 335 mc
502 309 634 348 portus
656 309 692 336 ct
714 301 926 338 inlaetabilis
944 314 1010 338 ora

115 358 280 408 Adcipit.
302 359 392 405 Hic,
409 358 532 409 pelagi
554 368 607 396 tot
631 360 916 409 tempestatibus
937 371 1060 407 actus,

116 420 216 455 Heu!
235 419 464 468 genitorem,
486 419 608 457 omnis
626 432 728 456 curae
745 433 928 471 casusque
950 421 1137 467 levamen,

116 479 261 516 Amitto
282 479 486 517 Anchisen.
509 481 580 518 Hic
601 494 681 527 mc,
703 490 811 531 pater
835 483 996 532 optimc,
1015 483 1151 520 sessum
1276 500 1322 523 τω

115 542 286 588 Deseris,
307 542 401 578 lieu!
425 542 535 579 tantis
556 543 813 593 nequidquam
836 553 965 594 crcptc
985 544 1151 594 periclis!

116 603 195 638 Noc
211 611 315 639 vates
337 602 524 649 Hclcnns,
544 616 662 653 quum
683 604 801 641 multa
819 603 1010 640 horrenda
1032 610 1198 641 moneret
1213 631 1222 649 ,

116 663 194 698 Hos
216 662 309 699 mihi
330 662 505 712 praedixit
527 664 669 709 luctus,
690 677 765 700 non
787 663 870 700 dira
890 664 1050 700 Celaeno.

115 721 187 757 Hic
203 721 311 760 labor
328 731 534 769 extremus,
555 725 754 773 longarum
775 724 855 760 haec
876 731 975 760 meta
995 723 1163 760 viarum:

112 910 159 915 -
181 898 256 930 704.
281 894 451 933 Quondam
473 902 576 924 vatem
602 895 690 925 dcce-

114 939 185 976 bat,
212 950 279 969 non
302 947 448 980 poetam,
477 943 532 981 qui
560 944 690 971 AEueam

114 986 436 1017 narrauteminducit.
454 988 507 1017 JO.
524 988 689 1019 Schrader.

113 1042 148 1061 ca
173 1043 206 1062 re
234 1032 377 1063 offensus
405 1033 438 1062 in
463 1033 588 1063 schedis
608 1034 691 1065 delct

114 1089 258 1116 versum,
286 1087 316 1109 et
335 1080 501 1110 continuat
517 1090 524 1111 :
542 1082 691 1122 Acragas

114 1133 256 1155 ostentat
268 1126 387 1156 moenia
402 1127 513 1168 longe,
537 1128 644 1167 Teque
657 1128 689 1158 d.

114 1172 163 1201 Ita
181 1182 258 1202 vero
274 1172 366 1212 plura
382 1173 416 1203 in
431 1173 494 1203 hoc
508 1173 580 1203 loco
596 1180 692 1204 erunt

114 1216 266 1256 delenda,
301 1220 335 1249 in
366 1218 482 1260 quibus
510 1226 692 1261 temporum

113 1266 196 1294 ratio
211 1265 360 1306 neglecta.

163 1312 239 1349 705.
258 1312 386 1351 Selinys
401 1312 452 1341 vel
467 1311 582 1342 Selim's
597 1314 692 1343 etiam

113 1356 166 1387 hic
183 1357 248 1387 fere
265 1358 349 1388 libri.
367 1358 489 1388 Salim's
502 1358 600 1389 Goth.
618 1366 689 1390 tert.

112 1414 186 1434 cum
205 1404 254 1435 ed.
275 1407 358 1434 Ven.
376 1416 407 1435 v·
431 1406 512 1436 Pier.
530 1407 640 1436 Heius.
661 1413 692 1436 et

113 1450 240 1481 doctiss.
274 1453 488 1483 Commentar.
516 1453 691 1482 Burmanni

113 1497 153 1526 ad
176 1498 333 1529 Numism.
358 1498 442 1529 sicil.
463 1509 495 1539 p.
515 1504 592 1537 420,
611 1505 688 1534 421.

113 1544 167 1574 Est
186 1547 339 1583 Σελινοῦς,
354 1557 394 1576 ex
415 1543 569 1581 Σελινόεις.
581 1563 627 1568 -
639 1547 691 1576 Se-

111 1588 267 1621 limmcem
281 1593 393 1632 palmis
407 1592 581 1632 agrestibus
594 1592 691 1623 abun-

112 1636 217 1675 dasse,
232 1648 273 1667 ex
287 1639 386 1669 Cicer.
399 1640 491 1669 Verr.
510 1640 551 1676 V,
575 1639 628 1677 87,
646 1649 691 1669 sa-

112 1684 151 1712 tis
174 1691 308 1715 constat.
333 1687 381 1716 Ex
401 1693 511 1715 nostro
536 1687 691 1725 expressit

111 1732 201 1767 xlv,
223 1741 289 1762 200
313 1733 409 1763 Silius
434 1732 515 1769 Ital.‚
535 1738 630 1772 quem
654 1733 689 1762 in

110 1783 179 1808 toto
198 1778 260 1808 hoe
287 1779 360 1809 loco
388 1788 572 1819 comparare
596 1779 687 1816 juva—

110 1824 168 1855 bit.
199 1827 246 1855 De
271 1826 436 1857 Selinunte
460 1826 588 1865 copiose
617 1832 690 1865 post

113 1870 239 1903 Cluver.
269 1871 405 1903 Dorvill.
432 1883 464 1913 p.
495 1872 538 1901 60
568 1881 636 1912 sqq.
658 1879 689 1902 et

113 1924 178 1952 420
198 1930 279 1960 sqq„
302 1919 358 1949 ubi
378 1926 409 1950 et
430 1919 532 1949 ruinae
550 1918 689 1948 duorum

111 1966 304 2005 templorum
317 1967 384 2005 ejus
400 1967 490 1997 urbis
503 1966 604 1997 oculis
616 1965 689 1995 sub-

108 2012 198 2048 jecta:
225 2022 309 2044 sunt.
337 2013 432 2044 Datis
455 2013 583 2050 ventis,
616 2020 688 2043 orto

110 2065 217 2090 vento,

159 2107 236 2143 706.
257 2107 350 2136 Vada
373 2108 453 2137 clm-a
479 2107 570 2138 saoeis
592 2107 685 2138 caect's

109 2151 140 2181 h.
164 2164 190 2185 e.
211 2153 392 2184 latentibus.
415 2156 505 2184 Dura
530 2155 592 2195 (ne
611 2154 683 2184 dira

108 2198 285 2240 conjectes)
309 2201 399 2230 vada
419 2200 516 2239 dixit,
535 2201 567 2233 h.
591 2212 618 2232 e.
636 2202 681 2232 10-

745 906 817 925 cum
833 895 986 926 vadosum
1002 897 1103 927 fundo
1119 908 1230 935 sainct),
1247 910 1323 939 quo-

743 943 830 972 niam
847 950 986 973 extrema
1013 944 1147 985 Lilyhaei
1172 955 1322 985 promon-

746 990 820 1018 torii
836 987 937 1032 ἄκρα,
953 991 1046 1031 plana
1061 998 1156 1031 atque
1166 991 1321 1032 depressa,

745 1035 784 1064 ad
800 1037 848 1065 111
864 1047 890 1065 n
904 1046 1053 1077 passuum
1066 1037 1127 1067 sub
1142 1037 1236 1068 undis
1251 1050 1324 1079 pro-

746 1081 898 1119 tenditur,
918 1084 953 1112 iu
974 1084 1069 1113 trium
1089 1085 1215 1114 circiter
1234 1085 1322 1114 cubi-

745 1134 851 1158 torum
868 1129 1068 1160 altitudinem
1085 1137 1174 1161 tecta.
1194 1130 1321 1162 Cluver.

746 1175 794 1210 11,
822 1185 835 1204 1
857 1185 906 1215 pr.

795 1232 872 1260 707.
909 1222 1059 1262 Drepani
1078 1239 1124 1244 ———
1148 1221 1323 1254 illaeeabHis

746 1277 812 1298 ora.
830 1270 917 1309 Ager
932 1270 1166 1309 Drepanitanus
1184 1270 1322 1301 sterilior

746 1321 777 1343 et
791 1314 856 1344 fere
874 1314 1043 1345 arboribus
1062 1322 1092 1345 et
1106 1314 1213 1346 herbis
1226 1316 1321 1347 desti-

745 1366 850 1397 tutus;
863 1361 967 1390 solum
980 1363 1066 1391 enim
1082 1372 1268 1401 arenosum;
1290 1372 1322 1393 ct

745 1414 895 1447 praeterea
913 1408 1030 1438 multos
1047 1409 1082 1438 in
1102 1415 1219 1438 tractus
1241 1421 1320 1450 aqua

745 1455 865 1483 marina
889 1461 1057 1491 exaestuat,
1082 1455 1322 1497 stagnandoque

745 1500 841 1530 salem
854 1501 993 1542 profert;
1015 1507 1045 1531 et
1064 1501 1107 1531 ob
1132 1500 1220 1532 hunc
1238 1505 1321 1533 ruris

743 1547 829 1577 illius
844 1548 1038 1577 moestiorem
1054 1547 1237 1588 adspectum
1253 1560 1321 1580 non

744 1595 868 1631 minus,
900 1605 995 1635 quam
1023 1594 1066 1625 ob
1093 1593 1242 1626 Anchisae
1266 1596 1320 1626 hic

743 1639 890 1670 locorum
919 1642 1022 1672 amissi
1045 1642 1248 1679 memoriam,
1281 1643 1320 1672 ab

744 1688 842 1716 AEnea
878 1689 1093 1728 Drepanitana
1129 1698 1185 1718 ora
1213 1691 1321 1719 vocari

743 1732 918 1763 illaecabilis
933 1734 1071 1765 videtur.
1089 1752 1137 1758 —
1164 1735 1240 1773 708.
1257 1737 1320 1766 Ac-

743 1779 783 1808 tis
801 1790 910 1810 omnes
938 1782 1019 1811 Pier.
1050 1787 1082 1811 et
1110 1791 1222 1822 magna
1249 1793 1321 1823 pars

743 1827 853 1857 Heius.
880 1834 912 1856 et
934 1828 1041 1858 Burm.
1063 1838 1136 1859 cum
1158 1829 1229 1868 ipso
1257 1831 1320 1859 Ro-

742 1883 848 1904 mano.
863 1874 929 1904 Alii
943 1885 1015 1904 cum
1029 1873 1099 1905 edd.
1115 1881 1215 1912 actus,
1236 1877 1320 1905 inter

742 1930 822 1960 quos
859 1927 891 1951 et
921 1920 1085 1952 Mediceus
1122 1921 1315 1952 referendus.

742 1968 859 1996 Actum
879 1969 985 2005 Voss„
1001 1968 1119 1998 scilicet
1130 1969 1316 2009 genitorem.

742 2013 837 2054 Apcis
869 2014 967 2044 Goth.
997 2025 1046 2054 pr.
1080 2015 1152 2045 Jam
1182 2022 1316 2056 tempes-

740 2067 822 2091 tates
849 2069 959 2096 actas,
990 2060 1051 2090 hoc
1078 2067 1140 2097 est,
1169 2061 1220 2091 vel
1248 2062 1317 2102 pul-

738 2118 785 2138 sas
802 2107 851 2138 vel
865 2114 998 2144 exactas,
1015 2107 1094 2144 dici,
1112 2107 1253 2139 dubitari
1265 2119 1317 2139 ne-

736 2155 816 2196 quit.

785 2212 800 2240 7
811 2211 860 2232 12.
879 2202 1072 2242 Comparant
1088 2202 1255 2232 Homerica
1275 2203 1313 2234 Il.
