1402 2460
557 106 680 136 LIBER
703 106 761 134 IV.

1200 106 1262 134 315

65 164 192 209 Quum
209 163 321 213 sugit,
341 162 570 212 ultricesque
585 163 716 200 sedent
732 163 769 199 in
789 161 916 198 limine
934 164 1048 200 Dirae.

115 224 217 272 Ergo
239 221 306 258 ubi
323 221 496 271 concepit
515 221 632 259 furias
649 222 770 259 evicta
791 221 940 267 dolore,

61 281 315 331 Decrevitque
333 281 448 327 mori,
469 289 616 331 tempus
635 294 762 319 secum
776 281 859 331 ipsa
876 281 1107 331 modumque
1213 292 1260 322 πὸ

60 339 204 390 Exigit,
223 349 278 387 et,
298 350 468 378 moestam
486 340 596 378 dictis
615 341 791 391 adgressa
806 353 995 386 sororem,

61 401 268 438 Consilium
287 403 395 439 vultu
413 402 523 452 tegit,
543 415 586 439 ac
605 415 711 453 spem
728 402 852 439 fronte
870 410 1018 438 serenat
1035 417 1044 437 ι

114 480 130 496 α
150 463 302 509 Inveni,
320 476 515 513 germana,
531 463 632 500 viam
643 491 654 510 ,
670 472 818 512 gratare
835 463 978 508 sorori,

61 525 156 570 Quae
174 523 269 560 mihi
288 523 422 561 reddat
441 536 546 572 eum,
564 525 626 562 vel
642 535 687 561 eo
706 536 766 560 me
785 523 907 560 solvat
928 531 1125 560 amantem.

56 647 200 689 undique
218 649 393 680 terroribus
411 651 525 680 mentis
536 673 544 687 ‚
558 660 631 691 par-

56 695 162 724 ricidii
184 696 218 725 in
233 703 365 726 matrem
386 697 545 727 commissi
559 707 632 726 con-

56 742 145 778 sciae,
157 743 309 782 exagitari
324 742 421 773 videt.
433 742 632 784 Tragoediam

55 794 157 828 poetae
183 795 254 817 ante
273 788 383 818 oculos
404 789 500 818 fuisse
519 799 576 828 per
599 799 632 817 se

56 840 152 873 patet,
169 840 199 862 et
215 833 296 864 bene
314 835 442 864 Servius
460 844 468 864 :
483 836 515 863 Α
532 836 632 863 Pacu-

56 879 104 909 vio
121 879 220 920 (puto
238 881 273 909 in
293 879 484 920 Duloreste)
508 880 632 909 Orestes

55 925 224 962 inducitur,
264 925 397 965 Pyladis
433 926 601 956 admonitu
619 950 627 963 ,

49 979 182 1012 propter
195 971 354 1002 ‘vitandas
367 972 489 1010 Furias,
508 973 632 1014 ingres-

53 1029 105 1048 sus
119 1018 274 1059 (Delphis
289 1018 322 1047 id
339 1018 458 1049 factum
471 1018 631 1060 intellige)

53 1064 218 1105 Apollinis
243 1064 418 1105 templum;
446 1065 532 1095 unde
558 1076 630 1105 cnm

53 1111 155 1140 vellet
173 1110 281 1148 exire,
305 1110 516 1141 invadebatur
527 1122 547 1140 a
570 1113 630 1141 Fu-

54 1156 120 1186 riis.
149 1156 234 1186 Hinc
259 1168 333 1199 ergo
362 1164 417 1187 est.
449 1157 565 1187 Sedent
595 1159 630 1187 in

53 1202 164 1232 limine
204 1204 299 1233 Dirae.
340 1205 496 1233 Pacuvius
533 1204 630 1244 igitur

54 1247 162 1288 (quod
185 1256 216 1278 et
243 1250 365 1279 Ennius
388 1250 422 1278 in
446 1249 630 1280 Eumenidi-

52 1293 114 1324 bus
136 1295 225 1332 fecit,
248 1306 279 1325 v.
305 1296 461 1326 Columna
482 1295 521 1325 ad
545 1297 627 1327 Eun.

52 1341 164 1382 fragm.
176 1352 209 1382 p.
227 1340 307 1381 251)
321 1340 465 1382 AEschyli
481 1343 630 1372 Eumeni-

52 1387 126 1424 des,
153 1387 393 1427 quodammodo
413 1388 523 1417 saltem
537 1410 545 1425 ‚
575 1399 629 1418 ex-

51 1440 215 1474 presserat.
232 1435 314 1465 Nam
330 1434 420 1463 aliter
442 1445 511 1464 rem
536 1444 629 1464 orna-

50 1481 113 1517 vit,
128 1479 206 1509 dum
217 1482 361 1511 Orestem
370 1480 529 1510 furentem
542 1480 629 1510 exhi-

50 1525 123 1563 bet,
140 1526 308 1566 Euripides
325 1528 360 1556 in
379 1528 484 1557 Orest.
501 1538 533 1557 v.
560 1527 602 1558 25
608 1528 625 1558 3

50 1583 119 1612 sqq.
136 1572 238 1612 Iphig.
263 1574 298 1602 in
319 1575 414 1603 Taur.
436 1573 502 1603 283
519 1580 550 1603 et
565 1574 604 1604 al.
616 1597 625 1612 ,

50 1618 139 1648 aliter
152 1625 225 1658 post
238 1619 312 1648 istas
325 1619 477 1649 Raciuius
491 1619 552 1648 suh
566 1618 624 1650 fin.

49 1664 294 1695 Andromachae.
320 1665 491 1704 Ceteroqui
506 1666 626 1695 Orestis

49 1712 152 1741 Furiis
173 1710 220 1740 nil
241 1711 339 1750 magis
357 1717 472 1740 notum
495 1711 530 1739 in
549 1711 626 1740 anti-

48 1758 186 1798 quitate,
203 1767 252 1786 res
271 1766 400 1796 quoque
416 1757 511 1786 obvia
528 1758 564 1786 in
576 1766 625 1786 ar-

48 1804 88 1834 tis
107 1803 270 1843 operibus.
291 1803 340 1833 Cf.
360 1812 448 1832 nunc
474 1804 626 1844 Boettiger

48 1849 277 1880 Furienmaslte
293 1848 357 1879 tab.
375 1850 434 1879 ΙΙΙ.
451 1849 559 1878 Verba
573 1859 626 1879 au-

47 1902 112 1926 tem
140 1896 184 1925 sic
210 1894 407 1936 expedienda
424 1905 432 1925 :
451 1902 510 1925 auc
530 1895 625 1925 velue

48 1941 81 1972 in
99 1951 196 1972 scena
222 1942 346 1971 Orestes
361 1940 449 1982 fitrit
470 1952 491 1970 a
521 1941 624 1971 Furiis

48 1987 233 2030 ezagitatus
244 2010 255 2024 ‚
282 1997 353 2016 cum
374 1986 466 2028 fitgic
492 1998 534 2017 m.
562 1994 622 2019 etc.

47 2035 173 2072 —473.
192 2033 268 2063 Cum
278 2033 372 2063 videt
384 2033 526 2064 Parrhas.
544 2034 624 2064 Con-

38 2080 131 2122 fiagit
150 2079 265 2111 Hamb.
285 2090 335 2121 pr.
357 2086 390 2109 et
409 2080 562 2112 Rottend.
579 2080 622 2111 al-

45 2134 103 2158 ter.

93 2177 160 2210 474
176 2189 222 2195 -
238 2177 315 2211 477.
346 2174 511 2213 Exquisita
545 2183 620 2203 cum

43 2225 109 2251 arte
123 2219 214 2250 etiam
229 2218 292 2249 hoc
304 2229 344 2250 ex
357 2219 466 2251 indole
481 2230 517 2251 ac
530 2230 619 2251 more

685 649 852 679 hominum
869 671 876 686 ,
907 650 962 689 qui
992 656 1132 679 extrema
1157 651 1261 679 animo

686 696 818 736 agitant,
840 702 875 725 ut
897 695 1066 724 consilium
1085 705 1180 725 suum
1202 696 1264 725 dis-

685 741 847 770 simulent.
864 740 976 769 Evicca
987 763 995 775 ,
1015 748 1051 770 ut
1065 748 1157 781 poeta
1169 764 1177 778 ‚
1203 753 1262 782 pro

686 786 822 826 simplici
837 785 929 815 victa
944 785 1046 823 dixit3
1064 787 1168 827 exigit
1181 787 1264 817 bene

685 842 745 872 pro
762 832 939 868 constituit,
953 831 1040 871 quod
1053 830 1091 861 fit
1106 843 1140 862 re
1155 841 1264 863 exacta

686 889 722 908 ac
737 877 919 908 deliberata.
945 879 1040 918 Spem
1049 877 1164 918 fronte
1181 890 1264 909 sere-

685 932 759 960 nat,
787 925 976 965 exquisitius
1000 935 1095 965 quam
1124 925 1263 956 frontem

685 977 826 1007 serenat,
856 978 887 1000 et
916 969 1070 1011 explicat,
1100 982 1155 1012 spe
1180 982 1263 1002 nova

686 1028 721 1047 ac
738 1017 869 1046 meliore
885 1024 1038 1057 concepta
1050 1017 1102 1047 vel
1115 1025 1239 1048 ostensa
1253 1031 1261 1057 ;

683 1062 746 1093 hoc
761 1063 948 1092 transfertur
972 1063 1010 1092 ad
1030 1064 1132 1104 ipsam
1149 1075 1237 1105 spem
1253 1089 1262 1101 ‚

685 1120 756 1150 quae
770 1111 912 1139 serenior
935 1116 967 1139 et
988 1109 1092 1139 laetior
1109 1110 1261 1152 affulgere

683 1162 806 1196 potest3
822 1155 963 1196 adeoque
979 1156 1064 1185 Dido
1080 1167 1168 1197 spem
1183 1167 1263 1187 sere-

683 1209 758 1239 nat,
778 1203 967 1232 sereniorem
984 1212 1019 1231 ae
1036 1202 1190 1232 laetiorem
1213 1214 1262 1233 os-

684 1248 788 1277 tendit
804 1248 898 1277 vultu
913 1258 921 1278 ε
941 1255 977 1278 ut
998 1259 1086 1288 spem
1108 1249 1203 1279 vultu
1220 1251 1260 1279 si-

683 1294 801 1329 mulac,
828 1294 885 1324 lib.
904 1296 935 1331 Ι,
962 1305 1040 1334 209.
1060 1296 1196 1335 Propius
1222 1297 1261 1326 ad

682 1340 847 1380 vulgarem
872 1339 1005 1370 modum
1036 1341 1130 1372 Silius
1159 1342 1261 1371 tristia

673 1384 788 1427 fronte
815 1394 946 1416 serenat
972 1388 1039 1424 XI,
1067 1387 1145 1426 369.
1163 1389 1260 1428 Spem

676 1431 789 1472 fronte
805 1443 960 1462 serenans
975 1444 1016 1463 ex
1029 1433 1165 1474 Virgilio
1180 1445 1259 1464 sum-

681 1479 723 1508 sit
735 1480 914 1510 Nemesian.
931 1480 997 1510 Ecl.
1013 1481 1070 1516 IV,
1090 1490 1142 1518 17.

730 1525 794 1563 478
830 1536 900 1566 sqq.
941 1525 1074 1557 Simulat
1110 1525 1196 1556 Dido
1226 1538 1257 1557 se

679 1581 791 1610 parare
823 1582 944 1601 sacrum
978 1573 1136 1613 magicum
1154 1595 1162 1609 ‚
1193 1583 1258 1613 quo

681 1623 736 1645 aut
757 1619 869 1647 AEneas
890 1619 1008 1646 iterum
1035 1620 1135 1648 amori
1156 1619 1259 1659 illige-

680 1668 749 1698 tur,
766 1669 820 1691 aut
835 1663 901 1702 ipsa
916 1673 1023 1692 amore
1035 1664 1186 1694 solvatur.
1204 1667 1260 1695 Est

679 1706 757 1737 adeo
787 1718 931 1745 sacrum,
960 1709 1054 1748 quale
1080 1710 1115 1738 iu
1141 1710 1258 1752 Ecloga

678 1755 759 1783 VIII
775 1754 925 1784 vidimus.
943 1756 982 1783 Iu
998 1761 1067 1785 toto
1081 1755 1144 1785 hoc
1168 1767 1256 1787 com-

678 1806 788 1830 mento
815 1807 879 1830 tam
908 1811 1040 1841 operose
1072 1801 1257 1833 adornando

679 1852 710 1875 et
724 1846 912 1876 instruendo
933 1846 1002 1876 haec
1018 1849 1192 1888 respexisse
1213 1852 1257 1880 vi-

677 1892 745 1921 deri
772 1891 866 1922 debet
894 1892 1002 1930 Dido,
1034 1900 1070 1923 ut
1098 1894 1254 1926 sacrificio

676 1949 791 1968 arcano
810 1939 953 1979 parando
964 1962 973 1976 ,
991 1950 1056 1980 quo
1071 1940 1196 1971 arbitris
1208 1953 1252 1973 re-

677 1986 771 2015 motis
783 1985 849 2015 sola
859 1993 1055 2026 operaretur,
1070 1986 1108 2016 ad
1117 1995 1253 2020 mortem

675 2032 738 2061 sibi
752 2032 947 2062 inferendam
963 2035 1250 2074 opportunitatem,

675 2078 837 2108 silentium
858 2085 890 2109 et
912 2079 1135 2118 solitudinem,
1153 2080 1250 2112 habe-

674 2132 732 2155 ret.
748 2124 810 2156 Sed
831 2132 862 2156 et
879 2125 960 2156 illud
979 2125 1119 2157 furorem
1137 2128 1250 2159 misere

673 2172 805 2201 amantis
830 2173 951 2214 arguit,
971 2172 1058 2213 quod
1075 2180 1176 2204 vestes
1196 2178 1248 2206 AE-

673 2228 741 2249 neae
756 2226 786 2249 et
800 2225 908 2250 torum
925 2219 1123 2262 conjugalem
1141 2231 1248 2252 secum
