1433 2460
123 109 183 139 ¹32
622 108 815 138 AENEmos

122 166 223 202 Iliaci
244 165 407 209 cinci-os,
428 172 464 199 01
481 162 630 201 flamma
651 175 818 202 extrema
839 167 1027 201 meorum!

119 228 253 262 Testor
273 227 307 262 iu
330 238 465 262 occasu
483 235 628 272 vestro,
649 240 718 262 nec
740 226 826 272 nula,
847 240 914 262 nec
936 226 1028 262 ullas

121 286 306 322 vitm-isso
326 285 426 322 vices
443 287 634 332 Dauaum3
652 295 707 332 et,
729 287 758 322 si
778 287 849 322 sata
870 287 1024 322 fuissent

121 349 171 384 Ut
189 347 359 384 caderem
371 375 380 392 ,
402 347 583 383 meruisse
599 360 724 383 manu.
743 347 968 383 Divellimur
986 345 1071 383 inde
1088 360 1096 381 :

123 408 270 456 Iphitus
291 416 327 444 et
345 408 463 444 Pelias
482 420 629 444 mecum
646 434 656 453 ,
677 420 839 456 quorum
860 408 1008 458 Iphitus
1027 419 1108 444 aevo
1268 413 1317 442 ⁴3⁵

121 470 203 504 Jam
222 468 393 518 gravior,
414 468 532 505 Pelias
550 476 587 504 et
608 468 762 504 volnere
783 467 914 504 tardus
933 468 1035 504 Ulixi
1055 481 1062 502 :

121 610 230 641 cadere
248 622 315 641 nou
334 611 512 648 debuisset,
533 611 695 642 communi

120 658 288 688 homiuum
301 659 424 696 judicio
437 669 445 696 ;
460 658 512 687 sed
527 658 587 687 diis
601 659 699 689 aliter

121 705 246 741 visum,
263 704 302 734 de
319 706 435 734 caussis
453 712 483 735 et
499 706 694 743 rationibus,

121 762 193 792 quae
209 762 266 780 nos
279 751 423 781 homiues
438 752 546 782 latent.
562 753 697 792 Copiosc

122 797 161 827 de
176 798 208 827 h.
223 798 315 838 Lagit
325 800 433 828 Burni.
448 798 589 828 Laudant
603 800 695 828 etiam

123 845 329 874 Homericum
353 845 468 885 Odyss.
491 855 532 884 α,
550 846 616 881 234
632 848 694 876 Νῦν

124 887 153 920 δ’
169 889 278 932 ἑτέρως
293 888 440 921 &Cim-no
457 889 519 922 θεοὶ
535 889 622 922 κακὰ
638 903 695 935 μη-

126 947 278 971 τιεωντες.

172 984 212 1019 43
223 985 364 1019 1-434,
379 986 507 1024 Quanto
517 995 591 1015 cum
605 985 695 1015 affec-

125 1038 171 1067 tu,
179 1032 300 1071 egregia
309 1032 460 1060 orationis
469 1030 653 1068 inflexione,
661 1043 694 1061 se

124 1076 316 1106 incolumem
328 1077 438 1106 abiisse
449 1079 570 1107 narrat!
589 1078 629 1108 cf.
641 1080 694 1110 Se-

124 1133 212 1153 necae
227 1123 342 1153 Troad.
363 1124 403 1152 28
423 1135 491 1164 sqq.
516 1127 622 1155 Potest
638 1124 696 1155 du-

123 1169 236 1207 bitari,
254 1170 347 1199 Iliaci
366 1170 488 1200 cineres
511 1178 541 1200 et
548 1171 697 1213 stamma

122 1224 269 1246 extrema
284 1227 425 1246 meorum
439 1218 543 1247 sintne
553 1217 592 1247 de
606 1229 696 1259 rogo,

121 1273 163 1292 an
180 1262 219 1292 de
233 1263 382 1293 incendjo
396 1264 485 1293 urbis
503 1265 694 1305 accipienda.

122 1308 220 1339 Iliaci
240 1309 381 1346 cineres,
397 1321 437 1340 ex
459 1311 610 1351 loquendi
635 1323 696 1343 usu

122 1355 162 1385 ad
178 1356 274 1385 Ilium
294 1356 328 1385 in
343 1357 462 1386 cineres
487 1368 613 1387 versum
634 1359 694 1389 du-

123 1409 219 1438 cunt;
242 1409 331 1432 tum:
349 1410 379 1432 et
395 1415 469 1440 vos,
487 1415 505 1432 ο
524 1403 602 1442 mei,
621 1407 692 1445 qui-

121 1448 182 1478 hus
206 1449 393 1479 incendium
420 1451 508 1480 urbis
539 1462 597 1492 pro
619 1463 696 1493 rogo

122 1495 193 1525 fuit.
219 1497 259 1525 ln
281 1506 394 1525 occasu
416 1505 540 1533 vestro,
563 1509 633 1539 sup.
660 1501 694 1537 Ι,

123 1541 188 1570 238
224 1553 369 1572 occasum
409 1545 437 1572 T
435 1543 513 1584 rojae
539 1544 697 1585 tristisque

120 1589 238 1619 ruinas.
250 1589 304 1618 Est
314 1596 418 1618 tamen
427 1591 498 1619 usui
512 1593 608 1631 magis
621 1602 697 1621 con-

120 1641 306 1664 sentaneum
318 1658 326 1671 ‚
326 1636 413 1678 flam
419 1647 503 1665 mam
515 1645 694 1667 extremam

121 1690 260 1710 meorum
281 1681 320 1711 de
342 1693 420 1723 rogo
446 1690 476 1712 et
493 1683 619 1721 funere,
638 1695 694 1714 seu

120 1734 239 1765 morte,
257 1729 398 1768 accipere
410 1740 418 1765 ;
430 1736 475 1758 est
490 1740 619 1770 quoque
631 1730 695 1760 sol-

120 1773 234 1811 lenne,
249 1774 359 1815 jurare
375 1782 405 1804 et
415 1775 567 1805 obtestari
578 1787 641 1816 per
651 1775 694 1805 ci-

121 1830 226 1856 neres,
243 1831 354 1861 rogum
364 1843 372 1857 ,
382 1821 559 1864 flammam
573 1845 581 1858 ,
598 1822 696 1852 caris—

119 1865 429 1897 simorum.Testatur
438 1869 533 1909 igitur
543 1868 638 1898 funus
645 1880 695 1909 pa-

121 1913 189 1942 triae
205 1919 237 1942 et
254 1914 365 1943 funera
383 1925 525 1944 suorum.
538 1916 694 1955 Argutius

122 1959 207 1988 enim
219 1969 314 2000 quam
321 1970 377 2001 par
390 1967 435 1989 est
450 1961 541 1997 foret,
549 1961 698 2002 jungere:

122 2004 243 2035 cineres
259 2007 438 2049 ecflamma
457 2018 616 2044 meorum,
630 2009 695 2048 epi-

123 2051 209 2081 theto
235 2051 355 2089 adjecto
382 2053 496 2091 Iliaci,
521 2055 595 2094 quja
616 2056 695 2084 Tro-

120 2098 186 2134 jani
209 2106 298 2128 erant
319 2107 373 2129 aut
394 2110 466 2129 cum
483 2101 578 2138 Troja
599 2110 694 2130 occu-

123 2143 269 2173 buerant.
297 2145 387 2175 Vices
409 2147 545 2176 fortunae
557 2169 565 2184 ,
583 2157 690 2183 casm,

123 2196 154 2219 et
166 2189 292 2230 quidem
305 2190 337 2221 h.
359 2191 380 2221 l.
396 2203 510 2233 pugnae
525 2203 533 2223 :
551 2203 622 2233 quae
633 2216 641 2230 ,
656 2199 693 2223 ut

123 2235 278 2274 vidimus,
302 2237 396 2268 modo
419 2239 574 2277 secunda,
594 2238 690 2270 modo

750 609 878 640 adversa
903 611 1014 641 suerat.
1040 613 1138 642 Recte
1156 610 1235 641 adeo
1253 613 1321 642 Ser-

750 659 821 687 vius
840 659 972 687 omnino
998 668 1054 697 per
1072 668 1203 698 pugnas
1227 659 1322 686 inter-

751 711 903 744 pretatur.
917 706 1019 733 Μαηιι
1035 704 1184 735 meruisse
1198 714 1322 745 pugna,

751 752 879 787 virtute,
893 758 1004 791 strage,
1016 762 1109 791 quam
1124 752 1206 780 iuter
1218 749 1324 780 hostes

752 797 874 827 edebat.
896 800 940 827 Ita
965 800 1051 827 Serv.
1076 798 1117 826 Id
1134 804 1180 826 est
1192 795 1326 837 fhrtiter

749 844 937 879 dimi‹,·asse;
954 843 987 872 hi
1000 844 1086 874 enim
1102 850 1263 873 merentur
1277 853 1324 872 oc-

748 890 822 921 cidi.
841 892 966 921 Centies
993 897 1100 922 autem
1123 899 1238 920 manus
1264 899 1325 930 pro

742 948 868 977 pugna.
888 940 1045 978 Pompon.
1060 950 1077 963 α
1095 934 1262 973 meruisse,
1278 935 1325 966 di-

749 985 897 1021 micasse3
916 983 1000 1013 idem
1025 989 1072 1014 est
1092 992 1227 1018 merere,
1245 993 1323 1023 pug-

747 1041 840 1067 nare,
864 1030 1024 1060 dimicare.
1045 1045 1060 1056 υ
1083 1029 1236 1069 Respexit
1254 1030 1321 1059 scil.

748 1076 914 1116 stipendia.
935 1079 1080 1107 Junxere
1101 1077 1156 1106 alii
1173 1086 1272 1105 manu
1291 1083 1326 1105 ut

749 1123 907 1153 caderem.
935 1125 983 1153 Ita
1011 1124 1070 1152 erit
1092 1124 1322 1162 interpungen-

750 1168 827 1198 dum
843 1179 850 1200 :
870 1169 1022 1199 'vitavisse
1039 1169 1150 1205 vices,·
1168 1169 1323 1198 Danaum

751 1224 792 1252 et,
802 1233 848 1239 ———
859 1224 892 1246 ut
904 1216 1070 1252 caderem,
1086 1214 1244 1250 meruisse,
1259 1226 1325 1244 ma-

750 1273 802 1292 ιιιι.
817 1262 971 1304 8ῐ]ὶιηι]ἶ
987 1263 1026 1292 cf.
1043 1273 1114 1303 sup.
1132 1263 1234 1298 54.—-
1246 1262 1323 1298 433.

749 1310 868 1339 Mamas
895 1321 954 1350 pro
979 1309 1068 1338 vices
1086 1320 1134 1349 pr.
1152 1308 1267 1339 Hamh.
1290 1307 1326 1337 Si

737 1356 818 1397 fizta
840 1356 1001 1386 dedissent
1021 1355 1108 1385 Leid.
1129 1362 1199 1385 tert.
1228 1354 1325 1385 Talis-

747 1410 818 1432 sent
844 1404 946 1444 Bigot.
970 1409 1000 1432 et
1027 1401 1149 1432 ZuJich.
1169 1411 1232 1442 pror
1256 1411 1324 1431 var.

750 1449 822 1479 lect.
833 1472 841 1486 ‚
861 1449 949 1489 quod
967 1459 1078 1478 verum
1093 1454 1184 1488 putat
1197 1449 1304 1478 Burm.
1315 1470 1324 1484 ‚

750 1497 902 1536 quoniam
929 1497 1057 1536 proprie
1078 1496 1120 1525 ita
1144 1494 1208 1524 dici
1232 1494 1324 1524 solet.

749 1544 796 1571 Ita
821 1553 897 1571 vero
919 1542 999 1582 quid
1014 1542 1108 1571 facias
1125 1551 1196 1581 sup.
1220 1552 1251 1571 v.
1280 1541 1322 1576 54

750 1588 862 1629 sisata
882 1588 992 1623 deum,
1012 1588 1041 1617 si
1056 1598 1145 1617 mens
1161 1598 1226 1616 ηοη
1241 1586 1322 1616 Ioeva

739 1634 922 1676 fitisset.--
934 1634 1010 1670 436.
1032 1634 1114 1664 Gell.
1130 1635 1197 1670 IX,
1217 1632 1324 1663 lauda-

749 1688 781 1711 to
806 1681 898 1711 loco:
920 1691 1015 1721 quum
1044 1680 1163 1710 diceret
1181 1679 1319 1716 vulnus,

749 1737 814 1757 non
831 1728 919 1768 quod
929 1726 1102 1767 accepisset
1116 1726 1236 1765 Ulyxes
1244 1748 1254 1762 ‚
1267 1726 1326 1756 sed

749 1774 837 1814 quod
859 1773 1006 1803 dedisset.
1030 1775 1112 1804 Sunt
1141 1779 1247 1802 autem
1268 1771 1321 1802 hic

749 1819 871 1860 Iphitus
895 1825 927 1849 et
953 1819 1062 1849 Pelias
1081 1818 1199 1849 diversi
1220 1818 1260 1848 ab
1283 1820 1322 1849 iis

749 1877 830 1907 quos
856 1868 1014 1896 Homerus
1036 1871 1201 1895 memorat.
1221 1866 1319 1906 Jung.

747 1911 869 1952 Iphitus
880 1920 911 1942 et
920 1912 1029 1942 Pelias
1040 1910 1162 1942 vocati.
1173 1912 1321 1941 —Pelia

748 1966 780 1988 ec
803 1969 838 1989 v.
855 1959 962 1990 Barth.
980 1958 1083 1989 codex
1108 1956 1149 1987 ad
1174 1959 1249 1988 Stat.
1272 1959 1320 1988 x1

747 2005 849 2037 Theb.
869 2007 885 2036 3
895 2017 945 2036 10.
957 2006 1002 2034 Ec
1015 2004 1102 2034 abest
1116 2004 1209 2033 etiam
1223 2014 1240 2033 a
1250 2006 1322 2035 Par-

747 2051 850 2090 rhas.;
875 2054 983 2082 Burm.
1007 2051 1122 2088 conjic.
1148 2049 1258 2080 Pelias
1277 2061 1321 2080 ex

745 2099 881 2128 vulnere
894 2106 915 2128 t.
929 2100 965 2128 U.
983 2096 1073 2128 Ulixi
1081 2097 1190 2126 Heius.
1203 2107 1220 2127 e
1229 2096 1320 2127 libris

745 2146 924 2184 potioribus
936 2167 945 2182 ,
967 2150 1003 2174 ut
1018 2150 1048 2173 et
1064 2153 1247 2184 expressum
1266 2153 1316 2185 ap.

745 2191 827 2221 Gell.
843 2193 889 2222 D<
904 2213 912 2228 ‚
936 2201 988 2220 12.
1004 2190 1112 2232 Vulgo
1131 2190 1253 2228 Ulyssi,·
1267 2191 1323 2222 alii

746 2237 868 2276 Ulixis,
887 2236 1013 2275 Ulixei,
1032 2248 1064 2269 v.
1080 2237 1325 2269 Heins.versus.
