1402 2460
531 159 589 188 ΑΙ)
616 160 778 190 LIBRUM
804 160 862 189 111.
1228 160 1293 198 379

92 215 249 245 Phoebum
275 217 309 246 in
326 216 407 246 Delo
430 217 596 246 consulere
614 218 750 255 vellent,
779 220 909 248 AEneam
933 228 988 258 per
1011 227 1158 247 somnum
1179 216 1296 247 docent

91 271 240 307 Penates,
260 280 326 300 non
346 271 490 308 Cretam,
510 271 563 300 sed
592 272 711 301 Italiam
733 272 840 301 sedem
866 282 882 300 a
909 271 978 301 fatis
998 270 1156 301 destinari.
1184 273 1294 311 Itaque

91 326 199 364 paucis
220 327 255 354 in
280 325 404 356 colonia
426 326 561 363 relictis,
578 327 695 356 iterum
718 337 812 357 naves
829 326 1066 364 conscendunt,
1083 328 1148 364 111,
1170 327 1229 364 137
1246 345 1292 350 —

100 389 110 407 1
119 388 138 418 9
149 388 159 408 ι
167 403 173 408 .

138 447 248 476 Evecti
266 448 300 476 iu
323 448 419 477 altum
443 449 530 489 gravi
554 455 736 489 tempestate
759 449 1002 489 opprimuntur,
1025 456 1063 479 ut
1077 447 1291 490 procellosum

92 505 125 532 iu
142 501 191 532 his
205 502 304 543 plagis
317 513 402 532 mare
419 513 483 532 esse
501 503 592 533 solet.
616 506 739 544 Quarto
761 503 811 532 die
828 502 866 533 ad
891 502 1099 545 Strophades,
1116 512 1188 543 quae
1209 502 1294 532 Ionii

92 557 184 586 maris
203 557 314 586 iusutae
337 556 525 587 occidentali
541 558 752 599 Peloponnesi
769 558 857 588 litori
880 558 1022 588 obversae
1044 563 1134 594 suut,
1151 556 1292 597 appulsi,

92 622 166 640 cum
192 611 231 640 ab
250 613 399 653 Harpyiis
414 619 624 649 vexarentur,
648 619 778 653 accepto
801 624 817 643 a
836 613 962 645 Celaeno
987 613 1157 649 vaticinio,
1174 612 1291 641 iterum

43 662 45 664 ’
91 664 167 694 hinc
181 666 328 703 solvunt,
348 667 410 704 111,
433 677 493 706 192
519 684 563 689 —-
581 668 643 705 267
663 674 694 697 et
709 667 782 697 alias
801 667 897 706 hujus
913 668 1007 696 maris
1022 666 1140 696 insulas
1163 670 1293 706 praeter-

92 720 175 749 vecti
195 720 327 750 Actium
351 722 385 750 in
401 722 474 750 sinu
497 721 671 751 Ambracio
694 722 897 762 perveniunt.
923 722 984 751 Hic
1004 721 1151 750 lustratio
1167 726 1198 749 et
1225 718 1293 748 ludi

92 772 211 810 habiti,
228 775 297 811 111,
322 774 386 804 268
409 792 455 797 —
477 775 553 806 283.
574 777 703 805 Interea
724 786 876 817 magnum
896 775 952 805 Sol
966 772 1218 804 circumvolvitur
1235 782 1293 801 an-

96 836 186 863 num,
203 828 247 856 Et
258 827 410 868 glacialis
429 828 529 858 hiems
547 829 749 870 aquilonibus
764 836 895 869 asperat
906 829 1011 858 undas
1022 840 1053 858 v.
1072 829 1150 863 284,
1168 826 1245 857 285.

234 943 260 961 a.
278 933 312 963 C.
328 936 367 964 N.
510 944 526 963 a
542 936 636 974 Troja
653 942 743 976 capta
883 935 1038 965 Errorum
1050 936 1156 964 AEueae

263 996 273 1014 1
286 996 298 1015 1
307 997 348 1026 '79
584 999 611 1019 a.
629 990 647 1018 5
975 998 1003 1017 a.
1019 988 1039 1016 6

144 1084 311 1112 Transacta
337 1082 421 1123 apud
439 1083 570 1113 Actium
587 1082 708 1120 hieme,
728 1084 816 1124 Epiri
836 1084 930 1113 litore
944 1083 1028 1113 lecto
1045 1082 1082 1112 ad
1102 1082 1294 1113 Buthrotum

97 1136 288 1173 escendunt,
313 1136 371 1166 nbi
392 1143 506 1176 praeter
533 1147 659 1166 omnem
683 1137 952 1177 exspectationem
977 1137 1012 1166 in
1039 1136 1197 1166 Helenum
1222 1145 1295 1164 cum

98 1189 322 1219 Andromache
343 1190 500 1220 incidunt.
518 1191 730 1231 Aliquantum
747 1192 898 1232 temporis
915 1202 987 1221 cum
1002 1191 1078 1231 ipsis
1093 1190 1295 1226 commorati,

98 1251 228 1285 accepto
243 1255 328 1275 novo
345 1244 384 1275 ab
401 1246 525 1276 Heleno
542 1247 709 1283 vaticinio,
730 1247 846 1276 iterum
861 1247 995 1276 navibus
1011 1247 1043 1275 in
1059 1245 1160 1276 altum
1178 1244 1295 1274 deduc-

99 1299 136 1328 tis
153 1299 240 1339 (111,
259 1300 324 1329 286
336 1318 384 1323 -—
400 1301 489 1342 505)
504 1309 618 1341 praeter
633 1309 757 1331 montes
771 1302 943 1332 Ceraunios
956 1300 1196 1341 provehuntur,
1213 1309 1298 1329 cum-

97 1364 158 1393 que
175 1364 231 1393 per
245 1361 372 1385 noctem
385 1355 515 1386 litorum
528 1362 596 1385 tuta
609 1356 793 1393 subiissent,
809 1356 907 1386 altero
921 1365 1013 1385 mane
1032 1354 1154 1384 Italiam
1170 1354 1297 1395 conspi-

98 1410 202 1445 ciunt,
225 1409 289 1438 506
307 1426 353 1432 -—-
370 1410 447 1449 529.

144 1477 290 1514 Trnjectu
314 1477 395 1508 facto
413 1485 542 1518 portum
558 1479 691 1508 Veneris
713 1477 820 1518 paullo
843 1488 938 1518 supra
953 1477 1210 1518 promontorium
1233 1476 1298 1507 Sal-

98 1530 257 1561 lentinum
270 1531 319 1560 vel
338 1532 506 1572 Iapygiam
522 1531 642 1562 dictum
656 1532 812 1569 subeunt,
830 1538 860 1561 et
879 1531 998 1562 Palladi
1012 1532 1032 1561 J
1035 1531 1200 1570 unonique
1214 1540 1299 1559 sacra

101 1585 239 1622 faciunt,
257 1586 322 1615 530
335 1603 382 1608 --
397 1586 473 1621 548.

146 1653 226 1683 Mox
253 1654 359 1682 sinum
373 1654 597 1690 Tarentinum,
627 1664 716 1683 oram
741 1653 958 1689 Bruttiorum,
983 1659 1014 1682 et
1042 1652 1156 1683 Siciliae
1182 1651 1300 1682 fretum

99 1707 297 1747 praetervecti
319 1708 353 1736 in
376 1696 554 1748 Cyclopum
580 1707 673 1736 litore
694 1707 910 1736 escensionem
937 1707 1073 1743 faciunt;
1095 1704 1149 1735 sed
1174 1711 1300 1745 recepto

99 1759 340 1797 Achemaenjde,
365 1761 421 1801 qui
440 1760 479 1790 ab
504 1761 617 1801 Ulysse
629 1760 759 1790 relictus
781 1759 885 1788 fuerat
907 1758 1060 1799 (Ulysses
1075 1759 1172 1799 igitur
1188 1758 1296 1798 paullo

99 1822 187 1853 ante,
215 1822 246 1845 et
260 1815 405 1855 quidem,
428 1814 516 1854 quod
539 1821 640 1855 poetae
656 1820 771 1854 prat-ter
785 1814 917 1844 Homeri
936 1812 1033 1843 fidem
1054 1822 1174 1853 ponere
1190 1812 1299 1851 licuit,

101 1876 172 1899 aute
189 1875 250 1898 tres
272 1879 394 1899 menses
406 1880 437 1899 v.
455 1870 520 1905 ΙΙΙ,
536 1868 602 1903 645
620 1869 655 1898 in
669 1868 718 1897 his
735 1867 885 1898 litoribus
901 1864 1094 1907 erraverat),
1110 1865 1300 1908 Polyphemi

101 1929 188 1952 metu
203 1922 331 1951 classem
344 1923 461 1952 iterum
477 1921 670 1962 expediunt,
687 1928 718 1951 et
737 1921 814 1951 litus
827 1920 940 1951 Siciliae
956 1919 1108 1951 orientale
1121 1927 1152 1949 et
1167 1919 1301 1950 australe

92 1978 299 2018 -praetervecti
325 1978 359 2006 iu
385 1976 572 2007 occidentali
596 1976 689 2006 litore
715 1986 810 2016 supra
836 1975 1015 2017 Lilybaeum
1041 1975 1300 2016 promontorium

102 2032 243 2071 Drepani
257 2037 387 2071 portum
405 2030 444 2060 ad
470 2032 606 2071 Erycem
631 2031 760 2060 intrant.
785 2031 846 2060 Hic
869 2029 946 2059 dum
972 2040 989 2059 a
1011 2029 1115 2070 longis
1139 2028 1300 2058 erroribus

104 2092 246 2115 recreant
259 2096 291 2115 se
302 2108 310 2123 ,
324 2085 385 2115 sub
398 2086 510 2115 aestatis
523 2086 645 2115 exitum
659 2084 710 2127 (cf.
727 2095 776 2116 an.
792 2082 882 2125 seq.)‚
897 2083 1052 2114 Anchises
1067 2083 1219 2120 moritur,
1235 2082 1298 2118 111,

108 2141 229 2180 549-
246 2145 321 2178 714.
342 2138 392 2181 (1)

150 2225 200 2267 (1)
222 2227 259 2256 In
276 2226 484 2266 temporibus,
502 2236 572 2267 quae
586 2236 674 2256 nunc
727 2223 947 2255 difficultatem
968 2224 1078 2264 injecit
1098 2225 1165 2265 ipse
1186 2230 1278 2264 poeta
1290 2247 1298 2260 ,

104 2272 297 2310 succedunt,
324 2271 506 2303 ordinandis
530 2283 675 2314 magnam
727 2273 782 2314 qui
797 2271 969 2305 discessum
991 2282 1008 2303 e
1023 2271 1128 2302 Sicilia
1147 2277 1178 2300 et
1195 2279 1298 2300 acces-
