1433 2460
161 166 218 186 10'2

658 155 849 186 AENEIDOS

156 214 278 257 Ati-m
295 209 507 259 dependent
529 209 654 259 lychni
673 212 913 262 laquearibus
931 214 1053 250 aurcis

155 273 298 311 lucensi
310 300 319 316 ‚
337 279 372 307 vt
388 279 538 308 noctem
553 271 711 310 flaminis
736 274 876 311 funalia
894 274 1066 310 vincunt.

156 334 226 370 llic
248 331 375 381 regina
394 343 547 381 gravem
567 333 722 382 gemmis
739 347 909 384 auroque
927 334 1118 385 poposcit,

156 392 404 442 Iniplcvitqnc
423 405 527 429 mero
545 403 713 443 pateram
732 423 741 439 ‚
765 408 877 445 quam
898 396 1027 440 Belus,
1049 403 1086 431 ct
1109 406 1238 430 onmes

160 459 188 490 A
205 454 294 490 Belo
315 453 426 489 soliti.
442 455 539 489 Tum
562 453 658 490 sacta
679 454 826 491 silentia
844 456 950 492 tectis
969 470 976 491 :
1311 462 1357 494 73⁰

158 535 170 545 Ἰι
191 514 385 563 Juppiter‚
402 513 618 564 hospitibus
634 528 719 552 nam
742 523 776 551 tc
794 515 884 551 darc
898 516 985 565 jura
1002 516 1228 564 loquuntur,

158 576 267 610 Hunc
287 574 412 611 laetum
428 574 628 623 Tyriisque
645 575 744 611 (lieni
761 577 950 625 Trojaquc
968 575 1144 625 prosectis
1157 603 1167 621 ‚

158 636 246 670 Esse
264 634 375 680 velis,
392 643 617 684 nostrosque
636 635 749 685 hujus
766 635 980 672 meminisse
1000 635 1175 671 minores.

161 693 267 731 Adsit
283 694 421 731 laetitiae
441 694 609 732 Bacchus
627 695 757 741 dator,
780 704 815 731 et
833 694 932 731 bona
950 697 1061 731 Junn.

159 855 264 894 plicet.
276 854 358 884 Mihi
372 854 499 895 quidem
511 855 604 883 nimis
618 855 650 883 in
666 864 730 883 nia-

156 902 206 938 jus
235 911 301 930 rem
320 901 400 930 ferre
428 900 570 935 videtur,
594 911 667 930 cuni
694 900 732 930 dc

157 948 291 987 strepitu
301 970 309 984 ,
323 947 525 977 sermonibus
543 953 573 976 et
589 947 735 976 clamori-

159 993 219 1023 bus
233 995 316 1023 inter
332 995 403 1023 vina
413 1001 534 1034 agatur.
549 993 735 1034 Scythicum

162 1041 254 1076 foret,
265 1041 291 1069 si
304 1039 450 1079 strepitus
468 1039 514 1068 ad
525 1046 608 1068 lecca
627 1038 669 1075 ic,
687 1046 737 1076 ut,

161 1086 286 1115 clamor
307 1087 386 1115 coelo
410 1086 442 1116 it.
460 1086 563 1115 Aliter
580 1085 662 1114 infra
678 1086 735 1122 IV,

161 1132 247 1162 666:
264 1132 400 1162 Didonis
426 1139 528 1162 morte
552 1133 696 1172 cognita,
714 1131 739 1160 ic

160 1179 286 1208 clamor
305 1179 351 1208 ad
368 1179 438 1209 alca
458 1179 564 1209 Acria.
582 1195 627 1201 —-
647 1178 738 1209 Com-

162 1232 273 1265 parant
303 1225 382 1255 illud
398 1235 406 1256 ε
421 1227 598 1268 Μνηστῆρες
621 1221 738 1266 δ’ὁμοί-

162 1268 259 1303 Smw
277 1269 336 1299 ἀνὰ
351 1271 480 1313 μέγαρα
496 1269 639 1300 σκιόεντα.
650 1294 658 1307 ,
672 1270 735 1301 Od.

164 1328 203 1353 α,
224 1317 288 1346 365
315 1323 346 1345 et
363 1316 439 1346 alibi
465 1318 646 1356 repetitum.
663 1318 738 1346 Lec-

162 1365 289 1393 tissimis
319 1362 424 1391 verbis
454 1373 528 1391 usus
544 1370 589 1392 est
612 1369 736 1399 noster,

161 1409 307 1450 inprimis
325 1409 359 1438 in
372 1408 526 1438 volutant
537 1419 548 1438 .·
561 1409 739 1449 loquuntur

164 1466 236 1495 quae
265 1455 369 1485 audiri
397 1462 525 1495 possent
555 1466 612 1496 per
634 1462 737 1485 totuin

163 1502 376 1532 coenaculum.
397 1519 442 1523 ——
464 1502 540 1539 726.
573 1501 733 1541 L7·cl{7*tzi,

162 1547 286 1584 liclzini,
301 1548 513 1578 aberrationes
532 1548 618 1588 apud
627 1550 735 1578 Burin.

163 1595 315 1624 Praeclare
343 1596 514 1625 Serviana:
538 1596 652 1624 Graeco
675 1605 738 1623 ser—

166 1651 260 1671 mone
284 1652 358 1671 usus
384 1648 448 1677 est,
472 1651 512 1670 ne
536 1641 597 1670 vile
620 1640 737 1681 aliquid

163 1688 366 1725 introferret3
386 1698 459 1717 uam
482 1687 665 1717 offendisset
692 1687 738 1717 Iu-

164 1745 272 1764 certza.
292 1734 486 1764 Lae-naribus
501 1734 540 1763 ab
559 1734 627 1763 aliis
642 1735 738 1774 scrip-

165 1787 232 1810 tum
246 1781 340 1810 fuisse
351 1804 359 1817 ‚
382 1780 502 1810 ibidem
524 1782 682 1810 monitiun
695 1782 738 1809 vi-

166 1826 248 1857 deas.
281 1827 499 1868 Laquearz'bus
532 1826 623 1863 altis,
654 1837 738 1856 nnus

164 1873 363 1914 Guelpherb.
389 1876 424 1903 in
449 1873 561 1904 Collat.
591 1874 678 1904 Cort.
693 1889 739 1895 ——-

165 1920 230 1957 726
245 1931 291 1960 sq.
308 1921 534 1950 Continuatam
555 1921 590 1949 in
608 1920 739 1949 multam

164 1973 290 1996 noctem
334 1977 457 1996 coenam
491 1965 631 1996 indicare
669 1966 739 1995 vult

165 2019 266 2051 poeta.
297 2013 412 2043 Verbis
446 2012 602 2042 similibus
636 2013 738 2043 utitur

165 2060 280 2088 Statius
298 2061 311 2088 I
327 2059 426 2089 Theb.
447 2060 512 2089 520
524 2082 533 2097 ‚
556 2060 633 2096 521,
648 2066 678 2089 et
693 2060 736 2089 Si-

164 2103 224 2132 lius
249 2106 315 2141 XI,
333 2106 395 2135 281
409 2129 417 2143 ‚
441 2107 504 2136 282
517 2129 526 2143 ‚
549 2107 614 2145 jam
639 2116 735 2145 supra

163 2148 291 2180 laudati.
310 2152 349 2182 cf.
361 2152 469 2183 Cerda.
485 2153 626 2183 Observa
637 2158 667 2182 et
682 2152 734 2180 hic

166 2207 194 2225 v.
213 2197 278 2233 726
291 2205 382 2235 ‚727
406 2209 564 2228 summum
587 2205 735 2229 ornatum

163 2242 398 2284 verborumque
428 2245 612 2286 dignitatem
643 2246 678 2274 in
703 2255 735 2274 re

163 2290 261 2319 tenui.
281 2291 353 2319 Non
382 2291 526 2321 lucernas
550 2292 598 2321 vel
624 2291 735 2321 cande-

787 852 872 883 labra
888 854 995 893 posuit
1007 876 1015 890 ‚
1032 852 1085 881 sed
1100 851 1230 891 lychnos
1241 851 1360 893 ‚fima-

787 899 833 929 lia
848 923 856 937 ,
874 900 906 929 h.
923 911 950 929 ι’.
970 899 1129 929 funiculos
1154 909 1224 929 cera
1247 899 1360 935 illitos;

788 946 820 976 h.
838 958 865 976 e.
882 946 972 976 faces.
985 946 1024 976 cf.
1043 945 1159 986 Odyss.
1173 956 1203 981 ·r.‚
1219 945 1258 975 dc
1278 946 1362 985 regia

789 993 939 1028 Alcinoi,
961 1003 1022 1022 100
1039 1003 1108 1032 sqq.

839 1039 960 1076 728-—
976 1040 1052 1076 730.
1081 1039 1183 1068 Etiam
1207 1037 1283 1068 hinc
1307 1048 1363 1067 sua

790 1084 883 1115 duxit
898 1085 1082 1116 statiusl.c.
1095 1086 1159 1124 539
1174 1095 1242 1125 sqq.
1255 1083 1363 1120 Soliti,

791 1143 834 1161 sc.
857 1141 944 1161 mero
961 1131 1110 1171 implere,
1127 1131 1159 1160 h.
1182 1141 1209 1161 e.
1230 1141 1293 1171 qua
1314 1130 1364 1159 usi

790 1177 925 1208 fuerant.
938 1179 966 1208 Α
980 1178 1056 1207 Belo
1071 1183 1176 1206 antem
1191 1178 1366 1218 Tyriorum

791 1234 900 1264 regum
919 1225 1049 1264 stirpem
1074 1223 1233 1253 ducebant
1249 1224 1365 1253 Graeci.

791 1282 822 1300 v.
837 1272 922 1300 Serv.
939 1281 1008 1310 sup.
1025 1270 1063 1299 ad
1074 1270 1139 1305 649.
1153 1269 1363 1309 3Apollodor.

792 1318 843 1353 11,
865 1327 898 1353 13
921 1317 1007 1346 conf.
1033 1316 1160 1346 Salmas.
1182 1318 1259 1346 Exc.
1283 1316 1364 1346 Plin.

791 1374 823 1402 p.
844 1368 920 1398 402.
936 1364 984 1392 Ex
998 1369 1106 1392 nostro
1122 1362 1205 1392 idem
1222 1362 1316 1393 Silius
1331 1364 1364 1398 1,

793 1410 847 1447 87.
862 1420 908 1449 sq.

841 1466 855 1493 7
865 1456 881 1485 3
891 1466 972 1493 1—7
981 1455 1034 1485 35.
1049 1457 1160 1485 Preces
1172 1456 1255 1484 inter
1267 1454 1368 1484 liban-

792 1502 870 1531 dum
887 1502 926 1531 ad
951 1503 1066 1532 Jovem
1089 1498 1202 1538 ξένιον,
1227 1501 1365 1542 hospita-

791 1548 852 1577 lem
864 1571 872 1586 ,
891 1549 990 1578 factae.
1017 1547 1200 1587 Hospitibus
1228 1555 1258 1577 te
1287 1547 1365 1577 dare

789 1594 863 1633 jura
873 1617 881 1632 ‚
895 1604 1028 1635 praeesse
1037 1617 1045 1630 ‚
1060 1594 1120 1623 sub
1136 1593 1233 1623 tutela
1246 1603 1299 1623 eos
1314 1593 1366 1623 ha-

791 1641 876 1670 bere.
894 1641 989 1682 (Non
1015 1640 1105 1669 aliter
1121 1650 1195 1669 usus
1210 1639 1366 1679 loquendi

792 1687 870 1723 fert,
887 1698 960 1717 nam
986 1686 1065 1716 dare
1081 1685 1158 1727 jura
1181 1686 1368 1727 simpliciter

792 1740 854 1771 est,
870 1735 1035 1774 imperare.
1053 1733 1200 1762 Dicerem
1214 1743 1297 1770 esse,
1312 1733 1369 1773 qui

791 1779 961 1820 hospitibus
988 1779 1099 1809 illatas
1115 1778 1250 1820 injurias
1271 1779 1364 1808 ulcis-

791 1827 891 1863 ceris;
905 1826 959 1856 sed
978 1836 1019 1855 au
1041 1825 1120 1856 dare
1135 1825 1214 1867 jura
1231 1836 1290 1866 pro
1315 1825 1365 1855 ul-

793 1874 868 1903 cisci
882 1873 1022 1910 dicatur,
1043 1871 1190 1913 dubito.)
1209 1874 1364 1913 Expressa

793 1927 896 1949 autem
919 1920 972 1949 illa
999 1920 1167 1949 Homerica
1190 1918 1305 1959 Odyss.
1323 1929 1361 1954 7,,

798 1977 860 2006 179
876 1977 944 2007 sqq.
968 1965 1059 1996 Adde
1083 1964 1198 2006 Odyss.
1216 1975 1247 2001 ν,
1267 1965 1310 1994 50
1334 1972 1365 1994 et

792 2013 875 2054 plur.
895 2012 935 2042 al.
954 2013 1033 2042 loca.
1058 2011 1144 2041 Illud
1170 2021 1247 2040 nam
1276 2021 1364 2040 caus-

790 2070 855 2089 sam
868 2059 1074 2098 interponens
1084 2058 1290 2088 Homericum
1298 2068 1363 2087 esse

789 2107 862 2135 satis
887 2111 1018 2135 constat.
1039 2104 1078 2134 cf.
1095 2105 1219 2135 Ernest.
1238 2103 1276 2134 ad
1297 2103 1361 2135 Od.

789 2163 830 2193 μ,
863 2152 939 2181 320.
963 2168 1009 2174 —-
1022 2150 1180 2187 Minores,
1206 2157 1338 2191 nepotes
1351 2174 1358 2188 ‚

788 2209 858 2238 sup.
876 2199 952 2228 532.
970 2198 1104 2236 -734,
1122 2199 1207 2228 Ante
1223 2198 1362 2228 Pierium

789 2244 885 2284 vulgo
902 2244 1022 2274 lectum
1034 2267 1042 2281 ‚
1059 2244 1156 2275 adsis.
1173 2244 1235 2275 Sed
1250 2254 1359 2274 omnes

789 2292 856 2329 ejus
871 2291 944 2320 libri
963 2291 1121 2321 habebant
1138 2290 1224 2320 adsit
1241 2289 1291 2320 vel
1309 2300 1359 2318 (15-
