1433 2460
135 97 195 115 121¹
636 86 831 116 AENEIlmS

127 147 204 181 Nee
226 143 409 192 requievit
427 142 546 188 enim,
565 142 685 179 donoc
707 142 911 180 Calchante.
932 143 1105 180 ministro
1109 171 1168 180 .....
1281 161 1328 177 100

127 205 199 241 Sed
222 204 311 253 qnid
334 216 403 253 ogo
423 202 502 240 liaec
519 212 644 240 antem
666 205 918 254 nequicquam
940 205 1086 254 ingrata
1104 204 1286 241 revolvo?

128 266 277 310 Quidve
296 265 449 300 moror?
465 264 494 301 si
514 264 636 301 omnis
658 278 733 301 uno
754 265 888 302 ordine
906 265 1053 303 habetis
1076 264 1260 312 Achivos,

128 327 246 375 lilquc
268 325 400 362 audire
416 334 471 361 sat
488 333 561 370 ost,
578 325 803 375 jamdudum
824 327 960 362 sumito
980 340 1118 376 poenas.

130 389 208 421 1101·
228 385 378 422 Ithacus
398 384 505 430 velit,
522 394 559 422 ct
575 398 711 434 magno
733 395 951 423 mercentur
966 387 1119 424 Atritlzc.
1140 406 1153 418 υ

179 449 275 482 Τ11111
296 458 388 481 vcro
409 445 584 482 ardemus
602 445 728 482 scitari
746 454 782 482 ct
798 460 969 496 quaerere
985 460 1154 494 caussas,
1281 455 1327 479 10⁵

128 506 252 554 Ignari
269 506 453 542 sci-lerum
471 515 660 543 tantorum
675 534 684 551 ‚
703 507 869 556 artisque
886 507 1060 557 Pelasgae.

129 567 372 617 Prosequitur
389 568 579 618 pavitans,
594 576 631 604 ct
648 568 735 604 licto
752 577 906 618 pectore
924 567 1024 604 satur
1041 583 1048 603 :

180 651 192 658 ·=
213 631 320 678 Saepe
339 628 464 678 sugam
482 628 602 665 Danai
618 628 732 679 Troja
749 629 904 678 cupiere
922 628 1050 665 relicta

128 780 403 810 ‹·1·i1niu:=ti0nib11s
442 783 608 823 exagitare.
659 783 702 811 Ec

127 838 267 867 'lawr-ere
300 827 442 857 conscias
473 840 576 859 arma.
606 832 700 860 Varie

126 875 192 903 haec
218 875 250 903 in
273 876 341 903 Sem
351 875 381 903 io
406 877 548 916 exposita
576 876 699 913 videas3

127 931 198 950 nam
216 931 232 950 e
254 922 484 951 recentioribus
501 922 582 952 nihil
606 923 701 963 proli-

126 969 199 998 cias.
210 969 313 997 Arma
327 978 391 997 esse
405 976 538 1008 possunt
552 970 699 1007 consilia,

126 1025 197 1055 quac
227 1014 362 1055 agitabat
384 1015 512 1055 [Ilysses
531 1016 569 1045 ad
594 1015 700 1056 depel-

126 1061 256 1091 lendum
275 1062 443 1090 imminens
460 1062 520 1091 sibi
544 1073 561 1092 a
584 1064 700 1093 Sinone

126 1107 325 1149 periculum,
342 1108 387 1136 sic
412 1108 555 1138 conscius
577 1119 620 1140 se.
646 1120 700 1150 pe-

127 1155 219 1185 riculi
233 1155 444 1192 iinnlincntis3
460 1163 594 1195 possunt
608 1157 700 1186 etiam

126 1211 191 1232 esse
214 1200 338 1231 fraudes
356 1207 387 1230 et
403 1201 524 1232 insidiae
537 1225 545 1239 ,
562 1214 639 1243 quas
667 1204 702 1233 in

127 1250 277 1278 Sinonem
302 1248 447 1288 parabat,
467 1249 628 1286 conscius,
655 1257 701 1280 ta-

128 1297 188 1325 cite
197 1296 279 1324 intra
289 1304 338 1325 se:
353 1303 405 1325 aut
418 1296 558 1325 conscius
567 1303 614 1327 est
627 1307 701 1327 cum

128 1343 193 1372 aliis
205 1364 213 1378 ,
230 1344 465 1373 communicato
489 1343 608 1373 scilicet
627 1354 700 1373 cum

128 1389 194 1419 aliis
204 1389 348 1419 consilio.
360 1392 430 1419 Hoc
440 1401 551 1420 verum
563 1390 700 1428 videtur,

127 1446 201 1465 cum
217 1437 320 1466 statim
334 1437 535 1467 Calchantem
552 1438 700 1467 consilio-

128 1493 198 1512 rum
217 1484 338 1513 socium
356 1485 532 1523 assumsisse
551 1484 697 1516 dicatur:

129 1531 241 1570 Neque
258 1540 330 1559 sane
349 1527 411 1572 (δὴ
423 1554 431 1568 ,
449 1531 553 1572 enim)
578 1531 701 1571 requie-

128 1576 171 1605 vit
179 1583 238 1606 etc.
254 1579 357 1606 Arma
367 1585 471 1607 antem
481 1578 564 1607 dicta
575 1577 612 1607 de
623 1587 700 1607 con-

128 1623 204 1653 siliis
214 1631 245 1653 et
258 1623 389 1662 insidiis,
407 1625 469 1653 fere
479 1632 515 1654 ut
529 1623 700 1662 machz'nce,

128 1667 344 1712 μκηχανῆμκτα
356 1694 364 1707 ,
389 1667 525 1713 μεχανκὶ
540 1694 548 1709 ,
573 1669 699 1711 τεύχεα.

129 1718 209 1746 Mox
242 1718 371 1747 reticere
401 1719 552 1749 Sinonem
582 1728 703 1747 summa

128 1774 202 1793 cum
218 1770 282 1793 arte
293 1786 301 1801 ‚
313 1770 382 1794 tum
393 1787 401 1802 ,
419 1775 519 1805 quum
533 1765 702 1794 maximam

129 1811 398 1851 exspectationem
415 1812 579 1841 excitasset
589 1833 597 1849 ,
613 1811 702 1841 facile

130 1858 263 1897 quisque
279 1858 384 1887 sentit.

182 1914 257 1934 100.
293 1903 450 1945 ‚Magistro
484 1904 582 1936 Goth.
612 1904 701 1934 alter.

131 1951 213 1989 Quia
227 1952 261 1980 in
275 1950 378 1980 media
391 1953 544 1981 sententia
555 1950 704 1992 interpel-

131 1996 174 2025 lat
187 2008 218 2026 se
229 2019 237 2033 ‚
250 1997 351 2037 inepti
364 1997 491 2038 quidam
502 2000 537 2028 in
548 2009 621 2029 mss.
631 2008 704 2038 sup-

134 2042 261 2081 plerunt
271 2053 278 2073 :
289 2044 403 2074 Hostia
419 2052 484 2074 tum
493 2043 600 2087 (sum)
610 2044 706 2074 miser

134 2099 173 2117 ac
194 2099 302 2119 sacras
322 2099 485 2131 reputatus
501 2092 549 2121 ad
561 2102 647 2122 aras.
657 2109 703 2114 ——

141 2144 201 2164 102
212 2152 258 2158 —
269 2143 342 2172 104.
379 2140 449 2168 Uno
478 2138 608 2174 ordine,
644 2148 704 2179 pro

134 2181 276 2221 vulgari,
293 2193 356 2212 uno
378 2184 447 2214 Ioco
463 2196 473 2214 :
491 2186 618 2217 Servius
639 2195 703 2214 uno

134 2235 245 2264 reatu,·
268 2236 299 2259 et
320 2240 337 2258 a
355 2240 534 2262 caussarum
554 2231 705 2262 classibus

755 782 803 811 vel
825 781 992 811 ordinibus
1008 781 1253 822 explicationem
1279 781 1328 809 ni-

754 829 812 857 mis
827 828 919 857 docte
935 829 1023 868 petit.
1038 828 1138 868 quue
1153 827 1267 857 audire
1277 833 1330 856 sat

754 882 810 904 est.
827 875 921 904 Varie
932 882 961 904 et
975 875 1036 904 hoc
1046 876 1219 915 exponitur
1234 880 1266 904 et
1278 883 1330 903 ex·

754 922 832 961 poni
857 928 969 961 potest.
991 922 1113 958 Placet,
1137 920 1249 950 audire
1276 919 1325 955 id,

754 978 819 997 essc
834 978 882 997 ine
900 978 998 997 unum
1018 979 1058 997 ex
1075 967 1172 998 Achix
1180 968 1226 1005 is;
1242 973 1273 996 et
1290 965 1328 995 ad

754 1015 887 1054 primani
901 1015 1128 1044 «enuntiationis
1144 1020 1265 1054 partem
1280 1023 1328 1042 re—

756 1061 822 1090 fero
839 1070 847 1090 .·
863 1060 891 1089 .ςί
902 1067 953 1089 suc
967 1069 1022 1091 est.
1043 1061 1095 1091 Ad
1111 1060 1265 1100 apodosin
1284 1070 1330 1089 re-

755 1107 861 1136 tulisse
874 1106 1001 1137 xidetur
1018 1107 1134 1145 Cei-da,
1154 1114 1189 1137 ut
1204 1108 1261 1144 sit,
1277 1106 1329 1136 vel

754 1152 822 1183 haec
845 1153 955 1183 audire
978 1155 1051 1183 satis
1067 1161 1130 1190 est,
1150 1153 1196 1183 nil
1214 1160 1250 1183 ut
1266 1164 1329 1182 ani·-

754 1200 838 1240 plius
858 1200 970 1230 addam
994 1211 1132 1231 necesse.
1158 1199 1220 1231 Sed
1245 1199 1281 1229 id
1298 1206 1329 1229 et

754 1257 816 1286 que
829 1255 860 1277 et
875 1247 986 1277 audire
995 1258 1055 1288 pro
1069 1247 1225 1277 audivisse
1236 1245 1328 1276 valde

755 1294 868 1324 duram
884 1295 1060 1324 orationem
1070 1294 1244 1324 efficerent.
1260 1294 1328 1323 Ma-

755 1341 895 1373 nendum
911 1340 990 1371 adeo
1003 1342 1036 1371 in
1053 1343 1155 1382 prima
1173 1341 1328 1380 interpre-

755 1391 872 1420 tatione
882 1398 975 1430 quam
993 1395 1023 1417 et
1035 1389 1163 1419 Servius
1176 1387 1328 1428 agnoscit.

754 1439 835 1468 Mox
842 1435 1038 1477 jamdudum
1056 1436 1100 1465 ita
1113 1434 1253 1475 positum
1267 1455 1276 1470 ‚
1293 1439 1330 1463 ut

754 1486 852 1526 possit
862 1494 917 1524 per
930 1493 1027 1523 quam
1038 1481 1178 1523 primum
1192 1480 1328 1520 exponi,

755 1539 792 1561 ut
805 1541 897 1571 saepe.
914 1530 954 1559 cf.
973 1530 1080 1559 Burin.
1097 1527 1195 1568 Vulg.
1213 1527 1330 1557 dicere-

755 1589 826 1608 mus
841 1588 848 1608 :
870 1575 1058 1616 jamdudum
1084 1584 1206 1604 sumere
1235 1573 1329 1604 debe-

756 1625 835 1655 batis
849 1633 968 1664 poenas.
979 1623 1098 1652 Versus
1119 1627 1182 1656 104
1195 1621 1328 1651 illustra-

756 1679 810 1701 tur
831 1681 871 1700 ex
896 1669 984 1699 Iliad.
1011 1679 1051 1706 α,
1071 1668 1136 1698 255
1157 1658 1184 1698 fi
1198 1677 1250 1698 κεν
1270 1677 1325 1711 ’γη-

756 1716 846 1751 θήσαι
867 1714 1005 1758 Πρίαμος
1016 1739 1024 1752 ,
1040 1712 1192 1758 Πριάμοιό
1207 1724 1240 1744 τε
1252 1713 1328 1744 παῖ-

757 1761 808 1799 δες
818 1788 826 1802 ,
841 1755 934 1795 {imm
949 1773 982 1792 τε
996 1764 1100 1805 Τρῶής
1116 1761 1203 1805 μέγα
1212 1771 1264 1791 κεν
1278 1771 1328 1791 κε-

756 1808 907 1854 χαροίατο
924 1810 1008 1853 θυμῷ
1019 1832 1027 1847 ,
1044 1807 1080 1839 Εἰ
1096 1816 1156 1840 etc.
1178 1826 1225 1832 --
1240 1807 1327 1838 Icha-

756 1869 810 1888 cus
820 1881 828 1896 ‚
838 1868 898 1898 pro
909 1856 1047 1886 Ithacius
1060 1856 1190 1897 Ulysses
1199 1878 1208 1893 ‚
1218 1862 1255 1885 ut
1263 1856 1330 1884 Ita-

757 1905 791 1935 Ia
797 1915 878 1946 gens
885 1911 915 1933 et
924 1903 1046 1933 similia.
1056 1902 1142 1933 Alias
1152 1895 1309 1936 Ῐθακτῑσιος
1319 1923 1328 1938 ,

757 1950 941 1981 Ithacensis.
954 1952 1134 1981 Mcrcencur
1140 1948 1327 1990 elegantius,

757 2009 852 2039 quam
866 2006 980 2038 magno
993 2003 1109 2027 emant.

807 2055 881 2082 107.
901 2043 989 2073 Ficco
1010 2049 1156 2083 pectore,
1177 2039 1217 2070 ad
1245 2040 1327 2070 frau-

756 2091 828 2121 dem
838 2090 1014 2130 composito
1024 2089 1129 2118 animo
1140 2111 1148 2125 ‚
1164 2087 1197 2119 h.
1214 2097 1240 2118 e.
1255 2086 1329 2117 suh-

756 2137 828 2168 dole
847 2143 878 2166 et
899 2135 1125 2166 fraudulenter.
1138 2135 1220 2165 Mox
1243 2133 1305 2164 108
1318 2155 1328 2171 ‚

758 2195 778 2225 9
804 2182 912 2213 moliri
922 2182 1044 2225 fugam
1068 2192 1164 2224 grave
1187 2180 1328 2212 vocabu-

755 2231 824 2262 lum
840 2240 899 2271 pro
914 2239 1040 2271 parare,
1058 2239 1088 2259 v.
1104 2239 1175 2270 sup.
1194 2229 1229 2267 Ι,
1246 2232 1328 2264 4043
