1402 2460
539 145 594 174 AD
621 144 780 174 LIBRUM
808 145 848 173 ΙΙ.
1228 143 1289 179 367

94 207 259 240 pugnaret.
284 202 364 233 Nam
387 211 403 231 e
429 202 556 244 Virgilii
578 203 686 233 saltem
710 210 814 233 mente
833 210 862 232 et
879 201 1030 240 consilio,
1049 201 1172 242 publici
1192 201 1293 243 Trojce

95 256 252 291 Penates,
269 254 440 296 diipatrii,
463 267 529 287 non
545 259 649 287 AEneae
664 258 780 298 privati
800 268 863 286 esse
879 257 1016 286 debuere
1027 279 1035 294 ‚
1053 258 1107 297 qui
1124 257 1157 285 in
1171 256 1292 286 Italiam

93 307 222 338 abducti
237 308 275 338 ad
296 311 456 340 Romanos
474 310 598 340 tandem
615 317 841 352 pervenerunt.
862 313 899 341 Et
916 318 989 340 sunt
1006 311 1073 340 loca
1085 334 1092 348 ,
1118 312 1153 341 in
1175 311 1294 351 quibus

92 361 205 400 passim
233 361 336 402 Trojoe
360 365 499 393 Penates
524 363 688 394 dicuutur.
711 364 761 394 Sic
783 365 836 400 ΙΙ,
867 365 930 404 293
959 366 1058 394 Sacra
1080 375 1216 405 suosque
1239 364 1295 394 tibi

90 415 296 446 commendat
307 417 401 455 Troja
416 419 545 452 Penates
558 427 567 455 3
579 419 641 448 VII
652 441 661 455 ,
688 428 723 447 12
734 428 745 447 1
766 419 907 459 Vosque,
929 418 991 456 uit,
1010 418 1103 461 ofidi
1113 420 1217 458 Trojae
1233 420 1293 449 sal-

91 473 156 496 vete
175 469 324 506 Penates;
345 471 394 507 V,
420 471 462 500 62
485 466 633 501 adhibete
650 473 779 502 Penates
794 474 837 502 Et
852 473 971 513 patrios
991 479 1023 502 ee
1042 483 1121 512 quos
1136 471 1214 502 colit
1226 471 1293 502 hos-

85 530 144 560 pes
158 522 308 560 Acestes,
326 530 357 553 et
372 534 402 554 v,
421 524 486 555 632
503 527 531 555 O
550 526 651 566 patria
672 532 703 555 et
724 525 811 566 rapti
833 526 1047 567 nequicquam
1075 536 1117 555 ea:
1139 525 1226 555 hosce
1239 527 1293 556 Pe-

90 581 187 606 nates.
211 576 352 607 Tandem
374 579 441 615 IX,
476 580 539 608 258
574 579 708 620 Eam-ipit
728 579 886 610 Ascanius
900 591 910 609 :
927 591 990 620 per
1015 590 1163 622 magnos,
1193 579 1291 617 Nise,

87 632 218 661 Penates
231 631 439 672 Assaracique
461 635 570 663 Larem
593 641 624 663 et
639 644 729 663 came
740 634 924 674 penetralia
945 636 1048 664 Vesta’
1059 646 1072 670 ;
1089 636 1135 671 V,
1156 639 1220 671 744
1234 644 1291 674 per

86 686 299 725 Pergameum
324 688 439 716 Larem
463 688 590 717 eosdem
607 690 738 718 Penates
764 688 944 719 declaravit.
962 691 1001 719 Et
1017 690 1051 719 in
1065 690 1134 729 ipso
1146 688 1203 718 illo
1218 688 1290 718 loco

88 739 138 776 II,
169 749 231 779 297
273 740 404 780 adytum.
432 743 602 782 penetrale
631 751 899 774 commemoratur
913 766 922 782 ,
954 744 1042 784 quod
1070 743 1108 772 ad
1136 742 1290 783 templum

85 799 225 831 spectare
245 792 349 825 debet.
365 795 397 824 Si
413 796 510 836 igitur
531 796 656 836 publici
674 799 806 827 Penates
821 797 909 826 fuere
921 819 929 834 ,
951 798 986 826 in
999 799 1104 826 AEneoe
1121 796 1216 826 domo
1232 799 1289 827 Pe-

85 852 172 876 nates
190 847 313 887 publici
331 848 441 878 haberi
457 860 523 879 non
536 856 681 890 potuere.
703 850 763 881 Sed
786 851 911 879 misceri
932 850 1054 886 solent,
1080 851 1192 889 etipse
1214 852 1288 880 mis-

85 901 136 930 cui
148 923 156 938 ,
179 900 301 932 diversa
319 903 401 933 inter
416 914 458 934 se.
478 905 516 932 In
530 914 590 933 vss.
611 905 675 944 293
695 914 770 934 cura
787 905 954 934 Penatium
975 910 1098 933 tantum
1115 904 1290 934 mandatur

84 955 199 985 AEneae
213 956 252 985 ab
271 957 418 986 Hectoris
434 957 566 988 umbra:
584 968 651 988 non
669 959 699 987 ei
720 958 890 988 traduntur
908 969 1025 996 manu3
1049 965 1080 988 at
1101 959 1207 988 AEneae
1222 959 1288 988 visa

85 1015 130 1039 est
143 1009 255 1039 umbra
269 1011 414 1041 Hectoris
428 1011 495 1052 ipsa
505 1011 615 1041 efferre
630 1022 646 1041 e
661 1012 778 1052 templo
793 1014 897 1042 Vestae
912 1013 1036 1053 signum
1049 1013 1196 1041 vittatnm
1212 1022 1288 1041 cum

84 1073 172 1094 sacro
196 1065 274 1105 igni.
298 1066 373 1096 Non
396 1066 494 1107 igitur
520 1065 584 1095 1100
601 1076 674 1095 vere
690 1065 825 1103 factum,
855 1077 913 1096 nec
933 1066 972 1096 ab
991 1069 1088 1096 AEnea
1101 1068 1198 1096 Vesta
1213 1076 1287 1096 cum

85 1119 149 1159 igni
181 1118 379 1159 absportata,
413 1130 471 1149 nec
498 1121 560 1160 ipsi
584 1122 714 1150 Penates
737 1122 766 1150 ei
793 1122 942 1151 Hectoris
965 1131 1062 1150 manu
1085 1119 1190 1150 traditi
1208 1131 1216 1151 :
1231 1121 1287 1151 sed

81 1181 206 1204 tantum
223 1175 288 1212 ejus
305 1185 390 1204 curae
407 1174 557 1205 mandati.
577 1173 662 1204 Illud
683 1173 765 1204 forte
789 1175 890 1214 quaeri
913 1180 1019 1215 potest
1034 1183 1041 1204 :
1056 1173 1220 1214 quomodo
1243 1174 1283 1204 ad

82 1231 213 1260 AEneam
236 1230 436 1271 potissimum
462 1230 628 1261 Penatium
653 1239 730 1259 cura
754 1228 925 1270 spectabat.
952 1228 1060 1259 Potuit
1078 1230 1190 1269 utique
1215 1235 1283 1259 tan-

81 1293 178 1323 quam
196 1283 234 1313 ad
255 1295 357 1314 unum
373 1295 390 1314 e
404 1284 624 1324 principibus,
652 1282 691 1312 ad
715 1293 795 1324 quos
819 1283 866 1312 rei
889 1282 1028 1323 publicae
1050 1289 1081 1313 et
1102 1282 1192 1312 urbis
1208 1292 1282 1312 cura

81 1337 253 1379 spectabat.
272 1340 377 1368 Poetae
391 1339 464 1368 satis
479 1345 562 1375 erat,
588 1338 735 1368 Hectoris
751 1336 873 1366 umbrae
890 1337 1016 1367 monitu
1034 1335 1068 1366 id
1091 1336 1209 1366 factum
1227 1337 1284 1367 de-

82 1392 208 1423 clarare.
227 1393 274 1422 Eo
287 1392 360 1422 loco
371 1414 379 1429 ,
395 1402 461 1433 quo
476 1392 515 1423 de
527 1394 624 1422 AEnea
637 1388 678 1421 τὰ
696 1389 896 1433 ἱστορούμενα
910 1390 1081 1428 afferimus,
1098 1391 1189 1432 plura
1203 1391 1280 1421 olim

82 1457 147 1477 esse
169 1453 412 1477 commemorata
431 1446 611 1487 apparebit,
639 1446 756 1487 quibus
768 1452 862 1486 poeta
876 1446 1019 1475 insistere
1043 1452 1075 1475 et
1097 1457 1162 1476 rem
1175 1469 1183 1484 ,
1213 1453 1280 1477 tan-

81 1510 177 1541 quam
195 1501 355 1542 vulgatam
371 1501 444 1530 satis
455 1523 463 1539 ,
486 1500 578 1530 tacite
593 1500 682 1540 sequi
694 1506 828 1541 poterat.
845 1499 904 1530 Sed
916 1521 924 1537 ‚
949 1499 1038 1540 quod
1052 1501 1197 1540 inprimis
1213 1502 1281 1539 ejus

81 1554 223 1583 animum
242 1554 402 1595 impellere
420 1555 546 1595 potuit,
569 1561 615 1584 est
635 1554 717 1583 forte
739 1553 820 1589 hoe,
847 1552 935 1593 quod
952 1555 1081 1583 AEneam
1102 1553 1280 1584 sacerdotio

82 1607 228 1638 functum
247 1608 417 1638 tradiderat
438 1609 619 1649 antiquitas,
645 1608 737 1638 Certe
761 1618 802 1638 ex
814 1608 931 1648 Dictye
952 1607 1019 1644 IV,
1048 1617 1084 1645 17
1110 1607 1278 1645 discimus,

82 1661 247 1703 Apollinis
264 1673 356 1692 sacra
373 1673 444 1692 eum
464 1662 628 1702 praecipue
647 1672 713 1691 esse
731 1662 869 1698 tuitum;
892 1668 942 1698 et,
966 1661 1144 1692 secundum
1167 1663 1279 1692 Mene-

80 1723 197 1746 cratem
220 1716 398 1747 Xanthiam
414 1726 431 1745 a
448 1717 583 1757 Dionys,
612 1715 715 1745 Halic.
733 1716 766 1751 I,
803 1715 844 1750 48
873 1715 1066 1751 excitatum,
1101 1716 1215 1745 AEneas
1239 1715 1279 1744 ad

81 1770 290 1801 defectionem
308 1781 323 1800 a
342 1771 465 1800 Priamo
480 1770 542 1799 hoc
558 1770 627 1810 ipso
641 1776 707 1798 erat
722 1768 881 1798 adductus
891 1792 900 1806 ,
923 1768 1011 1809 quod
1025 1769 1198 1799 sacerdotii
1208 1769 1280 1812 dig-

82 1824 184 1853 nitate
205 1823 243 1853 ab
270 1834 307 1853 eo
332 1823 434 1853 fuerat
456 1823 602 1853 exclusus
625 1820 728 1857 ἄτιτος
746 1820 801 1852 ἐὼν
822 1820 881 1852 ὑπὸ
902 1814 1117 1864 Ᾰλεξάνδρου,
1144 1820 1199 1853 καὶ
1213 1821 1276 1853 ἀπὸ
1294 1849 1298 1851 ,

81 1877 197 1922 γερέων
218 1876 303 1920 ἱερῶν
319 1875 538 1921 ἐξειργόμενος.
559 1877 691 1907 Fundus
710 1878 756 1907 rei
774 1876 863 1907 Iliad.
883 1888 916 1914 ν,
937 1877 999 1913 461
1022 1874 1083 1907 αἰεὶ
1103 1874 1165 1921 γὰρ
1182 1877 1278 1921 Πριά-

80 1943 129 1975 μῳ
150 1929 292 1974 ἐπεμήνιε
313 1927 386 1974 δίῳ,
407 1929 517 1962 Οὕνεκ’
530 1928 569 1973 ἄῤ
586 1929 686 1961 ἐσθλόν
703 1928 793 1961 ἐόντα.
807 1932 874 1973 μετ’
892 1927 1038 1973 ἀνδράσιν
1059 1929 1124 1960 οὔτι
1146 1929 1276 1966 τίεσκεν.

81 1980 228 2017 Ceterum
252 1986 349 2026 vulgo
364 1986 398 2015 in
415 1996 485 2016 arce
501 1988 632 2016 Penates
648 1986 763 2015 servati
783 1992 984 2024 narrantum·
999 1984 1039 2015 cf.
1057 1985 1192 2025 Dionys,
1213 1987 1276 2016 Ha-

79 2040 132 2070 lic.
152 2041 186 2077 Ι,
214 2039 255 2075 46
268 2062 276 2077 ,
302 2040 345 2080 69
369 2046 399 2070 et
424 2040 462 2070 al.
480 2046 510 2069 et
525 2039 587 2069 hoc
608 2050 649 2069 ex
664 2045 820 2079 perpetuo
841 2045 985 2068 veterum
1008 2038 1171 2068 civitatum
1187 2049 1276 2069 more

79 2094 123 2122 ita
136 2103 168 2123 se
180 2093 295 2124 habere
310 2093 432 2124 debuit.
452 2096 521 2124 Hoc
541 2101 645 2124 tamen
659 2094 749 2133 sequi
767 2099 860 2133 poeta
875 2102 941 2123 non
955 2092 1061 2132 potuit
1071 2115 1079 2129 ,
1101 2093 1158 2132 qui
1170 2095 1276 2123 AEneae

81 2147 212 2178 domum
233 2149 268 2178 in
291 2148 348 2178 alia
364 2149 454 2179 urbis
470 2155 558 2189 parte
579 2150 669 2178 sitam
688 2158 752 2176 esse
773 2147 893 2184 voluit,
919 2146 1003 2177 unde
1018 2157 1097 2177 mox
1115 2146 1154 2176 ad
1171 2157 1274 2177 arcem

81 2209 267 2232 accurreret.
287 2202 454 2243 Apponam
472 2202 629 2233 Hellanici
644 2200 767 2238 Lesbii,
786 2201 988 2230 vetustissimi
1003 2201 1183 2241 scriptoriS,
1203 2211 1274 2230 nar-

78 2256 233 2287 rationem
248 2267 298 2298 ap.
312 2258 445 2299 Dionys.
460 2257 561 2288 Halic.
577 2258 610 2297 Ι,
631 2256 671 2293 46
683 2278 692 2295 ,
711 2262 763 2296 47.
779 2255 866 2288 Urbe
890 2262 978 2298 capta
989 2278 998 2296 ,
1016 2257 1120 2298 inquit
1134 2278 1142 2294 ‚
1162 2257 1271 2285 AEneas
