<?xml version="1.0" encoding="UTF-8"?>
<!DOCTYPE html PUBLIC "-//W3C//DTD XHTML 1.0 Transitional//EN"
    "http://www.w3.org/TR/xhtml1/DTD/xhtml1-transitional.dtd">
<html xmlns="http://www.w3.org/1999/xhtml" xml:lang="en" lang="en">
 <head>
  <title>
</title>
<meta http-equiv="Content-Type" content="text/html;charset=utf-8" />
  <meta name='ocr-system' content='tesseract 3.04.00' />
  <meta name='ocr-capabilities' content='ocr_page ocr_carea ocr_par ocr_line ocrx_word'/>
</head>
<body>
  <div class='ocr_page' id='page_1' title='image "./operahey02virguoft_0214.png"; bbox 0 0 1433 2460; ppageno 0'>
   <div class='ocr_carea' id='block_1_1' title="bbox 144 88 207 106">
    <p class='ocr_par' dir='ltr' id='par_1_1' title="bbox 144 88 207 106">
     <span class='ocr_line' id='line_1_1' title="bbox 144 88 207 106; baseline -0.016 -2"><span class='ocrx_word' id='word_1_1' title='bbox 144 88 207 106; x_wconf 63' lang='grc' dir='ltr'><strong>91η·</strong></span> 
     </span>
    </p>
   </div>
   <div class='ocr_carea' id='block_1_2' title="bbox 644 78 838 108">
    <p class='ocr_par' dir='ltr' id='par_1_2' title="bbox 644 78 838 108">
     <span class='ocr_line' id='line_1_2' title="bbox 644 78 838 108; baseline 0 -2"><span class='ocrx_word' id='word_1_2' title='bbox 644 78 680 106; x_wconf 81' lang='lat' dir='ltr'>AE</span> <span class='ocrx_word' id='word_1_3' title='bbox 687 78 753 108; x_wconf 69' lang='lat' dir='ltr'><strong>Nm</strong></span> <span class='ocrx_word' id='word_1_4' title='bbox 760 78 838 107; x_wconf 75' lang='lat' dir='ltr'><strong>Dos</strong></span> 
     </span>
    </p>
   </div>
   <div class='ocr_carea' id='block_1_3' title="bbox 139 136 1343 668">
    <p class='ocr_par' dir='ltr' id='par_1_3' title="bbox 139 136 1343 668">
     <span class='ocr_line' id='line_1_3' title="bbox 141 136 1008 173; baseline 0.001 -2"><span class='ocrx_word' id='word_1_5' title='bbox 141 136 266 172; x_wconf 72' lang='grc' dir='ltr'><strong>Τιϊιίει</strong></span> <span class='ocrx_word' id='word_1_6' title='bbox 285 136 346 171; x_wconf 68' lang='lat' dir='ltr'><strong>lux</strong></span> <span class='ocrx_word' id='word_1_7' title='bbox 365 136 519 171; x_wconf 61' lang='lat' dir='ltr'><strong>clas-som</strong></span> <span class='ocrx_word' id='word_1_8' title='bbox 539 136 692 172; x_wconf 74' lang='lat' dir='ltr'><strong>Crvtaeis</strong></span> <span class='ocrx_word' id='word_1_9' title='bbox 712 138 815 173; x_wconf 78' lang='lat' dir='ltr'><strong>sistet</strong></span> <span class='ocrx_word' id='word_1_10' title='bbox 835 137 870 172; x_wconf 88' lang='lat' dir='ltr'><strong>iu</strong></span> <span class='ocrx_word' id='word_1_11' title='bbox 889 137 975 173; x_wconf 80' lang='lat' dir='ltr'><strong>oris.</strong></span> <span class='ocrx_word' id='word_1_12' title='bbox 996 154 1008 166; x_wconf 56' lang='grc' dir='ltr'><strong>ι’</strong></span> 
     </span>
     <span class='ocr_line' id='line_1_4' title="bbox 195 194 1053 241; baseline 0.001 -11"><span class='ocrx_word' id='word_1_13' title='bbox 195 196 256 231; x_wconf 77' lang='lat' dir='ltr'><strong>Sic</strong></span> <span class='ocrx_word' id='word_1_14' title='bbox 279 197 393 239; x_wconf 81' lang='lat' dir='ltr'><strong>satus,</strong></span> <span class='ocrx_word' id='word_1_15' title='bbox 412 194 564 231; x_wconf 79' lang='lat' dir='ltr'><strong>meritos</strong></span> <span class='ocrx_word' id='word_1_16' title='bbox 582 195 656 231; x_wconf 73' lang='lat' dir='ltr'><strong>aris</strong></span> <span class='ocrx_word' id='word_1_17' title='bbox 679 197 853 233; x_wconf 70' lang='lat' dir='ltr'><strong>mactavit</strong></span> <span class='ocrx_word' id='word_1_18' title='bbox 873 197 1053 241; x_wconf 74' lang='lat' dir='ltr'><strong>honores,</strong></span> 
     </span>
     <span class='ocr_line' id='line_1_5' title="bbox 140 256 1150 307; baseline -0.001 -15"><span class='ocrx_word' id='word_1_19' title='bbox 140 259 305 292; x_wconf 68' lang='lat' dir='ltr'><strong>Tam-um</strong></span> <span class='ocrx_word' id='word_1_20' title='bbox 328 257 525 304; x_wconf 80' lang='lat' dir='ltr'><strong>Neptuno,</strong></span> <span class='ocrx_word' id='word_1_21' title='bbox 547 265 697 292; x_wconf 82' lang='lat' dir='ltr'><strong>taurum</strong></span> <span class='ocrx_word' id='word_1_22' title='bbox 715 256 801 302; x_wconf 87' lang='lat' dir='ltr'><strong>tibi,</strong></span> <span class='ocrx_word' id='word_1_23' title='bbox 819 257 977 306; x_wconf 81' lang='lat' dir='ltr'><strong>pulcher</strong></span> <span class='ocrx_word' id='word_1_24' title='bbox 995 256 1150 307; x_wconf 79' lang='lat' dir='ltr'><strong>Apollo;</strong></span> 
     </span>
     <span class='ocr_line' id='line_1_6' title="bbox 140 315 1343 366; baseline -0.002 -12"><span class='ocrx_word' id='word_1_25' title='bbox 140 317 295 365; x_wconf 58' lang='lat' dir='ltr'><strong>Nigr-”uu</strong></span> <span class='ocrx_word' id='word_1_26' title='bbox 313 315 437 352; x_wconf 76' lang='lat' dir='ltr'><strong>Hiemi</strong></span> <span class='ocrx_word' id='word_1_27' title='bbox 455 315 657 365; x_wconf 83' lang='lat' dir='ltr'><strong>pecudem,</strong></span> <span class='ocrx_word' id='word_1_28' title='bbox 673 317 856 366; x_wconf 73' lang='lat' dir='ltr'>Zephyris</span> <span class='ocrx_word' id='word_1_29' title='bbox 875 317 1045 354; x_wconf 84' lang='lat' dir='ltr'><strong>felicibus</strong></span> <span class='ocrx_word' id='word_1_30' title='bbox 1066 317 1200 354; x_wconf 75' lang='lat' dir='ltr'><strong>albam.</strong></span> <span class='ocrx_word' id='word_1_31' title='bbox 1299 333 1343 348; x_wconf 65' lang='lat'><strong>12⁰</strong></span> 
     </span>
     <span class='ocr_line' id='line_1_7' title="bbox 193 375 1107 427; baseline 0.001 -15"><span class='ocrx_word' id='word_1_32' title='bbox 193 379 304 412; x_wconf 83' lang='lat' dir='ltr'><strong>Fama</strong></span> <span class='ocrx_word' id='word_1_33' title='bbox 322 376 440 422; x_wconf 76' lang='lat' dir='ltr'><strong>volat,</strong></span> <span class='ocrx_word' id='word_1_34' title='bbox 461 375 611 426; x_wconf 83' lang='lat' dir='ltr'><strong>pulsum</strong></span> <span class='ocrx_word' id='word_1_35' title='bbox 632 377 756 426; x_wconf 85' lang='lat' dir='ltr'><strong>regnis</strong></span> <span class='ocrx_word' id='word_1_36' title='bbox 773 378 925 414; x_wconf 78' lang='lat' dir='ltr'><strong>cessisse</strong></span> <span class='ocrx_word' id='word_1_37' title='bbox 942 378 1107 427; x_wconf 80' lang='lat' dir='ltr'><strong>paternis</strong></span> 
     </span>
     <span class='ocr_line' id='line_1_8' title="bbox 141 435 1054 486; baseline 0.003 -15"><span class='ocrx_word' id='word_1_38' title='bbox 141 436 343 472; x_wconf 78' lang='lat' dir='ltr'><strong>Idomenea</strong></span> <span class='ocrx_word' id='word_1_39' title='bbox 365 435 518 482; x_wconf 88' lang='lat' dir='ltr'><strong>ducem,</strong></span> <span class='ocrx_word' id='word_1_40' title='bbox 540 436 763 486; x_wconf 81' lang='lat' dir='ltr'><strong>desertaque</strong></span> <span class='ocrx_word' id='word_1_41' title='bbox 782 437 895 474; x_wconf 83' lang='lat' dir='ltr'><strong>litora</strong></span> <span class='ocrx_word' id='word_1_42' title='bbox 914 440 1054 482; x_wconf 73' lang='lat' dir='ltr'><strong>Cretae,</strong></span> 
     </span>
     <span class='ocr_line' id='line_1_9' title="bbox 139 494 1123 546; baseline 0.001 -15"><span class='ocrx_word' id='word_1_43' title='bbox 139 497 258 532; x_wconf 84' lang='lat' dir='ltr'><strong>lloste</strong></span> <span class='ocrx_word' id='word_1_44' title='bbox 277 508 411 532; x_wconf 74' lang='lat' dir='ltr'><strong>vacare</strong></span> <span class='ocrx_word' id='word_1_45' title='bbox 429 494 581 543; x_wconf 88' lang='lat' dir='ltr'><strong>domos,</strong></span> <span class='ocrx_word' id='word_1_46' title='bbox 598 496 782 546; x_wconf 83' lang='lat' dir='ltr'><strong>sedesque</strong></span> <span class='ocrx_word' id='word_1_47' title='bbox 799 495 948 533; x_wconf 84' lang='lat' dir='ltr'><strong>adstare</strong></span> <span class='ocrx_word' id='word_1_48' title='bbox 967 496 1123 533; x_wconf 82' lang='lat' dir='ltr'><strong>relictas.</strong></span> 
     </span>
     <span class='ocr_line' id='line_1_10' title="bbox 141 555 1152 608; baseline 0.001 -17"><span class='ocrx_word' id='word_1_49' title='bbox 141 555 362 605; x_wconf 83' lang='lat' dir='ltr'><strong>Linquimus</strong></span> <span class='ocrx_word' id='word_1_50' title='bbox 379 558 548 607; x_wconf 75' lang='lat' dir='ltr'><strong>Ortygiae</strong></span> <span class='ocrx_word' id='word_1_51' title='bbox 566 566 715 607; x_wconf 84' lang='lat' dir='ltr'><strong>portus,</strong></span> <span class='ocrx_word' id='word_1_52' title='bbox 737 557 947 608; x_wconf 80' lang='lat' dir='ltr'>pelagoque</span> <span class='ocrx_word' id='word_1_53' title='bbox 963 556 1152 602; x_wconf 83' lang='lat' dir='ltr'><strong>volamus,</strong></span> 
     </span>
     <span class='ocr_line' id='line_1_11' title="bbox 141 616 1342 668; baseline 0 -16"><span class='ocrx_word' id='word_1_54' title='bbox 141 616 440 666; x_wconf 81' lang='lat' dir='ltr'><strong>Bacchatamque</strong></span> <span class='ocrx_word' id='word_1_55' title='bbox 456 617 559 668; x_wconf 82' lang='lat' dir='ltr'><strong>jugis</strong></span> <span class='ocrx_word' id='word_1_56' title='bbox 576 620 730 665; x_wconf 78' lang='lat' dir='ltr'><strong>Naxon,</strong></span> <span class='ocrx_word' id='word_1_57' title='bbox 752 617 989 667; x_wconf 83' lang='lat' dir='ltr'><strong>viridemque</strong></span> <span class='ocrx_word' id='word_1_58' title='bbox 1009 618 1220 661; x_wconf 83' lang='lat' dir='ltr'><strong>Donusam,</strong></span> <span class='ocrx_word' id='word_1_59' title='bbox 1298 623 1342 647; x_wconf 76' lang='lat'><strong>1²5</strong></span> 
     </span>
    </p>
   </div>
   <div class='ocr_carea' id='block_1_4' title="bbox 135 777 720 2263">
    <p class='ocr_par' dir='ltr' id='par_1_4' title="bbox 140 777 712 817">
     <span class='ocr_line' id='line_1_12' title="bbox 140 777 712 817; baseline 0.005 -11"><span class='ocrx_word' id='word_1_60' title='bbox 140 777 295 817; x_wconf 72' lang='lat' dir='ltr'><strong>geminata</strong></span> <span class='ocrx_word' id='word_1_61' title='bbox 332 779 465 808; x_wconf 81' lang='lat' dir='ltr'><strong>seriores</strong></span> <span class='ocrx_word' id='word_1_62' title='bbox 483 801 490 816; x_wconf 94' lang='lat'>‚</span> <span class='ocrx_word' id='word_1_63' title='bbox 529 779 712 809; x_wconf 83' lang='lat' dir='ltr'><strong>utebantur.</strong></span> 
     </span>
    </p>

    <p class='ocr_par' dir='ltr' id='par_1_5' title="bbox 135 825 720 1795">
     <span class='ocr_line' id='line_1_13' title="bbox 191 825 714 867; baseline 0.006 -14"><span class='ocrx_word' id='word_1_64' title='bbox 191 834 201 853; x_wconf 87' lang='lat'>1</span> <span class='ocrx_word' id='word_1_65' title='bbox 215 825 264 854; x_wconf 84' lang='lat'><strong>18.</strong></span> <span class='ocrx_word' id='word_1_66' title='bbox 280 826 425 854; x_wconf 76' lang='lat' dir='ltr'><strong>Honores</strong></span> <span class='ocrx_word' id='word_1_67' title='bbox 437 848 445 862; x_wconf 87' lang='lat'>‚</span> <span class='ocrx_word' id='word_1_68' title='bbox 462 825 554 855; x_wconf 86' lang='lat' dir='ltr'><strong>docte</strong></span> <span class='ocrx_word' id='word_1_69' title='bbox 572 838 629 867; x_wconf 84' lang='lat' dir='ltr'><strong>pro</strong></span> <span class='ocrx_word' id='word_1_70' title='bbox 653 828 714 856; x_wconf 73' lang='lat' dir='ltr'><strong>vic-</strong></span> 
     </span>
     <span class='ocr_line' id='line_1_14' title="bbox 139 871 714 911; baseline 0.007 -12"><span class='ocrx_word' id='word_1_71' title='bbox 139 871 223 899; x_wconf 82' lang='lat' dir='ltr'><strong>timis</strong></span> <span class='ocrx_word' id='word_1_72' title='bbox 235 893 243 907; x_wconf 90' lang='lat'>,</span> <span class='ocrx_word' id='word_1_73' title='bbox 269 882 341 911; x_wconf 79' lang='lat' dir='ltr'><strong>quae</strong></span> <span class='ocrx_word' id='word_1_74' title='bbox 356 873 389 900; x_wconf 92' lang='lat' dir='ltr'><strong>in</strong></span> <span class='ocrx_word' id='word_1_75' title='bbox 405 871 538 902; x_wconf 83' lang='lat' dir='ltr'><strong>deorum</strong></span> <span class='ocrx_word' id='word_1_76' title='bbox 558 873 714 903; x_wconf 86' lang='lat' dir='ltr'><strong>honorem</strong></span> 
     </span>
     <span class='ocr_line' id='line_1_15' title="bbox 139 918 715 955; baseline 0.007 -10"><span class='ocrx_word' id='word_1_77' title='bbox 139 923 318 947; x_wconf 83' lang='lat' dir='ltr'><strong>mactantur</strong></span> <span class='ocrx_word' id='word_1_78' title='bbox 341 919 375 947; x_wconf 89' lang='lat' dir='ltr'><strong>in</strong></span> <span class='ocrx_word' id='word_1_79' title='bbox 397 918 480 955; x_wconf 80' lang='lat' dir='ltr'><strong>aris,</strong></span> <span class='ocrx_word' id='word_1_80' title='bbox 506 918 544 948; x_wconf 85' lang='lat' dir='ltr'><strong>ad</strong></span> <span class='ocrx_word' id='word_1_81' title='bbox 570 930 646 950; x_wconf 79' lang='lat' dir='ltr'><strong>aras,</strong></span> <span class='ocrx_word' id='word_1_82' title='bbox 669 937 715 942; x_wconf 92' lang='lat'><strong>—</strong></span> 
     </span>
     <span class='ocr_line' id='line_1_16' title="bbox 145 965 714 1006; baseline 0.005 -14"><span class='ocrx_word' id='word_1_83' title='bbox 145 973 156 991; x_wconf 88' lang='lat'>1</span> <span class='ocrx_word' id='word_1_84' title='bbox 169 973 218 1003; x_wconf 86' lang='lat'><strong>19.</strong></span> <span class='ocrx_word' id='word_1_85' title='bbox 249 966 435 1004; x_wconf 68' lang='lat' dir='ltr'><strong>Neptunum</strong></span> <span class='ocrx_word' id='word_1_86' title='bbox 460 972 490 995; x_wconf 92' lang='lat' dir='ltr'><strong>et</strong></span> <span class='ocrx_word' id='word_1_87' title='bbox 526 965 714 1006; x_wconf 78' lang='lat' dir='ltr'><strong>Apollinem</strong></span> 
     </span>
     <span class='ocr_line' id='line_1_17' title="bbox 139 1012 715 1052; baseline 0.005 -13"><span class='ocrx_word' id='word_1_88' title='bbox 139 1012 319 1047; x_wconf 82' lang='lat' dir='ltr'><strong>memorari,</strong></span> <span class='ocrx_word' id='word_1_89' title='bbox 338 1018 488 1052; x_wconf 87' lang='lat' dir='ltr'><strong>tanquam</strong></span> <span class='ocrx_word' id='word_1_90' title='bbox 501 1013 715 1051; x_wconf 84' lang='lat' dir='ltr'><strong>Trojanorum</strong></span> 
     </span>
     <span class='ocr_line' id='line_1_18' title="bbox 138 1055 719 1098; baseline 0.005 -13"><span class='ocrx_word' id='word_1_91' title='bbox 138 1055 214 1086; x_wconf 83' lang='lat' dir='ltr'><strong>deos</strong></span> <span class='ocrx_word' id='word_1_92' title='bbox 232 1057 350 1098; x_wconf 87' lang='lat' dir='ltr'><strong>patrios</strong></span> <span class='ocrx_word' id='word_1_93' title='bbox 362 1080 370 1095; x_wconf 86' lang='lat'><strong><em>‚</em></strong></span> <span class='ocrx_word' id='word_1_94' title='bbox 395 1065 551 1098; x_wconf 83' lang='lat' dir='ltr'><strong>putarunt</strong></span> <span class='ocrx_word' id='word_1_95' title='bbox 568 1059 719 1088; x_wconf 84' lang='lat' dir='ltr'><strong>nonnulli</strong></span> 
     </span>
     <span class='ocr_line' id='line_1_19' title="bbox 140 1104 719 1135; baseline 0.005 -3"><span class='ocrx_word' id='word_1_96' title='bbox 140 1104 223 1132; x_wconf 89' lang='lat' dir='ltr'><strong>iuter</strong></span> <span class='ocrx_word' id='word_1_97' title='bbox 246 1110 377 1135; x_wconf 77' lang='lat' dir='ltr'><strong>veteres,</strong></span> <span class='ocrx_word' id='word_1_98' title='bbox 411 1104 551 1134; x_wconf 67' lang='lat' dir='ltr'><strong>Videtur</strong></span> <span class='ocrx_word' id='word_1_99' title='bbox 577 1112 681 1135; x_wconf 83' lang='lat' dir='ltr'><strong>tamen</strong></span> <span class='ocrx_word' id='word_1_100' title='bbox 703 1116 719 1135; x_wconf 84' lang='lat' dir='ltr'><strong>a</strong></span> 
     </span>
     <span class='ocr_line' id='line_1_20' title="bbox 139 1149 720 1192; baseline 0.007 -14"><span class='ocrx_word' id='word_1_101' title='bbox 139 1156 224 1179; x_wconf 80' lang='lat' dir='ltr'><strong>sorte</strong></span> <span class='ocrx_word' id='word_1_102' title='bbox 237 1149 308 1179; x_wconf 86' lang='lat' dir='ltr'><strong>data</strong></span> <span class='ocrx_word' id='word_1_103' title='bbox 320 1173 328 1187; x_wconf 91' lang='lat'>,</span> <span class='ocrx_word' id='word_1_104' title='bbox 345 1157 377 1180; x_wconf 88' lang='lat' dir='ltr'><strong>et</strong></span> <span class='ocrx_word' id='word_1_105' title='bbox 389 1152 591 1192; x_wconf 83' lang='lat' dir='ltr'><strong>navigatione</strong></span> <span class='ocrx_word' id='word_1_106' title='bbox 605 1153 720 1182; x_wconf 83' lang='lat' dir='ltr'><strong>facien-</strong></span> 
     </span>
     <span class='ocr_line' id='line_1_21' title="bbox 139 1195 714 1238; baseline 0.005 -13"><span class='ocrx_word' id='word_1_107' title='bbox 139 1195 177 1225; x_wconf 87' lang='lat' dir='ltr'><strong>da</strong></span> <span class='ocrx_word' id='word_1_108' title='bbox 195 1206 303 1226; x_wconf 84' lang='lat' dir='ltr'><strong>caussa</strong></span> <span class='ocrx_word' id='word_1_109' title='bbox 321 1195 469 1227; x_wconf 81' lang='lat' dir='ltr'><strong>sacrificii</strong></span> <span class='ocrx_word' id='word_1_110' title='bbox 484 1208 549 1227; x_wconf 84' lang='lat' dir='ltr'><strong>esse</strong></span> <span class='ocrx_word' id='word_1_111' title='bbox 567 1198 714 1238; x_wconf 82' lang='lat' dir='ltr'><strong>petenda.</strong></span> 
     </span>
     <span class='ocr_line' id='line_1_22' title="bbox 138 1243 715 1283; baseline 0.003 -11"><span class='ocrx_word' id='word_1_112' title='bbox 138 1261 183 1265; x_wconf 92' lang='lat'><em>—</em></span> <span class='ocrx_word' id='word_1_113' title='bbox 211 1253 285 1273; x_wconf 82' lang='lat'><strong>120.</strong></span> <span class='ocrx_word' id='word_1_114' title='bbox 315 1243 566 1283; x_wconf 79' lang='lat' dir='ltr'><strong>Tempestatibus</strong></span> <span class='ocrx_word' id='word_1_115' title='bbox 590 1255 715 1274; x_wconf 87' lang='lat' dir='ltr'><strong>sacrum</strong></span> 
     </span>
     <span class='ocr_line' id='line_1_23' title="bbox 137 1288 714 1331; baseline 0.005 -13"><span class='ocrx_word' id='word_1_116' title='bbox 137 1288 208 1319; x_wconf 74' lang='lat' dir='ltr'><strong>{ieri</strong></span> <span class='ocrx_word' id='word_1_117' title='bbox 227 1300 306 1331; x_wconf 86' lang='lat' dir='ltr'><strong>agna</strong></span> <span class='ocrx_word' id='word_1_118' title='bbox 323 1290 501 1320; x_wconf 77' lang='lat' dir='ltr'><strong>videbimus</strong></span> <span class='ocrx_word' id='word_1_119' title='bbox 512 1313 519 1327; x_wconf 92' lang='lat'><strong>‚</strong></span> <span class='ocrx_word' id='word_1_120' title='bbox 534 1290 657 1321; x_wconf 84' lang='lat' dir='ltr'><strong>AEneid.</strong></span> <span class='ocrx_word' id='word_1_121' title='bbox 672 1293 714 1328; x_wconf 90' lang='lat' dir='ltr'><strong>V,</strong></span> 
     </span>
     <span class='ocr_line' id='line_1_24' title="bbox 139 1335 715 1377; baseline 0.002 -12"><span class='ocrx_word' id='word_1_122' title='bbox 139 1346 223 1374; x_wconf 72' lang='lat'><strong>7723</strong></span> <span class='ocrx_word' id='word_1_123' title='bbox 242 1335 329 1376; x_wconf 88' lang='lat' dir='ltr'><strong>quod</strong></span> <span class='ocrx_word' id='word_1_124' title='bbox 343 1343 450 1366; x_wconf 86' lang='lat' dir='ltr'><strong>autem</strong></span> <span class='ocrx_word' id='word_1_125' title='bbox 463 1338 552 1377; x_wconf 87' lang='lat' dir='ltr'><strong>nigra</strong></span> <span class='ocrx_word' id='word_1_126' title='bbox 564 1360 572 1374; x_wconf 93' lang='lat'>,</span> <span class='ocrx_word' id='word_1_127' title='bbox 590 1348 606 1366; x_wconf 93' lang='lat' dir='ltr'><strong>e</strong></span> <span class='ocrx_word' id='word_1_128' title='bbox 625 1344 715 1366; x_wconf 89' lang='lat' dir='ltr'><strong>natu-</strong></span> 
     </span>
     <span class='ocr_line' id='line_1_25' title="bbox 136 1383 712 1423; baseline 0.002 -11"><span class='ocrx_word' id='word_1_129' title='bbox 136 1393 169 1412; x_wconf 87' lang='lat' dir='ltr'><strong>ra</strong></span> <span class='ocrx_word' id='word_1_130' title='bbox 195 1392 306 1412; x_wconf 89' lang='lat' dir='ltr'><strong>earum</strong></span> <span class='ocrx_word' id='word_1_131' title='bbox 333 1383 468 1423; x_wconf 89' lang='lat' dir='ltr'><strong>petitum</strong></span> <span class='ocrx_word' id='word_1_132' title='bbox 480 1405 488 1419; x_wconf 89' lang='lat'>,</span> <span class='ocrx_word' id='word_1_133' title='bbox 519 1383 712 1413; x_wconf 83' lang='lat' dir='ltr'><strong>illustratum</strong></span> 
     </span>
     <span class='ocr_line' id='line_1_26' title="bbox 136 1428 714 1470; baseline 0.002 -12"><span class='ocrx_word' id='word_1_134' title='bbox 136 1435 182 1458; x_wconf 81' lang='lat' dir='ltr'><strong>est</strong></span> <span class='ocrx_word' id='word_1_135' title='bbox 198 1439 213 1458; x_wconf 91' lang='lat' dir='ltr'><strong>a</strong></span> <span class='ocrx_word' id='word_1_136' title='bbox 227 1429 302 1458; x_wconf 76' lang='lat' dir='ltr'><strong>viris</strong></span> <span class='ocrx_word' id='word_1_137' title='bbox 321 1428 423 1458; x_wconf 90' lang='lat' dir='ltr'><strong>doctis</strong></span> <span class='ocrx_word' id='word_1_138' title='bbox 439 1440 479 1458; x_wconf 78' lang='lat' dir='ltr'><strong>ex</strong></span> <span class='ocrx_word' id='word_1_139' title='bbox 496 1429 714 1470; x_wconf 73' lang='lat' dir='ltr'><strong>Aristophanis</strong></span> 
     </span>
     <span class='ocr_line' id='line_1_27' title="bbox 137 1475 714 1517; baseline 0 -12"><span class='ocrx_word' id='word_1_140' title='bbox 137 1476 234 1506; x_wconf 79' lang='lat' dir='ltr'><strong>Ranis</strong></span> <span class='ocrx_word' id='word_1_141' title='bbox 258 1475 320 1513; x_wconf 84' lang='lat'><strong>871</strong></span> <span class='ocrx_word' id='word_1_142' title='bbox 336 1498 344 1512; x_wconf 92' lang='lat'>‚</span> <span class='ocrx_word' id='word_1_143' title='bbox 364 1485 393 1504; x_wconf 82' lang='lat'><strong>2.</strong></span> <span class='ocrx_word' id='word_1_144' title='bbox 420 1475 481 1506; x_wconf 88' lang='lat' dir='ltr'><strong>Sed</strong></span> <span class='ocrx_word' id='word_1_145' title='bbox 503 1482 534 1505; x_wconf 90' lang='lat' dir='ltr'><strong>et</strong></span> <span class='ocrx_word' id='word_1_146' title='bbox 563 1477 714 1517; x_wconf 85' lang='lat' dir='ltr'><strong>Neptuno</strong></span> 
     </span>
     <span class='ocr_line' id='line_1_28' title="bbox 135 1520 714 1564; baseline 0.003 -13"><span class='ocrx_word' id='word_1_147' title='bbox 135 1520 347 1564; x_wconf 68' lang='grc' dir='ltr'>παμμέλανας</span> <span class='ocrx_word' id='word_1_148' title='bbox 363 1520 492 1564; x_wconf 69' lang='grc' dir='ltr'>ταύρους</span> <span class='ocrx_word' id='word_1_149' title='bbox 501 1529 639 1553; x_wconf 84' lang='lat' dir='ltr'><strong>mactant</strong></span> <span class='ocrx_word' id='word_1_150' title='bbox 652 1524 714 1563; x_wconf 79' lang='lat' dir='ltr'><strong>Py-</strong></span> 
     </span>
     <span class='ocr_line' id='line_1_29' title="bbox 135 1568 714 1612; baseline 0.005 -15"><span class='ocrx_word' id='word_1_151' title='bbox 135 1568 171 1597; x_wconf 91' lang='lat' dir='ltr'><strong>lii</strong></span> <span class='ocrx_word' id='word_1_152' title='bbox 186 1568 300 1610; x_wconf 73' lang='lat' dir='ltr'><strong>Odyss.</strong></span> <span class='ocrx_word' id='word_1_153' title='bbox 316 1579 338 1612; x_wconf 79' lang='grc' dir='ltr'>γ</span> <span class='ocrx_word' id='word_1_154' title='bbox 350 1591 358 1605; x_wconf 94' lang='grc'><strong>,</strong></span> <span class='ocrx_word' id='word_1_155' title='bbox 381 1568 412 1599; x_wconf 93' lang='grc'><strong>6.</strong></span> <span class='ocrx_word' id='word_1_156' title='bbox 430 1570 478 1599; x_wconf 90' lang='lat' dir='ltr'><strong>De</strong></span> <span class='ocrx_word' id='word_1_157' title='bbox 497 1570 591 1599; x_wconf 82' lang='lat' dir='ltr'><strong>sacris</strong></span> <span class='ocrx_word' id='word_1_158' title='bbox 607 1571 714 1600; x_wconf 87' lang='lat' dir='ltr'><strong>Vento</strong></span> 
     </span>
     <span class='ocr_line' id='line_1_30' title="bbox 136 1615 711 1656; baseline 0.003 -12"><span class='ocrx_word' id='word_1_159' title='bbox 136 1616 314 1655; x_wconf 78' lang='lat' dir='ltr'><strong>ventisque</strong></span> <span class='ocrx_word' id='word_1_160' title='bbox 329 1615 417 1645; x_wconf 83' lang='lat' dir='ltr'><strong>factis</strong></span> <span class='ocrx_word' id='word_1_161' title='bbox 432 1616 525 1656; x_wconf 89' lang='lat' dir='ltr'><strong>plura</strong></span> <span class='ocrx_word' id='word_1_162' title='bbox 544 1616 597 1646; x_wconf 81' lang='lat' dir='ltr'><strong>dat</strong></span> <span class='ocrx_word' id='word_1_163' title='bbox 613 1616 711 1646; x_wconf 84' lang='lat' dir='ltr'><strong>Cerda</strong></span> 
     </span>
     <span class='ocr_line' id='line_1_31' title="bbox 136 1662 713 1693; baseline 0.003 -3"><span class='ocrx_word' id='word_1_164' title='bbox 136 1672 211 1691; x_wconf 87' lang='lat' dir='ltr'><strong>cum</strong></span> <span class='ocrx_word' id='word_1_165' title='bbox 229 1663 306 1692; x_wconf 90' lang='lat' dir='ltr'><strong>aliis.</strong></span> <span class='ocrx_word' id='word_1_166' title='bbox 320 1662 427 1691; x_wconf 86' lang='lat' dir='ltr'><strong>Verba</strong></span> <span class='ocrx_word' id='word_1_167' title='bbox 443 1673 550 1692; x_wconf 81' lang='lat' dir='ltr'><strong>versus</strong></span> <span class='ocrx_word' id='word_1_168' title='bbox 571 1673 633 1693; x_wconf 88' lang='lat'><strong>120</strong></span> <span class='ocrx_word' id='word_1_169' title='bbox 648 1663 713 1693; x_wconf 83' lang='lat' dir='ltr'><strong>fere</strong></span> 
     </span>
     <span class='ocr_line' id='line_1_32' title="bbox 136 1708 710 1752; baseline 0.005 -15"><span class='ocrx_word' id='word_1_170' title='bbox 136 1708 245 1738; x_wconf 80' lang='lat' dir='ltr'><strong>eadem</strong></span> <span class='ocrx_word' id='word_1_171' title='bbox 258 1715 352 1749; x_wconf 91' lang='lat' dir='ltr'><strong>atque</strong></span> <span class='ocrx_word' id='word_1_172' title='bbox 365 1708 455 1739; x_wconf 85' lang='lat' dir='ltr'><strong>Iliad.</strong></span> <span class='ocrx_word' id='word_1_173' title='bbox 470 1720 492 1752; x_wconf 75' lang='grc' dir='ltr'><strong>’γ</strong></span> <span class='ocrx_word' id='word_1_174' title='bbox 503 1732 511 1747; x_wconf 83' lang='lat'><strong>,</strong></span> <span class='ocrx_word' id='word_1_175' title='bbox 534 1710 595 1739; x_wconf 84' lang='lat'><strong>103</strong></span> <span class='ocrx_word' id='word_1_176' title='bbox 607 1732 616 1746; x_wconf 88' lang='lat'><em>,</em></span> <span class='ocrx_word' id='word_1_177' title='bbox 637 1716 668 1739; x_wconf 89' lang='lat' dir='ltr'><strong>et</strong></span> <span class='ocrx_word' id='word_1_178' title='bbox 680 1720 710 1740; x_wconf 83' lang='lat' dir='ltr'><strong>v.</strong></span> 
     </span>
     <span class='ocr_line' id='line_1_33' title="bbox 142 1758 408 1795; baseline 0.008 -12"><span class='ocrx_word' id='word_1_179' title='bbox 142 1766 152 1783; x_wconf 94' lang='lat'>1</span> <span class='ocrx_word' id='word_1_180' title='bbox 165 1765 204 1795; x_wconf 87' lang='lat'><strong>19</strong></span> <span class='ocrx_word' id='word_1_181' title='bbox 219 1766 259 1785; x_wconf 79' lang='lat' dir='ltr'><strong>ex</strong></span> <span class='ocrx_word' id='word_1_182' title='bbox 273 1758 292 1785; x_wconf 91' lang='grc' dir='ltr'>λ</span> <span class='ocrx_word' id='word_1_183' title='bbox 303 1778 311 1792; x_wconf 90' lang='grc'><strong>,</strong></span> <span class='ocrx_word' id='word_1_184' title='bbox 331 1766 392 1794; x_wconf 83' lang='lat'><strong>727</strong></span> <span class='ocrx_word' id='word_1_185' title='bbox 401 1779 408 1786; x_wconf 89' lang='lat'><strong>.</strong></span> 
     </span>
    </p>

    <p class='ocr_par' dir='ltr' id='par_1_6' title="bbox 135 1802 714 2263">
     <span class='ocr_line' id='line_1_34' title="bbox 186 1802 713 1834; baseline 0.004 -3"><span class='ocrx_word' id='word_1_186' title='bbox 186 1812 198 1831; x_wconf 85' lang='lat'>1</span> <span class='ocrx_word' id='word_1_187' title='bbox 208 1812 224 1831; x_wconf 90' lang='lat'><strong>2</strong></span> <span class='ocrx_word' id='word_1_188' title='bbox 234 1812 316 1832; x_wconf 90' lang='lat'>1—-1</span> <span class='ocrx_word' id='word_1_189' title='bbox 325 1803 378 1832; x_wconf 81' lang='lat'><strong>23.</strong></span> <span class='ocrx_word' id='word_1_190' title='bbox 390 1802 580 1833; x_wconf 87' lang='lat' dir='ltr'><strong>Idomeneus</strong></span> <span class='ocrx_word' id='word_1_191' title='bbox 592 1803 627 1833; x_wconf 89' lang='lat' dir='ltr'><strong>in</strong></span> <span class='ocrx_word' id='word_1_192' title='bbox 641 1803 713 1834; x_wconf 88' lang='lat' dir='ltr'><strong>Cre—</strong></span> 
     </span>
     <span class='ocr_line' id='line_1_35' title="bbox 136 1848 707 1893; baseline 0.005 -16"><span class='ocrx_word' id='word_1_193' title='bbox 136 1854 199 1878; x_wconf 81' lang='lat' dir='ltr'><strong>tam</strong></span> <span class='ocrx_word' id='word_1_194' title='bbox 218 1848 322 1878; x_wconf 78' lang='lat' dir='ltr'><strong>redux</strong></span> <span class='ocrx_word' id='word_1_195' title='bbox 340 1848 441 1879; x_wconf 86' lang='lat' dir='ltr'><strong>faetus</strong></span> <span class='ocrx_word' id='word_1_196' title='bbox 466 1848 519 1890; x_wconf 81' lang='lat' dir='ltr'><strong>(v,</strong></span> <span class='ocrx_word' id='word_1_197' title='bbox 534 1849 649 1890; x_wconf 78' lang='lat' dir='ltr'><strong>OdysS.</strong></span> <span class='ocrx_word' id='word_1_198' title='bbox 664 1861 686 1893; x_wconf 77' lang='grc' dir='ltr'><strong>’γ</strong></span> <span class='ocrx_word' id='word_1_199' title='bbox 698 1873 707 1885; x_wconf 89' lang='grc'><em>,</em></span> 
     </span>
     <span class='ocr_line' id='line_1_36' title="bbox 141 1894 712 1936; baseline 0.004 -12"><span class='ocrx_word' id='word_1_200' title='bbox 141 1905 200 1934; x_wconf 88' lang='lat'><strong>191</strong></span> <span class='ocrx_word' id='word_1_201' title='bbox 215 1919 223 1932; x_wconf 87' lang='lat'><strong>‚</strong></span> <span class='ocrx_word' id='word_1_202' title='bbox 256 1894 343 1936; x_wconf 82' lang='lat'>192)</span> <span class='ocrx_word' id='word_1_203' title='bbox 371 1896 486 1926; x_wconf 89' lang='lat' dir='ltr'><strong>iterum</strong></span> <span class='ocrx_word' id='word_1_204' title='bbox 513 1907 529 1925; x_wconf 90' lang='lat' dir='ltr'><strong>a</strong></span> <span class='ocrx_word' id='word_1_205' title='bbox 557 1897 622 1926; x_wconf 86' lang='lat' dir='ltr'><strong>suis</strong></span> <span class='ocrx_word' id='word_1_206' title='bbox 650 1897 712 1926; x_wconf 79' lang='lat' dir='ltr'><strong>fuit</strong></span> 
     </span>
     <span class='ocr_line' id='line_1_37' title="bbox 136 1942 709 1983; baseline 0.003 -13"><span class='ocrx_word' id='word_1_207' title='bbox 136 1949 265 1972; x_wconf 77' lang='lat' dir='ltr'><strong>exactus</strong></span> <span class='ocrx_word' id='word_1_208' title='bbox 277 1965 285 1978; x_wconf 92' lang='lat'>‚</span> <span class='ocrx_word' id='word_1_209' title='bbox 311 1942 501 1983; x_wconf 79' lang='lat' dir='ltr'><strong>tandemque</strong></span> <span class='ocrx_word' id='word_1_210' title='bbox 513 1965 521 1980; x_wconf 94' lang='lat'>,</span> <span class='ocrx_word' id='word_1_211' title='bbox 549 1949 585 1972; x_wconf 89' lang='lat' dir='ltr'><strong>ut</strong></span> <span class='ocrx_word' id='word_1_212' title='bbox 599 1943 655 1973; x_wconf 85' lang='lat' dir='ltr'><strong>inf.</strong></span> <span class='ocrx_word' id='word_1_213' title='bbox 679 1954 709 1973; x_wconf 83' lang='lat' dir='ltr'><strong>v.</strong></span> 
     </span>
     <span class='ocr_line' id='line_1_38' title="bbox 137 1988 710 2029; baseline 0.005 -13"><span class='ocrx_word' id='word_1_214' title='bbox 137 1994 202 2023; x_wconf 74' lang='lat'><strong>400</strong></span> <span class='ocrx_word' id='word_1_215' title='bbox 219 1988 398 2019; x_wconf 71' lang='lat' dir='ltr'><strong>videbimus</strong></span> <span class='ocrx_word' id='word_1_216' title='bbox 409 2012 417 2026; x_wconf 93' lang='lat'><em>‚</em></span> <span class='ocrx_word' id='word_1_217' title='bbox 434 1990 468 2019; x_wconf 88' lang='lat' dir='ltr'><strong>&#39;m</strong></span> <span class='ocrx_word' id='word_1_218' title='bbox 481 2000 556 2029; x_wconf 88' lang='lat' dir='ltr'><strong>agro</strong></span> <span class='ocrx_word' id='word_1_219' title='bbox 569 1989 710 2020; x_wconf 86' lang='lat' dir='ltr'><strong>Sallenti-</strong></span> 
     </span>
     <span class='ocr_line' id='line_1_39' title="bbox 135 2035 713 2067; baseline 0.003 -5"><span class='ocrx_word' id='word_1_220' title='bbox 135 2044 178 2063; x_wconf 91' lang='lat' dir='ltr'><strong>no</strong></span> <span class='ocrx_word' id='word_1_221' title='bbox 186 2040 334 2064; x_wconf 69' lang='lat' dir='ltr'><strong>extremm</strong></span> <span class='ocrx_word' id='word_1_222' title='bbox 344 2036 443 2065; x_wconf 84' lang='lat' dir='ltr'><strong>Italiae</strong></span> <span class='ocrx_word' id='word_1_223' title='bbox 451 2035 605 2066; x_wconf 88' lang='lat' dir='ltr'><strong>consedit.</strong></span> <span class='ocrx_word' id='word_1_224' title='bbox 612 2039 674 2067; x_wconf 86' lang='lat' dir='ltr'><strong>Res</strong></span> <span class='ocrx_word' id='word_1_225' title='bbox 682 2042 713 2065; x_wconf 82' lang='lat' dir='ltr'><strong>et</strong></span> 
     </span>
     <span class='ocr_line' id='line_1_40' title="bbox 135 2079 712 2117; baseline 0.005 -8"><span class='ocrx_word' id='word_1_226' title='bbox 135 2089 242 2110; x_wconf 82' lang='lat' dir='ltr'><strong>caussa</strong></span> <span class='ocrx_word' id='word_1_227' title='bbox 255 2082 340 2110; x_wconf 85' lang='lat' dir='ltr'><strong>varie</strong></span> <span class='ocrx_word' id='word_1_228' title='bbox 353 2083 387 2112; x_wconf 90' lang='lat' dir='ltr'><strong>in</strong></span> <span class='ocrx_word' id='word_1_229' title='bbox 401 2079 527 2117; x_wconf 65' lang='grc' dir='ltr'><strong>Νόστοις</strong></span> <span class='ocrx_word' id='word_1_230' title='bbox 541 2082 653 2113; x_wconf 85' lang='lat' dir='ltr'><strong>tradita</strong></span> <span class='ocrx_word' id='word_1_231' title='bbox 665 2093 712 2112; x_wconf 85' lang='lat' dir='ltr'><strong>es-</strong></span> 
     </span>
     <span class='ocr_line' id='line_1_41' title="bbox 135 2126 712 2168; baseline 0.007 -13"><span class='ocrx_word' id='word_1_232' title='bbox 135 2137 167 2156; x_wconf 79' lang='lat' dir='ltr'><strong>se</strong></span> <span class='ocrx_word' id='word_1_233' title='bbox 178 2126 320 2164; x_wconf 82' lang='lat' dir='ltr'><strong>videtur3</strong></span> <span class='ocrx_word' id='word_1_234' title='bbox 332 2128 487 2168; x_wconf 86' lang='lat' dir='ltr'><strong>siquidem</strong></span> <span class='ocrx_word' id='word_1_235' title='bbox 498 2129 631 2159; x_wconf 82' lang='lat' dir='ltr'><strong>diversae</strong></span> <span class='ocrx_word' id='word_1_236' title='bbox 642 2139 712 2158; x_wconf 85' lang='lat' dir='ltr'><strong>nar-</strong></span> 
     </span>
     <span class='ocr_line' id='line_1_42' title="bbox 136 2173 713 2205; baseline 0.007 -4"><span class='ocrx_word' id='word_1_237' title='bbox 136 2173 272 2204; x_wconf 82' lang='lat' dir='ltr'><strong>rationes</strong></span> <span class='ocrx_word' id='word_1_238' title='bbox 292 2181 366 2203; x_wconf 83' lang='lat' dir='ltr'><strong>sunt</strong></span> <span class='ocrx_word' id='word_1_239' title='bbox 387 2176 487 2204; x_wconf 75' lang='lat' dir='ltr'><strong>Servii</strong></span> <span class='ocrx_word' id='word_1_240' title='bbox 509 2174 547 2204; x_wconf 87' lang='lat' dir='ltr'><strong>ad</strong></span> <span class='ocrx_word' id='word_1_241' title='bbox 566 2175 654 2205; x_wconf 91' lang='lat' dir='ltr'><strong>hunc</strong></span> <span class='ocrx_word' id='word_1_242' title='bbox 668 2175 713 2205; x_wconf 90' lang='lat' dir='ltr'><strong>lo-</strong></span> 
     </span>
     <span class='ocr_line' id='line_1_43' title="bbox 136 2219 714 2263; baseline 0.005 -14"><span class='ocrx_word' id='word_1_243' title='bbox 136 2228 232 2259; x_wconf 70' lang='lat' dir='ltr'><strong>cum3</strong></span> <span class='ocrx_word' id='word_1_244' title='bbox 267 2219 431 2251; x_wconf 80' lang='lat' dir='ltr'><strong>Strabonis</strong></span> <span class='ocrx_word' id='word_1_245' title='bbox 453 2224 502 2260; x_wconf 79' lang='lat' dir='ltr'><strong>X,</strong></span> <span class='ocrx_word' id='word_1_246' title='bbox 527 2232 599 2263; x_wconf 85' lang='lat' dir='ltr'><strong>pag.</strong></span> <span class='ocrx_word' id='word_1_247' title='bbox 624 2222 714 2262; x_wconf 77' lang='lat'>4803</span> 
     </span>
    </p>
   </div>
   <div class='ocr_carea' id='block_1_5' title="bbox 765 778 1346 2258">
    <p class='ocr_par' dir='ltr' id='par_1_7' title="bbox 767 778 1346 1557">
     <span class='ocr_line' id='line_1_44' title="bbox 769 778 1343 820; baseline 0 -11"><span class='ocrx_word' id='word_1_248' title='bbox 769 779 872 809; x_wconf 81' lang='lat' dir='ltr'><strong>Sehol.</strong></span> <span class='ocrx_word' id='word_1_249' title='bbox 893 778 1007 820; x_wconf 80' lang='lat' dir='ltr'><strong>Odyss.</strong></span> <span class='ocrx_word' id='word_1_250' title='bbox 1028 791 1042 808; x_wconf 89' lang='grc' dir='ltr'>ν</span> <span class='ocrx_word' id='word_1_251' title='bbox 1058 802 1066 816; x_wconf 87' lang='grc'>,</span> <span class='ocrx_word' id='word_1_252' title='bbox 1092 790 1122 810; x_wconf 74' lang='lat' dir='ltr'><strong>v,</strong></span> <span class='ocrx_word' id='word_1_253' title='bbox 1150 780 1226 818; x_wconf 72' lang='lat'><strong>2:39.</strong></span> <span class='ocrx_word' id='word_1_254' title='bbox 1255 779 1343 809; x_wconf 80' lang='lat' dir='ltr'><strong>conf.</strong></span> 
     </span>
     <span class='ocr_line' id='line_1_45' title="bbox 768 825 1342 865; baseline 0.002 -11"><span class='ocrx_word' id='word_1_255' title='bbox 768 827 826 856; x_wconf 86' lang='lat' dir='ltr'><strong>inf.</strong></span> <span class='ocrx_word' id='word_1_256' title='bbox 844 827 909 862; x_wconf 81' lang='lat' dir='ltr'><strong>XI,</strong></span> <span class='ocrx_word' id='word_1_257' title='bbox 939 826 1014 862; x_wconf 69' lang='lat'><strong>264.</strong></span> <span class='ocrx_word' id='word_1_258' title='bbox 1040 827 1130 856; x_wconf 80' lang='lat' dir='ltr'><strong>Alios</strong></span> <span class='ocrx_word' id='word_1_259' title='bbox 1162 825 1234 855; x_wconf 71' lang='lat' dir='ltr'><strong>xide</strong></span> <span class='ocrx_word' id='word_1_260' title='bbox 1260 826 1342 865; x_wconf 77' lang='lat' dir='ltr'><strong>apud</strong></span> 
     </span>
     <span class='ocr_line' id='line_1_46' title="bbox 769 872 1343 909; baseline -0.002 -8"><span class='ocrx_word' id='word_1_261' title='bbox 769 873 959 908; x_wconf 88' lang='lat' dir='ltr'><strong>Meursium,</strong></span> <span class='ocrx_word' id='word_1_262' title='bbox 977 874 1068 902; x_wconf 80' lang='lat' dir='ltr'><strong>Creta</strong></span> <span class='ocrx_word' id='word_1_263' title='bbox 1083 873 1128 901; x_wconf 84' lang='lat'><strong>111</strong></span> <span class='ocrx_word' id='word_1_264' title='bbox 1140 895 1148 909; x_wconf 87' lang='lat'>‚</span> <span class='ocrx_word' id='word_1_265' title='bbox 1176 878 1205 908; x_wconf 73' lang='grc'><strong>4.</strong></span> <span class='ocrx_word' id='word_1_266' title='bbox 1225 872 1343 901; x_wconf 76' lang='lat' dir='ltr'><strong>Adsta-</strong></span> 
     </span>
     <span class='ocr_line' id='line_1_47' title="bbox 769 919 1342 959; baseline -0.002 -11"><span class='ocrx_word' id='word_1_267' title='bbox 769 930 801 948; x_wconf 84' lang='lat' dir='ltr'><strong>re</strong></span> <span class='ocrx_word' id='word_1_268' title='bbox 817 919 960 959; x_wconf 81' lang='lat' dir='ltr'><strong>pleniore</strong></span> <span class='ocrx_word' id='word_1_269' title='bbox 974 930 1028 949; x_wconf 82' lang='lat' dir='ltr'><strong>ore</strong></span> <span class='ocrx_word' id='word_1_270' title='bbox 1042 929 1135 959; x_wconf 83' lang='lat' dir='ltr'><strong>quam</strong></span> <span class='ocrx_word' id='word_1_271' title='bbox 1148 926 1250 955; x_wconf 82' lang='lat' dir='ltr'><strong>stare,</strong></span> <span class='ocrx_word' id='word_1_272' title='bbox 1267 929 1342 948; x_wconf 81' lang='lat' dir='ltr'><strong>esse.</strong></span> 
     </span>
     <span class='ocr_line' id='line_1_48' title="bbox 769 964 1344 1006; baseline -0.002 -11"><span class='ocrx_word' id='word_1_273' title='bbox 769 966 880 1006; x_wconf 88' lang='lat' dir='ltr'><strong>Neque</strong></span> <span class='ocrx_word' id='word_1_274' title='bbox 896 975 971 995; x_wconf 84' lang='lat' dir='ltr'><strong>vero</strong></span> <span class='ocrx_word' id='word_1_275' title='bbox 991 967 1058 995; x_wconf 82' lang='lat' dir='ltr'><strong>sine</strong></span> <span class='ocrx_word' id='word_1_276' title='bbox 1073 965 1207 995; x_wconf 82' lang='lat' dir='ltr'><strong>consilio</strong></span> <span class='ocrx_word' id='word_1_277' title='bbox 1221 965 1288 994; x_wconf 82' lang='lat' dir='ltr'><strong>haec</strong></span> <span class='ocrx_word' id='word_1_278' title='bbox 1306 964 1344 994; x_wconf 89' lang='lat' dir='ltr'><strong>de</strong></span> 
     </span>
     <span class='ocr_line' id='line_1_49' title="bbox 769 1010 1345 1049; baseline 0 -8"><span class='ocrx_word' id='word_1_279' title='bbox 769 1010 941 1041; x_wconf 86' lang='lat' dir='ltr'><strong>Idomeneo</strong></span> <span class='ocrx_word' id='word_1_280' title='bbox 953 1019 1028 1041; x_wconf 91' lang='lat' dir='ltr'><strong>sunt</strong></span> <span class='ocrx_word' id='word_1_281' title='bbox 1039 1011 1155 1049; x_wconf 82' lang='lat' dir='ltr'><strong>adjecta</strong></span> <span class='ocrx_word' id='word_1_282' title='bbox 1167 1021 1174 1041; x_wconf 89' lang='lat'>:</span> <span class='ocrx_word' id='word_1_283' title='bbox 1186 1022 1258 1041; x_wconf 89' lang='lat' dir='ltr'><strong>nam</strong></span> <span class='ocrx_word' id='word_1_284' title='bbox 1272 1011 1345 1041; x_wconf 89' lang='lat' dir='ltr'><strong>alio-</strong></span> 
     </span>
     <span class='ocr_line' id='line_1_50' title="bbox 767 1057 1345 1097; baseline 0.002 -11"><span class='ocrx_word' id='word_1_285' title='bbox 767 1059 825 1097; x_wconf 89' lang='lat' dir='ltr'><strong>qui</strong></span> <span class='ocrx_word' id='word_1_286' title='bbox 852 1059 999 1097; x_wconf 84' lang='lat' dir='ltr'><strong>Trojanis</strong></span> <span class='ocrx_word' id='word_1_287' title='bbox 1022 1058 1146 1089; x_wconf 82' lang='lat' dir='ltr'><strong>Cretam</strong></span> <span class='ocrx_word' id='word_1_288' title='bbox 1176 1057 1262 1087; x_wconf 84' lang='lat' dir='ltr'><strong>adire</strong></span> <span class='ocrx_word' id='word_1_289' title='bbox 1290 1059 1345 1087; x_wconf 76' lang='lat' dir='ltr'><strong>vix</strong></span> 
     </span>
     <span class='ocr_line' id='line_1_51' title="bbox 767 1104 1345 1134; baseline 0 -1"><span class='ocrx_word' id='word_1_290' title='bbox 767 1111 873 1134; x_wconf 87' lang='lat' dir='ltr'><strong>tutum</strong></span> <span class='ocrx_word' id='word_1_291' title='bbox 903 1105 1022 1134; x_wconf 85' lang='lat' dir='ltr'><strong>fuisset.</strong></span> <span class='ocrx_word' id='word_1_292' title='bbox 1043 1121 1091 1127; x_wconf 87' lang='lat'><strong>—-</strong></span> <span class='ocrx_word' id='word_1_293' title='bbox 1120 1104 1193 1133; x_wconf 80' lang='lat'><strong>123.</strong></span> <span class='ocrx_word' id='word_1_294' title='bbox 1224 1105 1345 1134; x_wconf 83' lang='lat' dir='ltr'><strong>Domus</strong></span> 
     </span>
     <span class='ocr_line' id='line_1_52' title="bbox 768 1149 1345 1191; baseline 0.002 -12"><span class='ocrx_word' id='word_1_295' title='bbox 768 1150 891 1190; x_wconf 84' lang='lat' dir='ltr'><strong>aliquot</strong></span> <span class='ocrx_word' id='word_1_296' title='bbox 905 1151 1015 1180; x_wconf 82' lang='lat' dir='ltr'><strong>Heins.</strong></span> <span class='ocrx_word' id='word_1_297' title='bbox 1030 1157 1066 1180; x_wconf 88' lang='lat' dir='ltr'><strong>ut</strong></span> <span class='ocrx_word' id='word_1_298' title='bbox 1079 1149 1142 1180; x_wconf 84' lang='lat' dir='ltr'><strong>fere</strong></span> <span class='ocrx_word' id='word_1_299' title='bbox 1157 1161 1280 1191; x_wconf 84' lang='lat' dir='ltr'><strong>semper</strong></span> <span class='ocrx_word' id='word_1_300' title='bbox 1294 1161 1345 1180; x_wconf 90' lang='lat' dir='ltr'><strong>va-</strong></span> 
     </span>
     <span class='ocr_line' id='line_1_53' title="bbox 768 1196 1346 1236; baseline 0.002 -11"><span class='ocrx_word' id='word_1_301' title='bbox 768 1197 851 1226; x_wconf 88' lang='lat' dir='ltr'><strong>riant</strong></span> <span class='ocrx_word' id='word_1_302' title='bbox 865 1197 974 1236; x_wconf 85' lang='lat' dir='ltr'><strong>scripti</strong></span> <span class='ocrx_word' id='word_1_303' title='bbox 986 1197 1021 1226; x_wconf 87' lang='lat' dir='ltr'><strong>in</strong></span> <span class='ocrx_word' id='word_1_304' title='bbox 1033 1196 1066 1226; x_wconf 90' lang='lat' dir='ltr'><strong>h.</strong></span> <span class='ocrx_word' id='word_1_305' title='bbox 1081 1207 1133 1234; x_wconf 86' lang='lat' dir='ltr'><strong>v.;</strong></span> <span class='ocrx_word' id='word_1_306' title='bbox 1148 1196 1278 1226; x_wconf 87' lang='lat' dir='ltr'><strong>domum</strong></span> <span class='ocrx_word' id='word_1_307' title='bbox 1295 1197 1346 1227; x_wconf 90' lang='lat' dir='ltr'><strong>ali-</strong></span> 
     </span>
     <span class='ocr_line' id='line_1_54' title="bbox 769 1243 1342 1283; baseline 0.005 -12"><span class='ocrx_word' id='word_1_308' title='bbox 769 1250 848 1282; x_wconf 89' lang='lat' dir='ltr'><strong>quot</strong></span> <span class='ocrx_word' id='word_1_309' title='bbox 872 1243 1028 1279; x_wconf 80' lang='lat' dir='ltr'><strong>l&#39;ieriani3</strong></span> <span class='ocrx_word' id='word_1_310' title='bbox 1053 1243 1089 1272; x_wconf 89' lang='lat' dir='ltr'><strong>it.</strong></span> <span class='ocrx_word' id='word_1_311' title='bbox 1114 1243 1224 1283; x_wconf 85' lang='lat' dir='ltr'><strong>fragm.</strong></span> <span class='ocrx_word' id='word_1_312' title='bbox 1239 1245 1342 1275; x_wconf 80' lang='lat' dir='ltr'><strong>Vatic.</strong></span> 
     </span>
     <span class='ocr_line' id='line_1_55' title="bbox 768 1288 1342 1328; baseline 0.007 -11"><span class='ocrx_word' id='word_1_313' title='bbox 768 1289 876 1328; x_wconf 80' lang='lat' dir='ltr'><strong>Atque</strong></span> <span class='ocrx_word' id='word_1_314' title='bbox 900 1299 1024 1318; x_wconf 78' lang='lat' dir='ltr'><strong>vacare</strong></span> <span class='ocrx_word' id='word_1_315' title='bbox 1039 1288 1161 1318; x_wconf 83' lang='lat' dir='ltr'><strong>zulich.</strong></span> <span class='ocrx_word' id='word_1_316' title='bbox 1184 1300 1200 1318; x_wconf 85' lang='lat' dir='ltr'><strong>a</strong></span> <span class='ocrx_word' id='word_1_317' title='bbox 1221 1300 1264 1320; x_wconf 85' lang='lat' dir='ltr'><strong>m.</strong></span> <span class='ocrx_word' id='word_1_318' title='bbox 1281 1300 1342 1321; x_wconf 88' lang='lat' dir='ltr'><strong>sec.</strong></span> 
     </span>
     <span class='ocr_line' id='line_1_56' title="bbox 768 1334 1344 1376; baseline 0.007 -13"><span class='ocrx_word' id='word_1_319' title='bbox 768 1336 868 1364; x_wconf 87' lang='lat' dir='ltr'><strong>Porro</strong></span> <span class='ocrx_word' id='word_1_320' title='bbox 890 1334 964 1364; x_wconf 91' lang='lat' dir='ltr'><strong>libri</strong></span> <span class='ocrx_word' id='word_1_321' title='bbox 991 1342 1021 1364; x_wconf 89' lang='lat' dir='ltr'><strong>et</strong></span> <span class='ocrx_word' id='word_1_322' title='bbox 1042 1336 1238 1376; x_wconf 83' lang='lat' dir='ltr'><strong>grammatici</strong></span> <span class='ocrx_word' id='word_1_323' title='bbox 1266 1337 1344 1367; x_wconf 85' lang='lat' dir='ltr'><strong>olim</strong></span> 
     </span>
     <span class='ocr_line' id='line_1_57' title="bbox 768 1380 1341 1422; baseline 0.007 -12"><span class='ocrx_word' id='word_1_324' title='bbox 768 1380 983 1411; x_wconf 86' lang='lat' dir='ltr'><strong>distinxerunt</strong></span> <span class='ocrx_word' id='word_1_325' title='bbox 1007 1391 1015 1411; x_wconf 90' lang='lat'>:</span> <span class='ocrx_word' id='word_1_326' title='bbox 1040 1381 1229 1422; x_wconf 82' lang='lat' dir='ltr'><strong>desertaque</strong></span> <span class='ocrx_word' id='word_1_327' title='bbox 1257 1382 1278 1413; x_wconf 90' lang='lat' dir='ltr'><strong>I.</strong></span> <span class='ocrx_word' id='word_1_328' title='bbox 1307 1384 1341 1414; x_wconf 87' lang='lat' dir='ltr'><strong>C.</strong></span> 
     </span>
     <span class='ocr_line' id='line_1_58' title="bbox 769 1428 1340 1463; baseline 0.004 -6"><span class='ocrx_word' id='word_1_329' title='bbox 769 1429 885 1463; x_wconf 87' lang='lat' dir='ltr'><strong>Hoste,</strong></span> <span class='ocrx_word' id='word_1_330' title='bbox 903 1439 937 1458; x_wconf 76' lang='lat' dir='ltr'><strong>v.</strong></span> <span class='ocrx_word' id='word_1_331' title='bbox 953 1428 984 1458; x_wconf 87' lang='lat' dir='ltr'><strong>d.</strong></span> <span class='ocrx_word' id='word_1_332' title='bbox 1004 1429 1103 1458; x_wconf 86' lang='lat' dir='ltr'><strong>Possit</strong></span> <span class='ocrx_word' id='word_1_333' title='bbox 1120 1430 1214 1458; x_wconf 85' lang='lat' dir='ltr'><strong>etiam</strong></span> <span class='ocrx_word' id='word_1_334' title='bbox 1229 1428 1340 1459; x_wconf 85' lang='lat' dir='ltr'><strong>distin-</strong></span> 
     </span>
     <span class='ocr_line' id='line_1_59' title="bbox 768 1474 1342 1515; baseline 0.003 -12"><span class='ocrx_word' id='word_1_335' title='bbox 768 1475 822 1515; x_wconf 87' lang='lat' dir='ltr'><strong>gui</strong></span> <span class='ocrx_word' id='word_1_336' title='bbox 837 1484 845 1505; x_wconf 88' lang='lat'>:</span> <span class='ocrx_word' id='word_1_337' title='bbox 860 1474 1050 1515; x_wconf 78' lang='lat' dir='ltr'><strong>desertaque</strong></span> <span class='ocrx_word' id='word_1_338' title='bbox 1065 1474 1087 1504; x_wconf 84' lang='lat' dir='ltr'><strong>l.</strong></span> <span class='ocrx_word' id='word_1_339' title='bbox 1107 1475 1140 1504; x_wconf 80' lang='lat' dir='ltr'><strong>C.</strong></span> <span class='ocrx_word' id='word_1_340' title='bbox 1161 1476 1260 1506; x_wconf 85' lang='lat' dir='ltr'><strong>Hoste</strong></span> <span class='ocrx_word' id='word_1_341' title='bbox 1280 1487 1342 1505; x_wconf 72' lang='grc' dir='ltr'><strong>ὐα-</strong></span> 
     </span>
     <span class='ocr_line' id='line_1_60' title="bbox 768 1521 1068 1557; baseline 0 -7"><span class='ocrx_word' id='word_1_342' title='bbox 768 1531 858 1557; x_wconf 83' lang='lat' dir='ltr'><strong>care,</strong></span> <span class='ocrx_word' id='word_1_343' title='bbox 881 1521 992 1550; x_wconf 85' lang='lat' dir='ltr'><strong>domos</strong></span> <span class='ocrx_word' id='word_1_344' title='bbox 1008 1527 1068 1550; x_wconf 81' lang='lat' dir='ltr'><strong>etc.</strong></span> 
     </span>
    </p>

    <p class='ocr_par' dir='ltr' id='par_1_8' title="bbox 765 1567 1344 2258">
     <span class='ocr_line' id='line_1_61' title="bbox 820 1567 1344 1608; baseline 0.006 -12"><span class='ocrx_word' id='word_1_345' title='bbox 820 1578 831 1596; x_wconf 91' lang='lat'>1</span> <span class='ocrx_word' id='word_1_346' title='bbox 843 1574 895 1604; x_wconf 69' lang='lat'><strong>24.</strong></span> <span class='ocrx_word' id='word_1_347' title='bbox 913 1567 1049 1608; x_wconf 76' lang='lat' dir='ltr'><strong>Ortygia</strong></span> <span class='ocrx_word' id='word_1_348' title='bbox 1066 1577 1168 1597; x_wconf 92' lang='lat' dir='ltr'><strong>unum</strong></span> <span class='ocrx_word' id='word_1_349' title='bbox 1186 1579 1227 1598; x_wconf 79' lang='lat' dir='ltr'><strong>ex</strong></span> <span class='ocrx_word' id='word_1_350' title='bbox 1242 1576 1344 1599; x_wconf 90' lang='lat' dir='ltr'><strong>vetus-</strong></span> 
     </span>
     <span class='ocr_line' id='line_1_62' title="bbox 767 1614 1342 1656; baseline 0.002 -12"><span class='ocrx_word' id='word_1_351' title='bbox 767 1615 807 1644; x_wconf 85' lang='lat' dir='ltr'><strong>tis</strong></span> <span class='ocrx_word' id='word_1_352' title='bbox 830 1614 1017 1645; x_wconf 87' lang='lat' dir='ltr'><strong>nominibus</strong></span> <span class='ocrx_word' id='word_1_353' title='bbox 1041 1614 1137 1644; x_wconf 87' lang='lat' dir='ltr'><strong>Deli:</strong></span> <span class='ocrx_word' id='word_1_354' title='bbox 1155 1615 1220 1645; x_wconf 87' lang='lat' dir='ltr'><strong>vid.</strong></span> <span class='ocrx_word' id='word_1_355' title='bbox 1243 1618 1342 1656; x_wconf 86' lang='lat' dir='ltr'><strong>Span-</strong></span> 
     </span>
     <span class='ocr_line' id='line_1_63' title="bbox 766 1660 1341 1692; baseline 0.003 -2"><span class='ocrx_word' id='word_1_356' title='bbox 766 1661 850 1691; x_wconf 86' lang='lat' dir='ltr'><strong>hem.</strong></span> <span class='ocrx_word' id='word_1_357' title='bbox 878 1661 917 1691; x_wconf 88' lang='lat' dir='ltr'><strong>ad</strong></span> <span class='ocrx_word' id='word_1_358' title='bbox 931 1660 1053 1691; x_wconf 91' lang='lat' dir='ltr'><strong>Callim.</strong></span> <span class='ocrx_word' id='word_1_359' title='bbox 1077 1667 1107 1690; x_wconf 89' lang='lat' dir='ltr'><strong>et</strong></span> <span class='ocrx_word' id='word_1_360' title='bbox 1129 1661 1168 1691; x_wconf 83' lang='lat' dir='ltr'><strong>al.</strong></span> <span class='ocrx_word' id='word_1_361' title='bbox 1194 1662 1341 1692; x_wconf 86' lang='lat' dir='ltr'><strong>Ceterum</strong></span> 
     </span>
     <span class='ocr_line' id='line_1_64' title="bbox 767 1707 1343 1738; baseline 0.002 -1"><span class='ocrx_word' id='word_1_362' title='bbox 767 1707 938 1738; x_wconf 84' lang='lat' dir='ltr'><strong>discessum</strong></span> <span class='ocrx_word' id='word_1_363' title='bbox 962 1709 1069 1737; x_wconf 82' lang='lat' dir='ltr'><strong>AEneae</strong></span> <span class='ocrx_word' id='word_1_364' title='bbox 1089 1709 1233 1738; x_wconf 81' lang='lat' dir='ltr'><strong>ornatius</strong></span> <span class='ocrx_word' id='word_1_365' title='bbox 1256 1708 1343 1738; x_wconf 76' lang='lat' dir='ltr'><strong>exhi·</strong></span> 
     </span>
     <span class='ocr_line' id='line_1_65' title="bbox 767 1754 1341 1796; baseline 0.003 -12"><span class='ocrx_word' id='word_1_366' title='bbox 767 1754 821 1784; x_wconf 90' lang='lat' dir='ltr'><strong>bet</strong></span> <span class='ocrx_word' id='word_1_367' title='bbox 839 1754 934 1786; x_wconf 87' lang='lat' dir='ltr'><strong>Ovid.</strong></span> <span class='ocrx_word' id='word_1_368' title='bbox 953 1756 1031 1784; x_wconf 81' lang='lat' dir='ltr'><strong>Met.</strong></span> <span class='ocrx_word' id='word_1_369' title='bbox 1050 1755 1150 1792; x_wconf 77' lang='lat' dir='ltr'><strong>xm,</strong></span> <span class='ocrx_word' id='word_1_370' title='bbox 1168 1755 1235 1795; x_wconf 88' lang='lat'><strong>679</strong></span> <span class='ocrx_word' id='word_1_371' title='bbox 1252 1766 1320 1796; x_wconf 89' lang='lat' dir='ltr'><strong>sqq.</strong></span> <span class='ocrx_word' id='word_1_372' title='bbox 1333 1778 1341 1792; x_wconf 91' lang='lat'>‚</span> 
     </span>
     <span class='ocr_line' id='line_1_66' title="bbox 767 1801 1342 1841; baseline 0.002 -10"><span class='ocrx_word' id='word_1_373' title='bbox 767 1803 823 1841; x_wconf 72' lang='lat' dir='ltr'><strong>qm*</strong></span> <span class='ocrx_word' id='word_1_374' title='bbox 836 1802 868 1830; x_wconf 89' lang='lat' dir='ltr'><strong>in</strong></span> <span class='ocrx_word' id='word_1_375' title='bbox 884 1801 996 1831; x_wconf 84' lang='lat' dir='ltr'><strong>ceteris</strong></span> <span class='ocrx_word' id='word_1_376' title='bbox 1008 1801 1174 1831; x_wconf 83' lang='lat' dir='ltr'><strong>Maronem</strong></span> <span class='ocrx_word' id='word_1_377' title='bbox 1184 1808 1255 1831; x_wconf 86' lang='lat' dir='ltr'><strong>ante</strong></span> <span class='ocrx_word' id='word_1_378' title='bbox 1268 1812 1342 1832; x_wconf 88' lang='lat' dir='ltr'><strong>ocu-</strong></span> 
     </span>
     <span class='ocr_line' id='line_1_67' title="bbox 765 1847 1340 1885; baseline 0 -7"><span class='ocrx_word' id='word_1_379' title='bbox 765 1848 813 1878; x_wconf 84' lang='lat' dir='ltr'><strong>los</strong></span> <span class='ocrx_word' id='word_1_380' title='bbox 828 1847 939 1885; x_wconf 82' lang='lat' dir='ltr'><strong>habet,</strong></span> <span class='ocrx_word' id='word_1_381' title='bbox 972 1854 1003 1877; x_wconf 91' lang='lat' dir='ltr'><strong>et</strong></span> <span class='ocrx_word' id='word_1_382' title='bbox 1022 1853 1125 1878; x_wconf 86' lang='lat' dir='ltr'><strong>totum</strong></span> <span class='ocrx_word' id='word_1_383' title='bbox 1141 1850 1247 1878; x_wconf 82' lang='lat' dir='ltr'><strong>AEneae</strong></span> <span class='ocrx_word' id='word_1_384' title='bbox 1267 1857 1340 1878; x_wconf 87' lang='lat' dir='ltr'><strong>cur-</strong></span> 
     </span>
     <span class='ocr_line' id='line_1_68' title="bbox 765 1895 1342 1925; baseline -0.002 -1"><span class='ocrx_word' id='word_1_385' title='bbox 765 1905 835 1924; x_wconf 90' lang='lat' dir='ltr'><strong>sum</strong></span> <span class='ocrx_word' id='word_1_386' title='bbox 845 1905 885 1924; x_wconf 84' lang='lat' dir='ltr'><strong>ex</strong></span> <span class='ocrx_word' id='word_1_387' title='bbox 895 1906 932 1925; x_wconf 88' lang='lat' dir='ltr'><strong>eo</strong></span> <span class='ocrx_word' id='word_1_388' title='bbox 942 1895 1247 1925; x_wconf 84' lang='lat' dir='ltr'><strong>mutuatur.-125.</strong></span> <span class='ocrx_word' id='word_1_389' title='bbox 1262 1896 1342 1924; x_wconf 86' lang='lat' dir='ltr'><strong>Bac-</strong></span> 
     </span>
     <span class='ocr_line' id='line_1_69' title="bbox 765 1940 1338 1982; baseline -0.002 -12"><span class='ocrx_word' id='word_1_390' title='bbox 765 1940 977 1982; x_wconf 79' lang='lat' dir='ltr'><strong>chancemque</strong></span> <span class='ocrx_word' id='word_1_391' title='bbox 1007 1941 1096 1971; x_wconf 81' lang='lat' dir='ltr'><strong>Men.</strong></span> <span class='ocrx_word' id='word_1_392' title='bbox 1121 1951 1171 1982; x_wconf 88' lang='lat' dir='ltr'><strong>pr.</strong></span> <span class='ocrx_word' id='word_1_393' title='bbox 1203 1942 1338 1970; x_wconf 76' lang='lat' dir='ltr'><strong>Naxum</strong></span> 
     </span>
     <span class='ocr_line' id='line_1_70' title="bbox 767 1987 1340 2029; baseline -0.002 -12"><span class='ocrx_word' id='word_1_394' title='bbox 767 1988 878 2029; x_wconf 84' lang='lat' dir='ltr'><strong>fragm.</strong></span> <span class='ocrx_word' id='word_1_395' title='bbox 893 1988 996 2018; x_wconf 84' lang='lat' dir='ltr'><strong>Vatic.</strong></span> <span class='ocrx_word' id='word_1_396' title='bbox 1008 2009 1017 2023; x_wconf 91' lang='lat'><strong><em>‚</em></strong></span> <span class='ocrx_word' id='word_1_397' title='bbox 1039 1993 1076 2015; x_wconf 90' lang='lat' dir='ltr'><strong>ut</strong></span> <span class='ocrx_word' id='word_1_398' title='bbox 1092 1997 1167 2017; x_wconf 82' lang='lat' dir='ltr'><strong>mox</strong></span> <span class='ocrx_word' id='word_1_399' title='bbox 1187 1987 1340 2017; x_wconf 85' lang='lat' dir='ltr'><strong>Olearum</strong></span> 
     </span>
     <span class='ocr_line' id='line_1_71' title="bbox 766 2033 1341 2074; baseline 0 -10"><span class='ocrx_word' id='word_1_400' title='bbox 766 2041 797 2064; x_wconf 87' lang='lat' dir='ltr'><strong>et</strong></span> <span class='ocrx_word' id='word_1_401' title='bbox 810 2036 940 2064; x_wconf 85' lang='lat' dir='ltr'><strong>Parum.</strong></span> <span class='ocrx_word' id='word_1_402' title='bbox 955 2034 1068 2063; x_wconf 84' lang='lat' dir='ltr'><strong>Nason</strong></span> <span class='ocrx_word' id='word_1_403' title='bbox 1085 2033 1206 2074; x_wconf 88' lang='lat' dir='ltr'><strong>aliquot</strong></span> <span class='ocrx_word' id='word_1_404' title='bbox 1223 2035 1317 2064; x_wconf 81' lang='lat' dir='ltr'><strong>Pierii</strong></span> <span class='ocrx_word' id='word_1_405' title='bbox 1332 2057 1341 2072; x_wconf 93' lang='lat'>‚</span> 
     </span>
     <span class='ocr_line' id='line_1_72' title="bbox 765 2080 1340 2122; baseline 0.002 -13"><span class='ocrx_word' id='word_1_406' title='bbox 765 2091 861 2121; x_wconf 88' lang='lat' dir='ltr'><strong>quem</strong></span> <span class='ocrx_word' id='word_1_407' title='bbox 877 2080 959 2110; x_wconf 82' lang='lat' dir='ltr'><strong>vide.</strong></span> <span class='ocrx_word' id='word_1_408' title='bbox 975 2080 1143 2118; x_wconf 76' lang='lat' dir='ltr'><strong>Donysam</strong></span> <span class='ocrx_word' id='word_1_409' title='bbox 1157 2080 1252 2122; x_wconf 78' lang='lat' dir='ltr'><strong>vulgo</strong></span> <span class='ocrx_word' id='word_1_410' title='bbox 1266 2080 1340 2122; x_wconf 85' lang='lat' dir='ltr'><strong>legi-</strong></span> 
     </span>
     <span class='ocr_line' id='line_1_73' title="bbox 765 2126 1339 2167; baseline 0 -11"><span class='ocrx_word' id='word_1_411' title='bbox 765 2134 818 2157; x_wconf 87' lang='lat' dir='ltr'><strong>tur</strong></span> <span class='ocrx_word' id='word_1_412' title='bbox 835 2136 842 2156; x_wconf 92' lang='lat'>:</span> <span class='ocrx_word' id='word_1_413' title='bbox 859 2126 913 2156; x_wconf 83' lang='lat' dir='ltr'><strong>sed</strong></span> <span class='ocrx_word' id='word_1_414' title='bbox 936 2127 1102 2156; x_wconf 86' lang='lat' dir='ltr'><strong>Donusam</strong></span> <span class='ocrx_word' id='word_1_415' title='bbox 1119 2126 1242 2167; x_wconf 85' lang='lat' dir='ltr'><strong>aliquot</strong></span> <span class='ocrx_word' id='word_1_416' title='bbox 1256 2127 1339 2166; x_wconf 89' lang='lat' dir='ltr'><strong>ejus-</strong></span> 
     </span>
     <span class='ocr_line' id='line_1_74' title="bbox 766 2172 1338 2209; baseline -0.002 -6"><span class='ocrx_word' id='word_1_417' title='bbox 766 2173 837 2203; x_wconf 88' lang='lat' dir='ltr'><strong>dem</strong></span> <span class='ocrx_word' id='word_1_418' title='bbox 848 2195 856 2209; x_wconf 92' lang='lat'><strong>,</strong></span> <span class='ocrx_word' id='word_1_419' title='bbox 877 2179 913 2203; x_wconf 91' lang='lat' dir='ltr'><strong>ut</strong></span> <span class='ocrx_word' id='word_1_420' title='bbox 930 2173 965 2202; x_wconf 89' lang='lat' dir='ltr'><strong>iu</strong></span> <span class='ocrx_word' id='word_1_421' title='bbox 980 2172 1072 2203; x_wconf 92' lang='lat' dir='ltr'><strong>codd.</strong></span> <span class='ocrx_word' id='word_1_422' title='bbox 1093 2173 1186 2204; x_wconf 87' lang='lat' dir='ltr'><strong>Plinii</strong></span> <span class='ocrx_word' id='word_1_423' title='bbox 1202 2180 1233 2203; x_wconf 85' lang='lat' dir='ltr'><strong>et</strong></span> <span class='ocrx_word' id='word_1_424' title='bbox 1249 2174 1338 2204; x_wconf 88' lang='lat' dir='ltr'><strong>Taci-</strong></span> 
     </span>
     <span class='ocr_line' id='line_1_75' title="bbox 767 2219 1337 2258; baseline -0.004 -6"><span class='ocrx_word' id='word_1_425' title='bbox 767 2221 791 2252; x_wconf 90' lang='lat' dir='ltr'><strong>ti</strong></span> <span class='ocrx_word' id='word_1_426' title='bbox 813 2219 988 2258; x_wconf 80' lang='lat' dir='ltr'><strong>scribitur3</strong></span> <span class='ocrx_word' id='word_1_427' title='bbox 1012 2227 1043 2250; x_wconf 89' lang='lat' dir='ltr'><strong>et</strong></span> <span class='ocrx_word' id='word_1_428' title='bbox 1067 2220 1177 2251; x_wconf 87' lang='lat' dir='ltr'><strong>Graece</strong></span> <span class='ocrx_word' id='word_1_429' title='bbox 1203 2221 1337 2250; x_wconf 67' lang='grc' dir='ltr'>Δονοῦσα</span> 
     </span>
    </p>
   </div>
  </div>
 </body>
</html>
